{"host":"p4v0hquynnreu717","time":1613318454,"event":{"mods":["BaseMod","DeckTracker","Googly Eyes","Minty Spire (QoL Compilation)","Quick Restart","StSLib","SuperFastMode"],"gold_per_floor":[113,113,3,3,17,17,34,66,138,169,23,23,54,64,64,135,135,150,113,113,38,55,55,82,92,92,92,92,102,118,131,131,203,203,219,230,104,116,116,116,144,144,171,171,204,223,256,267,267,267,267,267,13,46,46],"floor_reached":56,"language":"ZHS","playtime":1944,"items_purged":["Defend_P","Strike_P","Defend_P","BowlingBash"],"score":2356,"play_id":"7e12c09d-7346-4eba-b495-0e8a2e4afd53","local_time":"20210215000054","is_ascension_mode":true,"campfire_choices":[{"data":"Eruption","floor":6.0,"key":"SMITH"},{"data":"Worship","floor":12.0,"key":"SMITH"},{"data":"Tantrum","floor":15.0,"key":"SMITH"},{"data":"EmptyMind","floor":23.0,"key":"SMITH"},{"data":"InnerPeace","floor":27.0,"key":"SMITH"},{"data":"Worship","floor":32.0,"key":"SMITH"},{"data":"Establishment","floor":40.0,"key":"SMITH"},{"data":"Adaptation","floor":42.0,"key":"SMITH"},{"data":"Adaptation","floor":44.0,"key":"SMITH"},{"floor":49.0,"key":"RECALL"},{"data":"TalkToTheHand","floor":52.0,"key":"SMITH"}],"circlet_count":0,"master_deck":["AscendersBane","Eruption+1","Vigilance","EmptyMind+1","Worship+1","InnerPeace+1","Tantrum+1","TalkToTheHand+1","Worship+1","Brilliance","Prostrate+1","FearNoEvil+1","Blasphemy+1","Wallop","Adaptation+1","Establishment+1","Adaptation+1","DevaForm"],"relics":["Black Star","Potion Belt","FossilizedHelix","Gremlin Horn","Bag of Marbles","Tiny Chest","Lantern","CloakClasp","Astrolabe","Meat on the Bone","Smiling Mask","PreservedInsect","Toy Ornithopter","Runic Pyramid","Art of War","Nunchaku","Singing Bowl","Bronze Scales","Letter Opener","Centennial Puzzle","Oddly Smooth Stone","Happy Flower","Orichalcum"],"acts_visited":["Exordium","TheCity","TheBeyond","TheEnding"],"potions_floor_usage":[55,55],"damage_taken":[{"damage":4.0,"enemies":"Jaw Worm","floor":1.0,"turns":4.0},{"damage":0.0,"enemies":"Cultist","floor":5.0,"turns":3.0},{"damage":0.0,"enemies":"Small Slimes","floor":7.0,"turns":2.0},{"damage":22.0,"enemies":"3 Sentries","floor":8.0,"turns":6.0},{"damage":8.0,"enemies":"Gremlin Nob","floor":10.0,"turns":4.0},{"damage":0.0,"enemies":"Lagavulin","floor":13.0,"turns":5.0},{"damage":0.0,"enemies":"Exordium Thugs","floor":14.0,"turns":3.0},{"damage":0.0,"enemies":"Slime Boss","floor":16.0,"turns":6.0},{"damage":0.0,"enemies":"2 Thieves","floor":18.0,"turns":2.0},{"damage":1.0,"enemies":"Shell Parasite","floor":22.0,"turns":3.0},{"damage":10.0,"enemies":"Slavers","floor":24.0,"turns":5.0},{"damage":26.0,"enemies":"Shelled Parasite and Fungi","floor":25.0,"turns":2.0},{"damage":0.0,"enemies":"Cultist and Chosen","floor":29.0,"turns":3.0},{"damage":0.0,"enemies":"Sentry and Sphere","floor":30.0,"turns":3.0},{"damage":0.0,"enemies":"3 Cultists","floor":31.0,"turns":2.0},{"damage":0.0,"enemies":"Collector","floor":33.0,"turns":5.0},{"damage":0.0,"enemies":"3 Shapes","floor":35.0,"turns":3.0},{"damage":0.0,"enemies":"Orb Walker","floor":36.0,"turns":2.0},{"damage":0.0,"enemies":"Writhing Mass","floor":38.0,"turns":3.0},{"damage":0.0,"enemies":"Reptomancer","floor":41.0,"turns":3.0},{"damage":22.0,"enemies":"Nemesis","floor":45.0,"turns":3.0},{"damage":0.0,"enemies":"4 Shapes","floor":46.0,"turns":4.0},{"damage":10.0,"enemies":"Giant Head","floor":47.0,"turns":3.0},{"damage":0.0,"enemies":"Transient","floor":48.0,"turns":5.0},{"damage":8.0,"enemies":"Time Eater","floor":50.0,"turns":4.0},{"damage":0.0,"enemies":"Shield and Spear","floor":54.0,"turns":3.0},{"damage":31,"enemies":"The Heart","floor":55,"turns":6}],"seed_played":"6356155344145801674","potions_obtained":[{"floor":1.0,"key":"BlessingOfTheForge"},{"floor":5.0,"key":"GamblersBrew"},{"floor":7.0,"key":"StancePotion"},{"floor":13.0,"key":"Strength Potion"},{"floor":14.0,"key":"LiquidBronze"},{"floor":22.0,"key":"AttackPotion"},{"floor":25.0,"key":"PowerPotion"},{"floor":29.0,"key":"BottledMiracle"},{"floor":41.0,"key":"Explosive Potion"},{"floor":47.0,"key":"BottledMiracle"}],"is_trial":false,"path_per_floor":["M","?","$","?","M","R","M","E","T","E","$","R","E","M","R","B",null,"M","$","?","?","M","R","E","M","T","R","T","M","M","M","R","B",null,"M","M","$","M","?","R","E","R","T","R","E","M","E","M","R","B",null,"R","$","E","B",null],"character_chosen":"WATCHER","items_purchased":["Worship","BowlingBash","Adaptation","Adaptation","Oddly Smooth Stone","ColorlessPotion"],"campfire_rested":0,"item_purchase_floors":[3,11,19,37,53,53],"current_hp_per_floor":[57,50,50,50,50,50,50,28,28,20,20,20,20,20,20,20,56,56,56,56,56,55,55,45,31,31,31,31,43,43,43,43,43,62,62,62,62,67,68,68,68,68,68,68,48,50,42,44,44,51,70,70,70,72,47],"gold":46,"neow_bonus":"BOSS_RELIC","is_daily":false,"chose_seed":false,"campfire_upgraded":10,"win_rate":0.0,"timestamp":1613318454,"path_taken":["M","?","$","?","M","R","M","E","T","E","$","R","E","?","R","BOSS","M","$","?","?","M","R","E","M","T","R","?","?","M","M","R","BOSS","M","M","$","M","?","R","E","R","T","R","E","M","E","M","R","BOSS","R","$","E","BOSS"],"items_purchased_type":["Card","Card","Card","Card","Relic","Potion"],"build_version":"2020-12-22","purchased_purges":4,"victory":true,"max_hp_per_floor":[68,68,68,68,68,68,68,68,68,68,68,68,68,68,68,68,68,68,68,68,68,68,68,68,68,68,68,68,68,68,68,68,68,68,68,68,68,68,68,68,68,68,68,68,70,72,74,76,76,76,76,76,76,78,78],"card_choices":[{"not_picked":["MentalFortress","SashWhip"],"picked":"EmptyMind","floor":1.0},{"not_picked":["DeceiveReality","Worship"],"picked":"InnerPeace","floor":5.0},{"not_picked":["Halt","CutThroughFate"],"picked":"Tantrum","floor":7.0},{"not_picked":["Tantrum","Prostrate","WaveOfTheHand"],"picked":"SKIP","floor":8.0},{"not_picked":["EmptyBody","Crescendo"],"picked":"TalkToTheHand","floor":10.0},{"not_picked":["ThirdEye","CrushJoints"],"picked":"Worship","floor":13.0},{"not_picked":["CarveReality","Evaluate"],"picked":"FearNoEvil","floor":14.0},{"not_picked":["Establishment","ConjureBlade"],"picked":"Brilliance","floor":16.0},{"not_picked":["JustLucky","PathToVictory"],"picked":"Wallop","floor":18.0},{"not_picked":["Swivel","WaveOfTheHand","CrushJoints"],"picked":"SKIP","floor":22.0},{"not_picked":["SashWhip","FlyingSleeves+1","EmptyBody"],"picked":"SKIP","floor":24.0},{"not_picked":["InnerPeace","DeceiveReality","Tantrum"],"picked":"SKIP","floor":25.0},{"not_picked":["PathToVictory","JustLucky","Study"],"picked":"SKIP","floor":29.0},{"not_picked":["PathToVictory","BowlingBash","Prostrate"],"picked":"SKIP","floor":30.0},{"not_picked":["Ragnarok","Indignation+1","CrushJoints"],"picked":"SKIP","floor":31.0},{"not_picked":["Judgement","Brilliance"],"picked":"Establishment","floor":33.0},{"not_picked":["SignatureMove","SashWhip+1","PathToVictory"],"picked":"SKIP","floor":35.0},{"not_picked":["Nirvana","PathToVictory","Prostrate"],"picked":"SKIP","floor":36.0},{"not_picked":["FollowUp","CrushJoints+1","JustLucky"],"picked":"SKIP","floor":38.0},{"not_picked":["ClearTheMind","EmptyBody"],"picked":"DevaForm","floor":41.0},{"not_picked":["EmptyMind","FearNoEvil","FlyingSleeves+1"],"picked":"Singing Bowl","floor":45.0},{"not_picked":["CarveReality","Protect","ClearTheMind"],"picked":"Singing Bowl","floor":46.0},{"not_picked":["PathToVictory","WaveOfTheHand+1","Tantrum"],"picked":"Singing Bowl","floor":47.0},{"not_picked":["BowlingBash","Consecrate","Halt"],"picked":"Singing Bowl","floor":48.0},{"not_picked":["Halt","Prostrate+1","Alpha"],"picked":"Singing Bowl","floor":54.0}],"player_experience":858760,"relics_obtained":[{"floor":8.0,"key":"Potion Belt"},{"floor":8.0,"key":"FossilizedHelix"},{"floor":9.0,"key":"Gremlin Horn"},{"floor":10.0,"key":"Bag of Marbles"},{"floor":10.0,"key":"Tiny Chest"},{"floor":13.0,"key":"Lantern"},{"floor":13.0,"key":"CloakClasp"},{"floor":24.0,"key":"Meat on the Bone"},{"floor":24.0,"key":"Smiling Mask"},{"floor":26.0,"key":"PreservedInsect"},{"floor":28.0,"key":"Toy Ornithopter"},{"floor":41.0,"key":"Art of War"},{"floor":41.0,"key":"Nunchaku"},{"floor":45.0,"key":"Singing Bowl"},{"floor":45.0,"key":"Bronze Scales"},{"floor":47.0,"key":"Letter Opener"},{"floor":47.0,"key":"Centennial Puzzle"},{"floor":54.0,"key":"Happy Flower"},{"floor":54.0,"key":"Orichalcum"}],"event_choices":[{"cards_removed":["Defend_P"],"damage_healed":0.0,"max_hp_gain":0.0,"max_hp_loss":0.0,"gold_gain":0.0,"event_name":"Golden Wing","player_choice":"Card Removal","floor":2.0,"gold_loss":0.0,"damage_taken":7.0},{"cards_removed":["Defend_P"],"damage_healed":0.0,"max_hp_gain":0.0,"max_hp_loss":0.0,"gold_gain":0.0,"event_name":"Bonfire Elementals","player_choice":"Offered Basic","floor":4.0,"gold_loss":0.0,"damage_taken":0.0},{"damage_healed":0.0,"max_hp_gain":0.0,"max_hp_loss":0.0,"gold_gain":0.0,"event_name":"Vampires","player_choice":"Ignored","floor":20.0,"gold_loss":0.0,"damage_taken":0.0},{"cards_removed":["FearNoEvil"],"damage_healed":0.0,"max_hp_gain":0.0,"max_hp_loss":0.0,"gold_gain":0.0,"event_name":"Beggar","player_choice":"Gave Gold","floor":21.0,"gold_loss":75.0,"damage_taken":0.0},{"damage_healed":1.0,"max_hp_gain":0.0,"max_hp_loss":0.0,"gold_gain":0.0,"event_name":"Wheel of Change","player_choice":"Full Heal","floor":39.0,"gold_loss":0.0,"damage_taken":0.0}],"is_beta":false,"boss_relics":[{"not_picked":["Sozu","Cursed Key"],"picked":"Astrolabe"},{"not_picked":["Tiny House","Runic Dome"],"picked":"Runic Pyramid"}],"items_purged_floors":[3,11,37,53],"is_endless":false,"potions_floor_spawned":[1,5,7,13,14,22,25,29,33,36,41,47],"ascension_level":15}}