{"host":"y3h3n3f7seyagppx","time":1613285669,"event":{"mods":["AlwaysNeverKeys","BaseMod","Better Vampires","Colored Powertips","DeckTracker","Emptier Cage","Minty Spire (QoL Compilation)","Permanent Neow","Quick Restart","Rare Cards Sparkle","Relic Sorter","Relic Stats","StSLib","Transform Curses"],"gold_per_floor":[113,127,143,160,160,200,200,231,231,253,253,253],"floor_reached":11,"language":"ENG","playtime":695,"items_purged":[],"score":170,"play_id":"b387cbd2-b77d-41c6-aef0-b7044321d88d","local_time":"20210214015429","is_ascension_mode":true,"campfire_choices":[{"floor":7,"key":"REST"}],"circlet_count":0,"master_deck":["AscendersBane","Strike_G","Strike_G","Strike_G","Strike_G","Strike_G","Defend_G","Defend_G","Defend_G","Defend_G","Defend_G","Survivor","Neutralize","Good Instincts","Caltrops","Flying Knee","Predator","Noxious Fumes","Crippling Poison","Terror"],"relics":["Ring of the Snake","Happy Flower","CeramicFish","Kunai","Matryoshka"],"acts_visited":["Exordium"],"potions_floor_usage":[6,8,8,11],"damage_taken":[{"damage":5,"enemies":"Cultist","floor":1,"turns":5},{"damage":0,"enemies":"2 Louse","floor":2,"turns":4},{"damage":0,"enemies":"Small Slimes","floor":3,"turns":3},{"damage":0,"enemies":"2 Fungi Beasts","floor":4,"turns":4},{"damage":33,"enemies":"Gremlin Nob","floor":6,"turns":5},{"damage":15,"enemies":"Lagavulin","floor":8,"turns":6},{"damage":1,"enemies":"Blue Slaver","floor":10,"turns":5},{"damage":7,"enemies":"3 Sentries","floor":11,"turns":3}],"seed_played":"7234075138490188139","potions_obtained":[{"floor":1,"key":"Explosive Potion"},{"floor":2,"key":"Ancient Potion"},{"floor":6,"key":"GamblersBrew"},{"floor":8,"key":"CunningPotion"}],"is_trial":false,"path_per_floor":["M","M","M","M","?","E","R","E","T","M","E"],"character_chosen":"THE_SILENT","items_purchased":[],"campfire_rested":1,"item_purchase_floors":[],"current_hp_per_floor":[54,54,54,54,36,3,22,7,7,6,0,0],"gold":253,"neow_bonus":"RANDOM_COLORLESS","is_daily":false,"chose_seed":false,"campfire_upgraded":0,"win_rate":0.0,"timestamp":1613285669,"path_taken":["M","?","M","M","?","E","R","E","T","M","E"],"items_purchased_type":[],"build_version":"2020-12-22","purchased_purges":0,"victory":false,"max_hp_per_floor":[66,66,66,66,66,66,66,66,66,66,66,66],"relic_stats":{"Happy Flower":[6],"counters":[8,35],"CeramicFish":18,"Kunai":[3],"obtain_stats":[{"Matryoshka":9,"Happy Flower":5,"CeramicFish":6,"Kunai":8,"Ring of the Snake":0},{"Matryoshka":6,"Happy Flower":4,"CeramicFish":5,"Kunai":6,"Ring of the Snake":0},{"Matryoshka":27,"Happy Flower":16,"CeramicFish":21,"Kunai":27,"Ring of the Snake":0}],"Ring of the Snake":[16]},"card_choices":[{"not_picked":["Purity","Madness"],"picked":"Good Instincts","floor":0},{"not_picked":["Setup","Outmaneuver"],"picked":"Caltrops","floor":1},{"not_picked":["Concentrate","Escape Plan"],"picked":"Flying Knee","floor":2},{"not_picked":["Caltrops","Flying Knee"],"picked":"Predator","floor":3},{"not_picked":["Poisoned Stab","Flying Knee"],"picked":"Noxious Fumes","floor":4},{"not_picked":["Dagger Throw","Underhanded Strike"],"picked":"Crippling Poison","floor":6},{"not_picked":["Caltrops","Distraction","Outmaneuver"],"picked":"SKIP","floor":8},{"not_picked":["Dagger Throw","Noxious Fumes"],"picked":"Terror","floor":10}],"player_experience":22183742,"relics_obtained":[{"floor":6,"key":"CeramicFish"},{"floor":8,"key":"Kunai"},{"floor":9,"key":"Matryoshka"}],"event_choices":[{"damage_healed":0,"gold_gain":0,"player_choice":"Success","damage_taken":18,"relics_obtained":["Happy Flower"],"max_hp_gain":0,"max_hp_loss":0,"event_name":"Scrap Ooze","floor":5,"gold_loss":0}],"is_beta":false,"boss_relics":[],"items_purged_floors":[],"is_endless":false,"potions_floor_spawned":[1,2,6,8],"killed_by":"3 Sentries","ascension_level":20}}