{"host":"eaiphzh066bwqdh7","time":1613265634,"event":{"mods":["BaseMod","Better Note","Halation","Hubris","Minty Spire (QoL Compilation)","Reliquary","Replay The Spire","StSLib"],"gold_per_floor":[112,132,132,132,57,57,76,76,76,76,76,103,3,35,35,35,35],"floor_reached":16,"language":"ENG","playtime":404,"items_purged":["Normality","Strike_B"],"score":157,"play_id":"e5f6af25-65bb-481f-9cf6-93f838089acc","local_time":"20210213202034","is_ascension_mode":true,"campfire_choices":[{"data":"Zap","floor":6,"key":"SMITH"},{"data":"Cold Snap","floor":8,"key":"SMITH"},{"data":"Dualcast","floor":10,"key":"SMITH"},{"data":"Gash","floor":15,"key":"SMITH"}],"circlet_count":0,"master_deck":["Strike_B","Strike_B","Strike_B","Defend_B","Defend_B","Defend_B","Defend_B","Zap+1","Dualcast+1","Leap","Cold Snap+1","Gash+1"],"relics":["Cracked Core","Oddly Smooth Stone","Ring of Peace","Ring of Hypnosis","Ginger","reliquary:Conveyor","reliquary:PorcupineQuills"],"acts_visited":["Exordium"],"potions_floor_usage":[14,16],"damage_taken":[{"damage":1,"enemies":"Jaw Worm","floor":1,"turns":4},{"damage":0,"enemies":"Cultist","floor":2,"turns":3},{"damage":0,"enemies":"Small Slimes","floor":7,"turns":3},{"damage":3,"enemies":"Gremlin Nob","floor":12,"turns":4},{"damage":0,"enemies":"3 Sentries","floor":14,"turns":5},{"damage":83,"enemies":"Fading Forest","floor":16,"turns":9}],"seed_played":"-1363718161772249453","potions_obtained":[{"floor":1,"key":"Weak Potion"},{"floor":7,"key":"EssenceOfDarkness"}],"is_trial":false,"path_per_floor":["M","M","?","T","$","R","M","R","T","R","?","E","$","E","R","B"],"character_chosen":"DEFECT","items_purchased":[],"campfire_rested":0,"item_purchase_floors":[],"current_hp_per_floor":[74,74,74,74,74,74,74,74,74,74,74,71,71,71,71,0,0],"gold":35,"neow_bonus":"RANDOM_COMMON_RELIC","is_daily":false,"chose_seed":false,"campfire_upgraded":4,"win_rate":0.0,"timestamp":1613265634,"path_taken":["M","M","?","?","$","R","M","R","T","R","?","E","?","E","R","BOSS"],"items_purchased_type":[],"build_version":"2020-12-22","purchased_purges":2,"victory":false,"max_hp_per_floor":[75,75,75,75,75,75,75,75,75,75,75,75,75,75,75,75,75],"card_choices":[{"not_picked":["ReplaySolidLightProjector","Coolheaded"],"picked":"Leap","floor":1},{"not_picked":["Go for the Eyes","ReplaySolidLightProjector"],"picked":"Cold Snap","floor":2},{"not_picked":["ReplayTheSpireMod:System Scan","Fusion"],"picked":"Gash","floor":7},{"not_picked":["Barrage","FIFO Queue","ReplayTheSpireMod:Omega Cannon"],"picked":"SKIP","floor":12},{"not_picked":["Panic Button","Sunder","Crystallizer"],"picked":"SKIP","floor":14}],"player_experience":311089,"relics_obtained":[{"floor":3,"key":"Ring of Peace"},{"floor":3,"key":"Ring of Hypnosis"},{"floor":9,"key":"Ginger"},{"floor":12,"key":"reliquary:Conveyor"},{"floor":14,"key":"reliquary:PorcupineQuills"}],"event_choices":[{"damage_healed":0,"gold_gain":0,"player_choice":"Ignored","damage_taken":0,"max_hp_gain":0,"max_hp_loss":0,"event_name":"Liars Game","floor":11,"gold_loss":0}],"is_beta":false,"boss_relics":[],"items_purged_floors":[5,13],"is_endless":false,"potions_floor_spawned":[1,7],"killed_by":"Fading Forest","ascension_level":4}}