{"host":"n6qxj7a4gnapjcui","time":1613303392,"event":{"mods":["2.2 Compatiblity","AchievementEnabler","BaseMod","Colored Map","Minty Spire (QoL Compilation)"],"gold_per_floor":[110,110,110,125,125,157,171,200,253,253,281,300,300,331,331,436,436,451,463,483,497,177,177,177,177],"floor_reached":24,"language":"POL","playtime":1169,"items_purged":["Strike_R"],"score":353,"play_id":"71b29f5c-3838-4cbf-9f9a-ea5b382d390c","local_time":"20210214124952","is_ascension_mode":true,"campfire_choices":[{"data":"Flame Barrier","floor":10,"key":"SMITH"},{"data":"Body Slam","floor":13,"key":"SMITH"},{"data":"Body Slam","floor":15,"key":"SMITH"},{"floor":23,"key":"REST"}],"circlet_count":0,"master_deck":["Strike_R","Strike_R","Strike_R","Defend_R","Defend_R","Defend_R","Defend_R","Bash","Carnage","Flame Barrier+1","Anger","Twin Strike","Headbutt","Body Slam+1","Bloodletting","Body Slam+1","Juggernaut","CurseOfTheBell","Armaments+1","Body Slam+1","Thunderclap"],"relics":["Burning Blood","Letter Opener","Centennial Puzzle","Potion Belt","Calipers","Mercury Hourglass","Calling Bell","Lizard Tail","Singing Bowl","Vajra","Meat on the Bone"],"acts_visited":["Exordium","TheCity"],"potions_floor_usage":[8,11],"damage_taken":[{"damage":5,"enemies":"2 Louse","floor":1,"turns":3},{"damage":7,"enemies":"Jaw Worm","floor":4,"turns":2},{"damage":33,"enemies":"Lagavulin","floor":6,"turns":7},{"damage":0,"enemies":"Small Slimes","floor":7,"turns":2},{"damage":31,"enemies":"Gremlin Nob","floor":8,"turns":4},{"damage":8,"enemies":"3 Sentries","floor":11,"turns":8},{"damage":0,"enemies":"Blue Slaver","floor":12,"turns":3},{"damage":7,"enemies":"Lagavulin","floor":14,"turns":5},{"damage":18,"enemies":"Slime Boss","floor":16,"turns":7},{"damage":23,"enemies":"Shell Parasite","floor":18,"turns":5},{"damage":0,"enemies":"Spheric Guardian","floor":19,"turns":3},{"damage":17,"enemies":"Snecko","floor":20,"turns":6},{"damage":32,"enemies":"Sentry and Sphere","floor":21,"turns":6},{"damage":8,"enemies":"Slavers","floor":24,"turns":2}],"seed_played":"-2697615389210448980","potions_obtained":[{"floor":7,"key":"AttackPotion"},{"floor":8,"key":"HeartOfIron"},{"floor":12,"key":"GamblersBrew"},{"floor":16,"key":"SpeedPotion"},{"floor":20,"key":"Weak Potion"},{"floor":21,"key":"SpeedPotion"}],"is_trial":false,"path_per_floor":["M","?","?","M","?","E","M","E","T","R","E","M","R","E","R","B",null,"M","M","M","M","$","R","E"],"character_chosen":"IRONCLAD","items_purchased":["Meat on the Bone"],"campfire_rested":1,"item_purchase_floors":[22],"current_hp_per_floor":[81,81,86,85,85,58,64,39,39,39,37,43,43,42,42,30,77,60,66,55,31,31,59,51,51],"gold":177,"neow_bonus":"TEN_PERCENT_HP_BONUS","is_daily":false,"chose_seed":false,"campfire_upgraded":3,"win_rate":0.0,"timestamp":1613303392,"path_taken":["M","?","?","M","?","E","M","E","T","R","E","M","R","E","R","BOSS","M","M","M","M","$","R","E"],"items_purchased_type":["Relic"],"build_version":"2020-12-22","purchased_purges":1,"victory":false,"max_hp_per_floor":[88,88,93,93,93,93,93,93,93,93,93,93,93,93,93,93,93,93,93,93,95,95,95,95,95],"card_choices":[{"not_picked":["Clash","Wild Strike"],"picked":"Carnage","floor":1},{"not_picked":["Sentinel","Body Slam"],"picked":"Anger","floor":4},{"not_picked":["Limit Break","Wild Strike"],"picked":"Twin Strike","floor":6},{"not_picked":["Perfected Strike","Anger","Clash"],"picked":"SKIP","floor":7},{"not_picked":["Perfected Strike","Anger","Clash"],"picked":"SKIP","floor":7},{"not_picked":["Hemokinesis","True Grit"],"picked":"Headbutt","floor":8},{"not_picked":["Sword Boomerang","Wild Strike"],"picked":"Body Slam","floor":11},{"not_picked":["Pummel","Searing Blow"],"picked":"Bloodletting","floor":12},{"not_picked":["Warcry","Twin Strike"],"picked":"Body Slam","floor":14},{"not_picked":["Corruption","Bludgeon"],"picked":"Juggernaut","floor":16},{"not_picked":["Flex+1","Twin Strike"],"picked":"Armaments+1","floor":18},{"not_picked":["Wild Strike","Twin Strike+1"],"picked":"Body Slam+1","floor":19},{"not_picked":["Feel No Pain","Flex"],"picked":"Thunderclap","floor":20},{"not_picked":["True Grit","Wild Strike","Whirlwind+1"],"picked":"Singing Bowl","floor":21}],"player_experience":326852,"relics_obtained":[{"floor":6,"key":"Letter Opener"},{"floor":8,"key":"Centennial Puzzle"},{"floor":9,"key":"Potion Belt"},{"floor":11,"key":"Calipers"},{"floor":14,"key":"Mercury Hourglass"},{"floor":17,"key":"Lizard Tail"},{"floor":17,"key":"Singing Bowl"},{"floor":17,"key":"Vajra"}],"event_choices":[{"damage_healed":0,"gold_gain":0,"cards_transformed":["Strike_R"],"player_choice":"Change","damage_taken":0,"max_hp_gain":0,"max_hp_loss":0,"event_name":"Living Wall","floor":2,"gold_loss":0,"cards_obtained":["Flame Barrier"]},{"damage_healed":0,"gold_gain":0,"player_choice":"Donut","damage_taken":0,"max_hp_gain":5,"max_hp_loss":0,"event_name":"Big Fish","floor":3,"gold_loss":0},{"damage_healed":0,"gold_gain":0,"player_choice":"Ignored","damage_taken":0,"max_hp_gain":0,"max_hp_loss":0,"event_name":"Liars Game","floor":5,"gold_loss":0}],"is_beta":false,"boss_relics":[{"not_picked":["Ectoplasm","Velvet Choker"],"picked":"Calling Bell"}],"items_purged_floors":[22],"is_endless":false,"potions_floor_spawned":[7,8,12,16,20,21],"killed_by":"Slavers","ascension_level":9}}