{"host":"raaimkojny05jekw","time":1613275327,"event":{"mods":["AchievementEnabler","BaseMod","Colored Map","Colored Powertips","DeckTracker","Minty Spire (QoL Compilation)","Quick Restart","Rare Cards Sparkle","everything is the same but u backflip on backflip"],"gold_per_floor":[117,117,130,148,0,33,43,43,43,77,77,115,115,134,134,260,260,260,5,5,5,5,5,5,0,0,0,0,0,0,0,0,0,0,0,0,0,0,0,0,0,0],"floor_reached":41,"language":"KOR","playtime":985,"items_purged":["Defend_R","Strike_R"],"score":562,"play_id":"5a501b5a-00b4-4c6b-907c-92e7b85a736c","local_time":"20210214130207","is_ascension_mode":true,"campfire_choices":[{"data":"Body Slam","floor":11,"key":"SMITH"},{"data":"Whirlwind","floor":13,"key":"SMITH"},{"data":"Heavy Blade","floor":15,"key":"SMITH"},{"data":"1","floor":23,"key":"LIFT"},{"data":"Intimidate","floor":28,"key":"SMITH"},{"data":"Brutality","floor":30,"key":"SMITH"},{"data":"Limit Break","floor":32,"key":"SMITH"},{"floor":40,"key":"REST"}],"circlet_count":0,"master_deck":["Strike_R","Strike_R","Strike_R","Strike_R","Defend_R","Defend_R","Defend_R","Bash+1","Clash","Rage","Pommel Strike","Ghostly Armor","Spot Weakness","Brutality+1","Body Slam+1","Whirlwind+1","Heavy Blade+1","Seeing Red","Double Tap","Shrug It Off","Limit Break+1","Intimidate+1","Inflame","Barricade","Evolve+1","True Grit+1","Inflame+1"],"relics":["Burning Blood","Ginger","Golden Idol","Girya","Pocketwatch","Ornamental Fan","Ectoplasm","Darkstone Periapt","Toy Ornithopter","Mark of Pain","Red Mask"],"acts_visited":["Exordium","TheCity","TheBeyond"],"potions_floor_usage":[6,10,10,16,29,33,39,41],"damage_taken":[{"damage":0,"enemies":"Small Slimes","floor":1,"turns":3},{"damage":0,"enemies":"Jaw Worm","floor":3,"turns":3},{"damage":0,"enemies":"2 Louse","floor":4,"turns":2},{"damage":13,"enemies":"Gremlin Nob","floor":6,"turns":3},{"damage":2,"enemies":"2 Fungi Beasts","floor":7,"turns":3},{"damage":12,"enemies":"Lagavulin","floor":10,"turns":4},{"damage":3,"enemies":"Gremlin Nob","floor":12,"turns":3},{"damage":14,"enemies":"Exordium Wildlife","floor":14,"turns":2},{"damage":21,"enemies":"Hexaghost","floor":16,"turns":6},{"damage":0,"enemies":"Chosen","floor":18,"turns":3},{"damage":12,"enemies":"2 Thieves","floor":25,"turns":3},{"damage":18,"enemies":"Snake Plant","floor":29,"turns":3},{"damage":45,"enemies":"Collector","floor":33,"turns":6},{"damage":27,"enemies":"3 Darklings","floor":35,"turns":4},{"damage":20,"enemies":"Orb Walker","floor":36,"turns":4},{"damage":29,"enemies":"Spire Growth","floor":39,"turns":4},{"damage":55,"enemies":"Reptomancer","floor":41,"turns":4}],"seed_played":"-1642583949662000090","potions_obtained":[{"floor":1,"key":"Strength Potion"},{"floor":3,"key":"HeartOfIron"},{"floor":7,"key":"ColorlessPotion"},{"floor":10,"key":"LiquidBronze"},{"floor":14,"key":"DuplicationPotion"},{"floor":18,"key":"Strength Potion"},{"floor":33,"key":"Regen Potion"},{"floor":39,"key":"BlessingOfTheForge"}],"is_trial":false,"path_per_floor":["M","?","M","M","$","E","M","?","T","E","R","E","R","M","R","B",null,"M","$","?","?","?","R","$","M","T","?","R","M","R","T","R","B",null,"M","M","$","?","M","R","E"],"character_chosen":"IRONCLAD","items_purchased":["Spot Weakness","Limit Break"],"campfire_rested":1,"item_purchase_floors":[5,19],"current_hp_per_floor":[78,78,80,80,80,73,77,57,57,51,51,54,54,46,46,31,68,74,74,74,74,74,74,74,68,68,68,68,61,61,61,61,27,67,46,32,32,32,26,50,0,0],"gold":0,"neow_bonus":"THREE_CARDS","is_daily":false,"chose_seed":false,"campfire_upgraded":6,"win_rate":0.0,"timestamp":1613275327,"path_taken":["M","?","M","M","$","E","M","?","T","E","R","E","R","M","R","BOSS","M","$","?","?","?","R","?","M","T","?","R","M","R","?","R","BOSS","M","M","$","?","M","R","E"],"items_purchased_type":["Card","Card"],"build_version":"2020-12-22","purchased_purges":2,"victory":false,"max_hp_per_floor":[80,80,80,80,80,80,80,80,80,80,80,80,80,80,80,80,80,80,80,80,80,80,80,80,80,80,80,80,80,80,80,80,80,80,80,80,80,80,80,80,80,80],"card_choices":[{"not_picked":["Shrug It Off","True Grit"],"picked":"Clash","floor":0},{"not_picked":["Sever Soul","Flex"],"picked":"Rage","floor":1},{"not_picked":["Dual Wield","Rupture"],"picked":"Pommel Strike","floor":3},{"not_picked":["Feel No Pain","Reckless Charge"],"picked":"Ghostly Armor","floor":4},{"not_picked":["Iron Wave","True Grit"],"picked":"Brutality","floor":6},{"not_picked":["Pommel Strike","Warcry"],"picked":"Body Slam","floor":7},{"not_picked":["Body Slam","Searing Blow"],"picked":"Whirlwind","floor":10},{"not_picked":["Wild Strike","Whirlwind"],"picked":"Heavy Blade","floor":12},{"not_picked":["Pummel","Heavy Blade"],"picked":"Seeing Red","floor":14},{"not_picked":["Corruption","Impervious"],"picked":"Double Tap","floor":16},{"not_picked":["Burning Pact","Feel No Pain+1"],"picked":"Shrug It Off","floor":18},{"not_picked":["Pummel","Body Slam"],"picked":"Intimidate","floor":25},{"not_picked":["Wild Strike","Body Slam+1"],"picked":"Inflame","floor":29},{"not_picked":["Corruption","Feed"],"picked":"Barricade","floor":33},{"not_picked":["Iron Wave+1","Dual Wield+1"],"picked":"Evolve+1","floor":35},{"not_picked":["Infernal Blade","Thunderclap+1"],"picked":"True Grit+1","floor":36},{"not_picked":["Iron Wave+1","Twin Strike"],"picked":"Inflame+1","floor":39}],"player_experience":745939,"relics_obtained":[{"floor":6,"key":"Ginger"},{"floor":9,"key":"Girya"},{"floor":10,"key":"Pocketwatch"},{"floor":12,"key":"Ornamental Fan"},{"floor":26,"key":"Toy Ornithopter"}],"event_choices":[{"damage_healed":0,"gold_gain":0,"player_choice":"Grow","damage_taken":0,"max_hp_gain":0,"max_hp_loss":0,"event_name":"Living Wall","floor":2,"gold_loss":0,"cards_upgraded":["Bash"]},{"damage_healed":0,"gold_gain":0,"player_choice":"Take Damage","damage_taken":20,"relics_obtained":["Golden Idol"],"max_hp_gain":0,"max_hp_loss":0,"event_name":"Golden Idol","floor":8,"gold_loss":0},{"damage_healed":0,"gold_gain":0,"player_choice":"Ignored","damage_taken":0,"max_hp_gain":0,"max_hp_loss":0,"event_name":"Ghosts","floor":21,"gold_loss":0},{"damage_healed":0,"gold_gain":0,"player_choice":"Opened","damage_taken":0,"relics_obtained":["Darkstone Periapt"],"max_hp_gain":0,"max_hp_loss":0,"event_name":"The Mausoleum","floor":22,"gold_loss":0},{"damage_healed":0,"gold_gain":0,"player_choice":"Ignored","damage_taken":0,"max_hp_gain":0,"max_hp_loss":0,"event_name":"Vampires","floor":27,"gold_loss":0},{"damage_healed":0,"gold_gain":0,"player_choice":"Paid","damage_taken":0,"relics_obtained":["Red Mask"],"max_hp_gain":0,"max_hp_loss":0,"event_name":"Tomb of Lord Red Mask","floor":38,"gold_loss":0}],"is_beta":false,"boss_relics":[{"not_picked":["SacredBark","Black Blood"],"picked":"Ectoplasm"},{"not_picked":["Tiny House","Velvet Choker"],"picked":"Mark of Pain"}],"items_purged_floors":[5,19],"is_endless":false,"potions_floor_spawned":[1,3,7,10,14,18,33,39],"killed_by":"Reptomancer","ascension_level":6}}