{"host":"y36bp6mnm73x3iob","time":1613295366,"event":{"mods":["2.2 Compatiblity","Aspiration","BaseMod","Bossed Relics","Downfall","GifTheSpireLib","Hermit","Minty Spire (QoL Compilation)","Reliquary","StSLib"],"gold_per_floor":[117,135,310,366,376,376,376],"floor_reached":6,"language":"ENG","playtime":171,"items_purged":[],"score":40,"play_id":"8ae36e80-67e7-49e2-b3d3-29342ca50ecc","local_time":"20210214113606","is_ascension_mode":true,"campfire_choices":[],"circlet_count":0,"master_deck":["hermit:Strike_Hermit","hermit:Strike_Hermit","hermit:Strike_Hermit","hermit:Strike_Hermit","hermit:Defend_Hermit","hermit:Defend_Hermit","hermit:Defend_Hermit","hermit:Defend_Hermit","hermit:Snapshot","hermit:Covet","hermit:CalledShot","hermit:CalledShot","Doubt","hermit:Combo"],"relics":["hermit:Momento","NeowsBlessing"],"acts_visited":["Exordium"],"potions_floor_usage":[6],"damage_taken":[{"damage":0,"enemies":"Cultist","floor":1,"turns":1},{"damage":0,"enemies":"Jaw Worm","floor":2,"turns":1},{"damage":0,"enemies":"2 Louse","floor":5,"turns":1},{"damage":51,"enemies":"3 Sentries","floor":6,"turns":9}],"seed_played":"831070591690802187","potions_obtained":[{"floor":2,"key":"bronze:BurnAndBuffPotion"},{"floor":5,"key":"FearPotion"}],"is_trial":false,"path_per_floor":["M","M","?","?","M","E"],"character_chosen":"HERMIT","items_purchased":[],"campfire_rested":0,"item_purchase_floors":[],"current_hp_per_floor":[75,75,75,75,75,24,24],"gold":376,"neow_bonus":"THREE_ENEMY_KILL","is_daily":false,"chose_seed":false,"campfire_upgraded":0,"win_rate":0.0,"timestamp":1613295366,"path_taken":["M","?","?","?","M","E"],"items_purchased_type":[],"build_version":"2020-12-22","purchased_purges":0,"victory":false,"max_hp_per_floor":[75,75,75,75,75,75,75],"card_choices":[{"not_picked":["hermit:Vantage","hermit:WideOpen"],"picked":"hermit:CalledShot","floor":1},{"not_picked":["hermit:Ricochet","hermit:Midnight"],"picked":"hermit:CalledShot","floor":2},{"not_picked":["hermit:ShadowCloak","hermit:Horror"],"picked":"hermit:Combo","floor":5}],"player_experience":577428,"relics_obtained":[],"event_choices":[{"damage_healed":0,"gold_gain":175,"player_choice":"AGREE","damage_taken":0,"max_hp_gain":0,"max_hp_loss":0,"event_name":"Liars Game","floor":3,"gold_loss":0,"cards_obtained":["Doubt"]},{"damage_healed":0,"gold_gain":56,"player_choice":"Gained Gold","damage_taken":0,"max_hp_gain":0,"max_hp_loss":0,"event_name":"Golden Wing","floor":4,"gold_loss":0}],"is_beta":false,"boss_relics":[],"items_purged_floors":[],"is_endless":false,"potions_floor_spawned":[2,5],"killed_by":"3 Sentries","ascension_level":2}}