{"host":"050ensmz1fh1c58u","time":1613331656,"event":{"mods":["BaseMod","Downfall","Gremlin Mod","Minty Spire (QoL Compilation)","READ ME - Guardian Mod","StSLib","The Animator","The Bug Knight","The Cursed","The Disciple","The Servant 0.9.4"],"gold_per_floor":[99,115,115,115,129,129,154,170,170,204,204,204,239,239,256,351,351,351,367,367,367,377,403,426,445,461,261,261,261,271,32,50,50,50,50],"floor_reached":33,"language":"ENG","playtime":2378,"items_purged":["Guardian:Defend_Guardian"],"score":390,"play_id":"49c95a90-87d2-4be3-ac99-383cd4428725","local_time":"20210214204056","is_ascension_mode":true,"campfire_choices":[{"data":"Guardian:BodySlam","floor":1.0,"key":"SMITH"},{"floor":6.0,"key":"REST"},{"floor":12,"key":"REST"},{"data":"Guardian:BaubleBeam","floor":18,"key":"SMITH"},{"floor":27,"key":"REST"}],"circlet_count":0,"master_deck":["Guardian:Strike_Guardian+1","Guardian:Strike_Guardian+1","Guardian:Strike_Guardian","Guardian:Strike_Guardian+1","Guardian:Defend_Guardian+1","Guardian:Defend_Guardian","Guardian:Defend_Guardian+1","Guardian:CurlUp","Guardian:TwinSlam+1","Guardian:BodySlam+1","Guardian:Orbwalk","Guardian:Gem_Blue","Guardian:ShieldSpikes","Guardian:Gem_Crimson","Guardian:Orbwalk","Guardian:BaubleBeam+1","Guardian:ShieldCharger+1","Guardian:StasisField","Guardian:BodySlam","Guardian:PiercingHide+1","Guardian:FloatingOrbs+1","Guardian:PiercingHide","Guardian:PrismaticBeam","Guardian:FloatingOrbs","Guardian:CrystalBeam+1"],"relics":["Guardian:ModeShifter","Guardian:PickAxe","Whetstone","Prayer Wheel","Akabeko","Kunai","Sozu","Potion Belt","downfall:HeartBlessingGreen","downfall:HeartBlessingBlue","Guardian:DefensiveModeMoreBlock"],"acts_visited":["Exordium","TheCity"],"potions_floor_usage":[10,16,22],"damage_taken":[{"damage":7.0,"enemies":"Jaw Worm","floor":2.0,"turns":3.0},{"damage":17.0,"enemies":"Jaw Worm","floor":3.0,"turns":6.0},{"damage":3.0,"enemies":"2 Louse","floor":5.0,"turns":3.0},{"damage":2,"enemies":"Small Slimes","floor":8,"turns":3},{"damage":15,"enemies":"3 Sentries","floor":10,"turns":5},{"damage":16,"enemies":"Gremlin Nob","floor":13,"turns":4},{"damage":16,"enemies":"Blue Slaver","floor":15,"turns":3},{"damage":36,"enemies":"DF_ARCHETYPE_STREAMLINE","floor":16,"turns":9},{"damage":7,"enemies":"Chosen","floor":19,"turns":6},{"damage":9,"enemies":"3 Byrds","floor":22,"turns":4},{"damage":19,"enemies":"Slavers","floor":23,"turns":7},{"damage":12,"enemies":"Centurion and Healer","floor":25,"turns":5},{"damage":0,"enemies":"3 Cultists","floor":26,"turns":5},{"damage":1,"enemies":"Snecko","floor":30,"turns":4},{"damage":0,"enemies":"downfall:FleeingMerchant","floor":31,"turns":4},{"damage":0,"enemies":"Sentry and Sphere","floor":32,"turns":5},{"damage":48,"enemies":"IC_MUSHROOM_ARCHETYPE","floor":33,"turns":7}],"seed_played":"5261810121306092212","potions_obtained":[{"floor":5.0,"key":"CultistPotion"},{"floor":13,"key":"champ:CounterPotion"},{"floor":15,"key":"LiquidBronze"}],"is_trial":false,"path_per_floor":["R","M","?","?","M","R","T","M","R","E","T","R","E","?","M","B",null,"R","M","?","?","M","E","T","M","M","R","?","?","M","$","M","B"],"character_chosen":"GUARDIAN","items_purchased":["Guardian:DefensiveModeMoreBlock"],"campfire_rested":3,"item_purchase_floors":[31],"current_hp_per_floor":[72,65,42,42,39,63,63,61,61,46,46,70,54,54,38,2,61,61,54,54,54,45,26,26,14,14,51,51,43,42,42,42,0,0,0],"gold":50,"neow_bonus":"THREE_CARDS","is_daily":false,"chose_seed":false,"campfire_upgraded":2,"win_rate":0.0,"timestamp":1613331656,"path_taken":["R","M","?","?","M","R","T","M","R","E","?","R","E","?","M","BOSS","R","M","?","?","M","E","T","?","M","R","?","?","M","$","M","BOSS"],"items_purchased_type":["Relic"],"build_version":"2020-12-22","purchased_purges":1,"victory":false,"max_hp_per_floor":[80,80,80,80,80,80,80,80,80,80,80,80,80,80,80,80,80,80,80,80,80,80,80,80,80,80,90,90,90,90,90,90,90,90,90],"card_choices":[{"not_picked":["Guardian:Gem_Cyan","Guardian:Emergency"],"picked":"Guardian:BodySlam","floor":0.0},{"not_picked":["Guardian:Reroute","Guardian:EvasiveProtocol"],"picked":"Guardian:Gem_White","floor":2.0},{"not_picked":["Guardian:Incinerate","Guardian:BronzeArmor"],"picked":"Guardian:Orbwalk","floor":5.0},{"not_picked":["Guardian:EvasiveProtocol","Guardian:TemporalShield"],"picked":"Guardian:Gem_Blue","floor":8},{"not_picked":["Guardian:Gem_Green","Guardian:Gem_Blue"],"picked":"Guardian:Gem_Crimson","floor":10},{"not_picked":["Guardian:BronzeArmor","Guardian:CompilePackage"],"picked":"Guardian:ShieldSpikes","floor":13},{"not_picked":["Guardian:PrimingBeam","Guardian:FloatingOrbs"],"picked":"Guardian:Gem_Crimson","floor":15},{"not_picked":["Guardian:Planning","Guardian:ArmoredProtocol"],"picked":"Guardian:Orbwalk","floor":15},{"not_picked":["Guardian:StasisField","Guardian:CompilePackage"],"picked":"Guardian:BaubleBeam","floor":16},{"not_picked":["Guardian:Gem_Cyan","Guardian:Orbwalk"],"picked":"Guardian:ShieldCharger+1","floor":19},{"not_picked":["Guardian:TemporalStrike","Guardian:ChargeUp","Guardian:PrimingBeam"],"picked":"SKIP","floor":19},{"not_picked":["Guardian:GuardianWhirl","Guardian:Gem_Blue"],"picked":"Guardian:BodySlam","floor":22},{"not_picked":["Guardian:RefractedBeam","Guardian:ShieldCharger","Guardian:TemporalShield"],"picked":"SKIP","floor":22},{"not_picked":["Guardian:Gem_Fragmented","Guardian:Gem_Lightblue"],"picked":"Guardian:Gem_White","floor":23},{"not_picked":["Guardian:Suspension","Guardian:RollAttack"],"picked":"Guardian:PiercingHide+1","floor":25},{"not_picked":["Guardian:Planning","Guardian:StasisEngine","Guardian:Gem_Red"],"picked":"SKIP","floor":25},{"not_picked":["Guardian:TimeCapacitor","Guardian:Reroute"],"picked":"Guardian:FloatingOrbs+1","floor":26},{"not_picked":["Guardian:Planning","Guardian:FloatingOrbs"],"picked":"Guardian:PiercingHide","floor":26},{"not_picked":["Guardian:Gem_Crimson","Guardian:Gem_Cyan"],"picked":"Guardian:PrismaticBeam","floor":30},{"not_picked":["Guardian:ChargeUp","Guardian:VentSteam","Guardian:EvasiveProtocol"],"picked":"SKIP","floor":30},{"not_picked":["Guardian:ChargeUp","Guardian:VentSteam","Guardian:EvasiveProtocol"],"picked":"SKIP","floor":30},{"not_picked":["Guardian:RollAttack","Guardian:Gem_Green"],"picked":"Guardian:FloatingOrbs","floor":31},{"not_picked":["Guardian:Suspension","Guardian:Recover"],"picked":"Guardian:CrystalBeam+1","floor":32},{"not_picked":["Guardian:PrismaticBarrier","Guardian:TemporalShield","Guardian:BodySlam"],"picked":"SKIP","floor":32}],"player_experience":1626495,"relics_obtained":[{"floor":7.0,"key":"Whetstone"},{"floor":10,"key":"Prayer Wheel"},{"floor":11,"key":"Akabeko"},{"floor":13,"key":"Kunai"},{"floor":23,"key":"Potion Belt"}],"event_choices":[{"damage_healed":0,"gold_gain":0,"player_choice":"Ignored","damage_taken":0,"max_hp_gain":0,"max_hp_loss":0,"event_name":"Vampires","floor":28,"gold_loss":0}],"is_beta":false,"boss_relics":[{"not_picked":["Calling Bell","SlaversCollar"],"picked":"Sozu"}],"items_purged_floors":[31],"is_endless":false,"potions_floor_spawned":[3,5,13,15,19,23,26,30],"killed_by":"IC_MUSHROOM_ARCHETYPE","ascension_level":6}}