{"host":"a1eatafr7pisesky","time":1613305865,"event":{"mods":["AchievementEnabler","BaseMod","Colored Map","Keyboard Shortcuts","Minty Spire (QoL Compilation)","Say the Spire","StSLib","SuperFastMode","everything is the same but u backflip on backflip"],"gold_per_floor":[214,214,225,20,39,66,66,92,92,92,17,51,21,32,32,107,107,126,126,142,159,1,1,1,1,1,28,57,7,7,27,27,111,111,132,146,146,22,22,49,49,86,86,115,125,21,54,68,68,68,68],"floor_reached":50,"language":"KOR","playtime":1682,"items_purged":["Cleave","Barricade+1","Bash+1"],"score":1195,"play_id":"a3da6a18-12ba-4b79-b757-7f2a8d5d3575","local_time":"20210214213105","is_ascension_mode":true,"campfire_choices":[{"floor":7.0,"key":"REST"},{"data":"Feel No Pain","floor":10.0,"key":"SMITH"},{"data":"Battle Trance","floor":15.0,"key":"SMITH"},{"floor":23.0,"key":"REST"},{"floor":30.0,"key":"REST"},{"floor":32.0,"key":"REST"},{"data":"Second Wind","floor":41,"key":"SMITH"},{"floor":49,"key":"RECALL"}],"circlet_count":0,"master_deck":["AscendersBane","Battle Trance+1","Whirlwind+1","Thunderclap+1","Feel No Pain+1","Limit Break+1","Flex+1","Burning Pact+1","Barricade+1","Feel No Pain+1","Offering+1","True Grit+1","Dual Wield+1","Dark Embrace+1","Pummel+1","Offering+1","Shockwave+1","Evolve+1","Power Through+1","Feel No Pain+1","Entrench+1","True Grit+1","Second Wind+1","Sentinel+1"],"relics":["Burning Blood","Chemical X","Smiling Mask","Bag of Marbles","Pantograph","Letter Opener","Pandora\u0027s Box","CeramicFish","Coffee Dripper","Mark of the Bloom","HornCleat","Bottled Flame","Ornamental Fan","MealTicket"],"acts_visited":["Exordium","TheCity","TheBeyond"],"potions_floor_usage":[42,47,47],"damage_taken":[{"damage":0.0,"enemies":"2 Louse","floor":1.0,"turns":2.0},{"damage":9.0,"enemies":"Jaw Worm","floor":3.0,"turns":4.0},{"damage":8.0,"enemies":"Small Slimes","floor":5.0,"turns":2.0},{"damage":36.0,"enemies":"Gremlin Nob","floor":6.0,"turns":4.0},{"damage":26.0,"enemies":"3 Sentries","floor":12.0,"turns":5.0},{"damage":6.0,"enemies":"Looter","floor":14.0,"turns":2.0},{"damage":18.0,"enemies":"Slime Boss","floor":16.0,"turns":6.0},{"damage":40.0,"enemies":"2 Thieves","floor":18.0,"turns":3.0},{"damage":17.0,"enemies":"Chosen","floor":20.0,"turns":4.0},{"damage":13.0,"enemies":"Snecko","floor":21.0,"turns":4.0},{"damage":27.0,"enemies":"Snake Plant","floor":28.0,"turns":4.0},{"damage":34.0,"enemies":"Shelled Parasite and Fungi","floor":31.0,"turns":3.0},{"damage":71.0,"enemies":"Collector","floor":33.0,"turns":9.0},{"damage":55.0,"enemies":"3 Shapes","floor":35.0,"turns":3.0},{"damage":12.0,"enemies":"Orb Walker","floor":36.0,"turns":7.0},{"damage":6,"enemies":"Reptomancer","floor":40,"turns":1},{"damage":18,"enemies":"Nemesis","floor":42,"turns":11},{"damage":12,"enemies":"Reptomancer","floor":44,"turns":6},{"damage":15,"enemies":"Writhing Mass","floor":45,"turns":6},{"damage":6,"enemies":"Sphere and 2 Shapes","floor":47,"turns":2},{"damage":0,"enemies":"Jaw Worm Horde","floor":48,"turns":1},{"damage":23,"enemies":"Time Eater","floor":50,"turns":3}],"seed_played":"-1417870925974804308","potions_obtained":[{"floor":1.0,"key":"Swift Potion"},{"floor":3.0,"key":"ColorlessPotion"},{"floor":21.0,"key":"Strength Potion"},{"floor":31.0,"key":"GamblersBrew"},{"floor":33.0,"key":"Strength Potion"},{"floor":35.0,"key":"Fruit Juice"},{"floor":40,"key":"DistilledChaos"},{"floor":44,"key":"ColorlessPotion"}],"is_trial":false,"path_per_floor":["M","?","M","$","M","E","R","T","T","R","?","E","$","M","R","B",null,"M","?","M","M","$","R","?","?","T","T","M","$","R","M","R","B",null,"M","M","?","$","?","E","R","E","T","E","M","$","M","M","R","B"],"character_chosen":"IRONCLAD","items_purchased":["Chemical X","Whirlwind","Flex","FairyPotion","Evolve","Second Wind","AttackPotion"],"campfire_rested":4,"item_purchase_floors":[4,4,13,22,22,38,46],"current_hp_per_floor":[74,67,64,64,62,32,54,54,54,54,54,34,34,34,34,47,68,34,34,23,16,16,38,38,38,38,38,17,17,39,11,33,28,63,19,80,80,80,80,74,74,56,56,44,29,29,23,23,23,0,0],"gold":68,"neow_bonus":"HUNDRED_GOLD","is_daily":false,"chose_seed":false,"campfire_upgraded":3,"win_rate":0.0,"timestamp":1613305865,"path_taken":["M","?","M","$","M","E","R","?","T","R","?","E","$","M","R","BOSS","M","?","?","M","$","R","?","?","T","?","M","$","R","M","R","BOSS","M","M","?","$","?","E","R","E","T","E","?","$","M","M","R","BOSS"],"items_purchased_type":["Relic","Card","Card","Potion","Card","Card","Potion"],"build_version":"2020-12-22","purchased_purges":3,"victory":false,"max_hp_per_floor":[75,75,75,75,75,75,75,75,75,75,75,75,75,75,75,75,75,75,75,75,75,75,75,75,75,75,75,75,75,75,75,75,75,75,80,80,80,80,80,80,80,80,80,80,80,80,80,80,80,80,80],"card_choices":[{"not_picked":["Burning Pact","Pummel"],"picked":"Cleave","floor":1.0},{"not_picked":["Havoc","Perfected Strike"],"picked":"Battle Trance","floor":3.0},{"not_picked":["Dual Wield","Clash"],"picked":"Thunderclap","floor":5.0},{"not_picked":["Flex","Rampage"],"picked":"Feel No Pain","floor":6.0},{"not_picked":["Rampage","Sever Soul"],"picked":"Limit Break","floor":12.0},{"not_picked":["Reckless Charge","Warcry"],"picked":"Burning Pact","floor":14.0},{"not_picked":["Feed","Demon Form"],"picked":"Barricade","floor":16.0},{"not_picked":["Carnage","Iron Wave","Clothesline+1"],"picked":"SKIP","floor":18.0},{"not_picked":["Whirlwind","Bloodletting","Infernal Blade"],"picked":"SKIP","floor":20.0},{"not_picked":["Whirlwind","Wild Strike+1"],"picked":"Shockwave","floor":21.0},{"not_picked":["Headbutt","Sword Boomerang"],"picked":"Power Through","floor":28.0},{"not_picked":["Evolve","Cleave"],"picked":"Feel No Pain","floor":31.0},{"not_picked":["Clothesline","Rupture+1"],"picked":"True Grit+1","floor":35.0},{"not_picked":["Blood for Blood","True Grit","Perfected Strike+1"],"picked":"SKIP","floor":36.0},{"not_picked":["Bludgeon","Whirlwind+1","True Grit+1"],"picked":"SKIP","floor":40},{"not_picked":["Havoc","Cleave+1"],"picked":"Sentinel+1","floor":42},{"not_picked":["Iron Wave","Clash","Shrug It Off"],"picked":"SKIP","floor":44},{"not_picked":["Perfected Strike","Pommel Strike+1","Sword Boomerang"],"picked":"SKIP","floor":45},{"not_picked":["Metallicize","Sword Boomerang","Berserk"],"picked":"SKIP","floor":47},{"not_picked":["Perfected Strike","Cleave","Heavy Blade"],"picked":"SKIP","floor":48}],"player_experience":452921,"relics_obtained":[{"floor":6.0,"key":"Smiling Mask"},{"floor":8.0,"key":"Bag of Marbles"},{"floor":9.0,"key":"Pantograph"},{"floor":12.0,"key":"Letter Opener"},{"floor":27.0,"key":"CeramicFish"},{"floor":40,"key":"HornCleat"},{"floor":42,"key":"Bottled Flame"},{"floor":43,"key":"Ornamental Fan"},{"floor":44,"key":"MealTicket"}],"event_choices":[{"cards_removed":["Strike_R"],"damage_healed":0.0,"max_hp_gain":0.0,"max_hp_loss":0.0,"gold_gain":0.0,"event_name":"Golden Wing","player_choice":"Card Removal","floor":2.0,"gold_loss":0.0,"damage_taken":7.0},{"cards_removed":["Strike_R"],"damage_healed":0.0,"max_hp_gain":0.0,"max_hp_loss":0.0,"gold_gain":0.0,"event_name":"The Cleric","player_choice":"Card Removal","floor":11.0,"gold_loss":75.0,"damage_taken":0.0},{"damage_healed":0.0,"max_hp_gain":0.0,"max_hp_loss":0.0,"gold_gain":0.0,"event_name":"Duplicator","player_choice":"Copied","floor":19.0,"gold_loss":0.0,"damage_taken":0.0,"cards_obtained":["Offering"]},{"damage_healed":0.0,"max_hp_gain":0.0,"max_hp_loss":0.0,"gold_gain":0.0,"event_name":"Vampires","player_choice":"Ignored","floor":24.0,"gold_loss":0.0,"damage_taken":0.0},{"damage_healed":0.0,"max_hp_gain":0.0,"max_hp_loss":0.0,"gold_gain":0.0,"event_name":"Cursed Tome","player_choice":"Ignored","floor":25.0,"gold_loss":0.0,"damage_taken":0.0},{"damage_healed":0.0,"max_hp_gain":0.0,"max_hp_loss":0.0,"gold_gain":0.0,"event_name":"MindBloom","player_choice":"Upgrade","floor":37.0,"gold_loss":0.0,"damage_taken":0.0,"cards_upgraded":["Bash","Whirlwind","Thunderclap","Limit Break","Flex","Burning Pact","Barricade","Feel No Pain","Offering","True Grit","Dual Wield","Barricade","Dark Embrace","Pummel","Offering","Shockwave","Evolve","Power Through","Feel No Pain"],"relics_obtained":["Mark of the Bloom"]},{"damage_healed":0.0,"max_hp_gain":0.0,"max_hp_loss":0.0,"gold_gain":0.0,"event_name":"SecretPortal","player_choice":"Ignored","floor":39.0,"gold_loss":0.0,"damage_taken":0.0}],"is_beta":false,"boss_relics":[{"not_picked":["Runic Dome","Fusion Hammer"],"picked":"Pandora\u0027s Box"},{"not_picked":["Runic Cube","Philosopher\u0027s Stone"],"picked":"Coffee Dripper"}],"items_purged_floors":[29,38,46],"is_endless":false,"potions_floor_spawned":[1,3,12,14,21,31,33,35,40,44],"killed_by":"Time Eater","ascension_level":19}}