{"host":"kh6fvhxn285ncg0o","time":1613317765,"event":{"mods":["Act Like it!","BaseMod","Colored Map","Friendly Minions","Keyboard Shortcuts","Minty Spire (QoL Compilation)","Quick Restart","Relic Stats","StSLib","SuperFastMode","UnlockEverythingMod"],"gold_per_floor":[118,61,81,94,105,135,37,37,37,37,37,52,62,93,93,189,189,203,128,154,154,166,193,193,226,250,165,175,223,223,241,241,314,314,330,552,566,579,579,608,608,639,693,693,693,724,803,838,850,862,874,886,898,167,200,200],"floor_reached":57,"language":"KOR","playtime":2240,"items_purged":["Headbutt","Perfected Strike"],"score":3532,"play_id":"20f769c9-b079-4e77-859b-cb34fcfa0ddf","local_time":"20210215004925","is_ascension_mode":true,"campfire_choices":[{"data":"Bash","floor":8.0,"key":"SMITH"},{"data":"Flash of Steel","floor":10.0,"key":"SMITH"},{"data":"Anger","floor":15.0,"key":"SMITH"},{"data":"Double Tap","floor":24.0,"key":"SMITH"},{"data":"Battle Trance","floor":30.0,"key":"SMITH"},{"data":"Shockwave","floor":32.0,"key":"SMITH"},{"data":"Dark Embrace","floor":41.0,"key":"SMITH"},{"floor":49.0,"key":"RECALL"},{"data":"Corruption","floor":53.0,"key":"SMITH"}],"circlet_count":0,"master_deck":["AscendersBane","Bash+1","Battle Trance+1","Pommel Strike+1","Disarm","Flash of Steel+1","Shockwave+1","Armaments","Double Tap+1","Shrug It Off","Shrug It Off","Dark Embrace+1","Dropkick","Corruption+1","Brutality+1","Spot Weakness+1","Dual Wield","Feel No Pain+1","Exhume","Dark Shackles","Secret Technique","Exhume","Entrench","Second Wind+1"],"relics":["Empty Cage","Meat on the Bone","Regal Pillow","Bottled Lightning","FossilizedHelix","Pandora\u0027s Box","Red Mask","Nunchaku","Letter Opener","Orichalcum","Sundial","Red Skull","Astrolabe","Oddly Smooth Stone","Torii","Juzu Bracelet","Gambling Chip","Mercury Hourglass","MawBank","Toolbox","Ice Cream","Happy Flower"],"acts_visited":["Exordium","TheCity","TheBeyond","TheEnding"],"potions_floor_usage":[56,56],"damage_taken":[{"damage":2.0,"enemies":"Small Slimes","floor":1.0,"turns":7.0},{"damage":6.0,"enemies":"Cultist","floor":3.0,"turns":3.0},{"damage":8.0,"enemies":"2 Louse","floor":4.0,"turns":4.0},{"damage":20.0,"enemies":"Red Slaver","floor":5.0,"turns":5.0},{"damage":8.0,"enemies":"Gremlin Nob","floor":6.0,"turns":3.0},{"damage":0.0,"enemies":"2 Fungi Beasts","floor":12.0,"turns":3.0},{"damage":13.0,"enemies":"Blue Slaver","floor":13.0,"turns":2.0},{"damage":35.0,"enemies":"3 Sentries","floor":14.0,"turns":7.0},{"damage":0.0,"enemies":"Slime Boss","floor":16.0,"turns":6.0},{"damage":0.0,"enemies":"Chosen","floor":18.0,"turns":4.0},{"damage":16.0,"enemies":"Masked Bandits","floor":20.0,"turns":4.0},{"damage":8.0,"enemies":"2 Thieves","floor":22.0,"turns":3.0},{"damage":11.0,"enemies":"Book of Stabbing","floor":23.0,"turns":4.0},{"damage":21.0,"enemies":"Slavers","floor":25.0,"turns":5.0},{"damage":2.0,"enemies":"Snake Plant","floor":28.0,"turns":6.0},{"damage":11.0,"enemies":"Sentry and Sphere","floor":31.0,"turns":4.0},{"damage":0.0,"enemies":"Champ","floor":33.0,"turns":5.0},{"damage":33.0,"enemies":"3 Shapes","floor":35.0,"turns":4.0},{"damage":11.0,"enemies":"3 Darklings","floor":37.0,"turns":4.0},{"damage":13.0,"enemies":"Sphere and 2 Shapes","floor":38.0,"turns":3.0},{"damage":1.0,"enemies":"Giant Head","floor":40.0,"turns":4.0},{"damage":2.0,"enemies":"Nemesis","floor":42.0,"turns":5.0},{"damage":0.0,"enemies":"Giant Head","floor":46.0,"turns":4.0},{"damage":0.0,"enemies":"Nemesis","floor":48.0,"turns":3.0},{"damage":29.0,"enemies":"Awakened One","floor":50.0,"turns":5.0},{"damage":0.0,"enemies":"Time Eater","floor":51.0,"turns":5.0},{"damage":0.0,"enemies":"Shield and Spear","floor":55.0,"turns":3.0},{"damage":8,"enemies":"The Heart","floor":56,"turns":8}],"seed_played":"-8322774167237496849","potions_obtained":[{"floor":1.0,"key":"DistilledChaos"},{"floor":4.0,"key":"DistilledChaos"},{"floor":6.0,"key":"ColorlessPotion"},{"floor":16.0,"key":"SteroidPotion"},{"floor":22.0,"key":"LiquidMemories"},{"floor":23.0,"key":"CultistPotion"},{"floor":25.0,"key":"Regen Potion"},{"floor":28.0,"key":"Dexterity Potion"},{"floor":35.0,"key":"AttackPotion"},{"floor":37.0,"key":"FairyPotion"},{"floor":42.0,"key":"ElixirPotion"}],"is_trial":false,"path_per_floor":["M","?","M","M","M","E","$","R","T","R","?","M","M","E","R","B",null,"M","$","?","?","M","E","R","E","T","?","M","T","R","M","R","B",null,"M","?","M","M","T","E","R","E","T","?","?","E","T","E","R","B","B",null,"R","$","E","B",null],"character_chosen":"IRONCLAD","items_purchased":["Flash of Steel","Toolbox","Ice Cream","DuplicationPotion","Entrench"],"campfire_rested":0,"item_purchase_floors":[7,54,54,54,54],"current_hp_per_floor":[66,66,60,52,44,48,48,48,48,48,48,48,47,24,24,36,65,65,65,49,28,32,33,33,24,24,24,48,48,48,49,49,49,72,51,51,52,51,51,50,50,48,48,48,38,50,50,50,50,33,45,71,71,71,71,63],"gold":200,"neow_bonus":"BOSS_RELIC","is_daily":false,"chose_seed":false,"campfire_upgraded":8,"win_rate":0.0,"timestamp":1613317765,"path_taken":["M","?","M","?","M","E","$","R","T","R","?","?","M","E","R","BOSS","M","$","?","?","M","E","R","E","T","?","?","?","R","?","R","BOSS","M","?","M","M","?","E","R","E","T","?","?","E","?","E","R","BOSS","BOSS","R","$","E","BOSS"],"items_purchased_type":["Card","Relic","Relic","Potion","Card"],"build_version":"2020-12-22","purchased_purges":2,"victory":true,"max_hp_per_floor":[75,75,75,75,75,75,75,75,75,75,75,75,75,75,75,75,75,75,75,75,80,80,80,80,80,80,80,80,80,80,80,80,80,80,80,80,80,80,80,80,80,80,80,80,80,80,80,80,80,80,80,80,80,80,80,80],"relic_stats":{"Regal Pillow":0,"Torii":0,"Happy Flower":[2],"counters":[28,122],"Astrolabe":["Reckless Charge","Brutality","Spot Weakness"],"Juzu Bracelet":2,"Letter Opener":[295],"Orichalcum":[60],"MawBank":72,"Mercury Hourglass":[93],"Nunchaku":[32],"Sundial":[134],"Gambling Chip":[13],"Pandora\u0027s Box":["Metallicize","Armaments","Iron Wave","Double Tap","Headbutt","Shrug It Off","Shrug It Off"],"obtain_stats":[{"Ice Cream":54,"Regal Pillow":6,"Torii":40,"Happy Flower":55,"Astrolabe":34,"Oddly Smooth Stone":39,"Juzu Bracelet":42,"Letter Opener":25,"Orichalcum":26,"Empty Cage":0,"MawBank":48,"Burning Blood":0,"Mercury Hourglass":47,"Nunchaku":23,"Sundial":27,"Gambling Chip":46,"Toolbox":54,"Pandora\u0027s Box":17,"Red Mask":20,"Bottled Lightning":9,"FossilizedHelix":14,"Red Skull":29,"Meat on the Bone":2},{"Ice Cream":26,"Regal Pillow":5,"Torii":21,"Happy Flower":27,"Astrolabe":17,"Oddly Smooth Stone":20,"Juzu Bracelet":22,"Letter Opener":14,"Orichalcum":14,"Empty Cage":0,"MawBank":24,"Burning Blood":0,"Mercury Hourglass":23,"Nunchaku":13,"Sundial":14,"Gambling Chip":23,"Toolbox":26,"Pandora\u0027s Box":9,"Red Mask":11,"Bottled Lightning":5,"FossilizedHelix":8,"Red Skull":15,"Meat on the Bone":1},{"Ice Cream":111,"Regal Pillow":22,"Torii":90,"Happy Flower":114,"Astrolabe":75,"Oddly Smooth Stone":86,"Juzu Bracelet":95,"Letter Opener":60,"Orichalcum":60,"Empty Cage":0,"MawBank":102,"Burning Blood":0,"Mercury Hourglass":99,"Nunchaku":55,"Sundial":60,"Gambling Chip":99,"Toolbox":111,"Pandora\u0027s Box":40,"Red Mask":48,"Bottled Lightning":22,"FossilizedHelix":34,"Red Skull":66,"Meat on the Bone":7}],"Meat on the Bone":192},"card_choices":[{"not_picked":["Combust","Rampage"],"picked":"Battle Trance","floor":1.0},{"not_picked":["Perfected Strike","Warcry"],"picked":"Pommel Strike","floor":3.0},{"not_picked":["Limit Break","Heavy Blade"],"picked":"Anger","floor":5.0},{"not_picked":["Rampage","Bloodletting"],"picked":"Disarm","floor":6.0},{"not_picked":["Heavy Blade","Headbutt","Reaper"],"picked":"SKIP","floor":12.0},{"not_picked":["Ghostly Armor","Warcry","Dark Embrace"],"picked":"SKIP","floor":13.0},{"not_picked":["Anger","Rupture"],"picked":"Shockwave","floor":14.0},{"not_picked":["Thunderclap","Cleave","Pummel"],"picked":"SKIP","floor":18.0},{"not_picked":["Sever Soul","Havoc","Clothesline"],"picked":"SKIP","floor":22.0},{"not_picked":["Clash","Iron Wave","Heavy Blade"],"picked":"SKIP","floor":23.0},{"not_picked":["Havoc","Metallicize"],"picked":"Dark Embrace","floor":25.0},{"not_picked":["Shrug It Off","Perfected Strike"],"picked":"Dropkick","floor":28.0},{"not_picked":["Iron Wave","Wild Strike","Warcry"],"picked":"SKIP","floor":31.0},{"not_picked":["Double Tap","Exhume"],"picked":"Corruption","floor":33.0},{"not_picked":["Dark Embrace+1","Blood for Blood","Sword Boomerang+1"],"picked":"SKIP","floor":35.0},{"not_picked":["Dropkick","Heavy Blade"],"picked":"Dual Wield","floor":37.0},{"not_picked":["Havoc","Body Slam","Heavy Blade"],"picked":"SKIP","floor":38.0},{"not_picked":["Barricade","Pommel Strike"],"picked":"Feel No Pain+1","floor":40.0},{"not_picked":["Rampage","Sword Boomerang"],"picked":"Exhume","floor":42.0},{"not_picked":["Swift Strike","Jack Of All Trades"],"picked":"Dark Shackles","floor":45.0},{"not_picked":["HandOfGreed","Forethought"],"picked":"Secret Technique","floor":45.0},{"not_picked":["Sword Boomerang","Twin Strike","Heavy Blade"],"picked":"SKIP","floor":46.0},{"not_picked":["Clothesline","Iron Wave"],"picked":"Exhume","floor":48.0},{"not_picked":["Corruption","Rupture+1"],"picked":"Second Wind+1","floor":55.0}],"player_experience":1404166,"relics_obtained":[{"floor":6.0,"key":"Regal Pillow"},{"floor":9.0,"key":"Bottled Lightning"},{"floor":14.0,"key":"FossilizedHelix"},{"floor":20.0,"key":"Red Mask"},{"floor":23.0,"key":"Nunchaku"},{"floor":25.0,"key":"Letter Opener"},{"floor":26.0,"key":"Orichalcum"},{"floor":29.0,"key":"Red Skull"},{"floor":39.0,"key":"Oddly Smooth Stone"},{"floor":40.0,"key":"Torii"},{"floor":42.0,"key":"Juzu Bracelet"},{"floor":46.0,"key":"Gambling Chip"},{"floor":47.0,"key":"Mercury Hourglass"},{"floor":48.0,"key":"MawBank"},{"floor":55.0,"key":"Happy Flower"}],"event_choices":[{"damage_healed":0.0,"max_hp_gain":0.0,"max_hp_loss":0.0,"gold_gain":0.0,"event_name":"WeMeetAgain","player_choice":"Paid Gold","floor":2.0,"gold_loss":57.0,"damage_taken":0.0,"relics_obtained":["Meat on the Bone"]},{"damage_healed":0.0,"max_hp_gain":0.0,"max_hp_loss":0.0,"gold_gain":0.0,"event_name":"Upgrade Shrine","player_choice":"Upgraded","floor":11.0,"gold_loss":0.0,"damage_taken":0.0,"cards_upgraded":["Pommel Strike"]},{"damage_healed":0.0,"max_hp_gain":0.0,"max_hp_loss":0.0,"gold_gain":0.0,"event_name":"Masked Bandits","player_choice":"Fought Bandits","floor":20.0,"gold_loss":0.0,"damage_taken":0.0},{"damage_healed":0.0,"max_hp_gain":5.0,"max_hp_loss":0.0,"gold_gain":0.0,"event_name":"Forgotten Altar","player_choice":"Shed Blood","floor":21.0,"gold_loss":0.0,"damage_taken":26.0},{"damage_healed":0.0,"max_hp_gain":0.0,"max_hp_loss":0.0,"gold_gain":0.0,"event_name":"Addict","player_choice":"Obtained Relic","floor":27.0,"gold_loss":85.0,"damage_taken":0.0,"relics_obtained":["Sundial"]},{"damage_healed":0.0,"max_hp_gain":0.0,"max_hp_loss":0.0,"gold_gain":222.0,"event_name":"Tomb of Lord Red Mask","player_choice":"Wore Mask","floor":36.0,"gold_loss":0.0,"damage_taken":0.0},{"damage_healed":0.0,"max_hp_gain":0.0,"max_hp_loss":0.0,"gold_gain":0.0,"cards_transformed":["Reckless Charge"],"event_name":"Transmorgrifier","player_choice":"Transformed","floor":44.0,"gold_loss":0.0,"damage_taken":0.0,"cards_obtained":["Perfected Strike"]},{"damage_healed":0.0,"max_hp_gain":0.0,"max_hp_loss":0.0,"gold_gain":0.0,"event_name":"SensoryStone","player_choice":"Memory 3","floor":45.0,"gold_loss":0.0,"damage_taken":10.0}],"is_beta":false,"boss_relics":[{"not_picked":["Sozu","Philosopher\u0027s Stone"],"picked":"Pandora\u0027s Box"},{"not_picked":["Velvet Choker","Runic Cube"],"picked":"Astrolabe"}],"items_purged_floors":[19,54],"is_endless":false,"potions_floor_spawned":[1,4,6,16,18,22,23,25,28,35,37,42,48],"ascension_level":20}}