{"host":"b2j09bgckbzjrujr","time":1613307950,"event":{"mods":["AchievementEnabler","Aspiration","BaseMod","BetterRewards","Colored Map","Colored Powertips","Conspire","Friendly Minions","Infinite Spire","Marisa£®ÏF”Í°°ƒß¿Ì…≥£©","Minty Spire (QoL Compilation)","Quick Restart","Rare Cards Sparkle","Reimu£®≤©¿ˆ¡È√Œ£©","Remilia£®¿Ÿ√◊¿Ú—«£©","Replay The Spire","Shop Mod","StSLib","SuperFastMode","TestMod","The Cursed","The Jungle","The Servant 0.9.4","Waifu the Spire","Youmu£®ªÍ∆«—˝√Œ£©","Yuyuko","[IsaacMod]“‘»ˆº‚À˛","°æπ¶ƒ‹Mod°øªÏ„Á÷Æª∑–ﬁ∏¥≤π∂°"],"gold_per_floor":[115,190,190,205,229,229,255,255,300,300,11,39,54,72,72,167,167,182,182,50,64,81,81,81],"floor_reached":23,"language":"ZHS","playtime":921,"items_purged":[],"score":611,"play_id":"4b5fe9da-d8e0-4f05-84c5-9110b6c97aa6","local_time":"20210214210550","is_ascension_mode":true,"campfire_choices":[{"floor":6,"key":"REST"},{"floor":8,"key":"REST"},{"floor":10,"key":"REST"},{"data":"Limit Break","floor":15,"key":"SMITH"}],"circlet_count":0,"master_deck":["AscendersBane","Defend_R","Defend_R","Defend_R","Defend_R","Bash","BloodyBrimstone","Pride","testmod-Lust","testmod-Wrath","testmod-Sloth","testmod-Envy","testmod-Greed","testmod-Gluttony","testmod-Gluttony","Limit Break+1","Limit Break","Bite","Bite","Bite","Bite","Bite"],"relics":["Burning Blood","testmod-TestBox","HushsDoor","testmod-SevenDeadlySins","Du-Vu Doll","Darkstone Periapt","Blue Candle","Chaos","conspire:SpecialSausage","MerchantsRug","Red Skull","testmod-Fortitude","infinitespire:WardingShard","testmod-EqualTreatment","Bronze Scales","Torii","MealTicket","Replay:Rubber Ducky","MegaBlast","Lizard Tail"],"acts_visited":["Exordium","TheCity"],"potions_floor_usage":[7],"damage_taken":[{"damage":0,"enemies":"2 Louse","floor":1,"turns":1},{"damage":7,"enemies":"Jaw Worm","floor":4,"turns":2},{"damage":50,"enemies":"3 Sentries","floor":7,"turns":6},{"damage":18,"enemies":"Gremlin Nob","floor":12,"turns":3},{"damage":4,"enemies":"Cultist","floor":13,"turns":2},{"damage":0,"enemies":"Gremlin Gang","floor":14,"turns":1},{"damage":82,"enemies":"Hexaghost","floor":16,"turns":7},{"damage":15,"enemies":"Chosen","floor":18,"turns":4},{"damage":3,"enemies":"Spheric Guardian","floor":21,"turns":3},{"damage":28,"enemies":"Centurion and Healer","floor":22,"turns":5},{"damage":134,"enemies":"Replay:Snechameleon","floor":23,"turns":7}],"seed_played":"1802350516519101711","potions_obtained":[{"floor":4,"key":"SneckoOil"},{"floor":16,"key":"ZuzhouPotion:ReiMu"},{"floor":18,"key":"Explosive Potion"},{"floor":21,"key":"Fruit Juice"}],"is_trial":false,"path_per_floor":["M","?","$","M","T","R","E","R","T","R","$","E","M","M","R","B",null,"M","?","$","M","M","E"],"character_chosen":"IRONCLAD","items_purchased":["Chaos","MerchantsRug","Red Skull","testmod-Fortitude","infinitespire:WardingShard","Torii","Lizard Tail"],"campfire_rested":3,"item_purchase_floors":[0,0,0,0,0,11,20],"current_hp_per_floor":[48,37,37,36,36,74,30,68,68,106,106,94,96,102,102,26,100,91,87,87,87,69,0,0],"gold":81,"neow_bonus":"","is_daily":false,"chose_seed":false,"campfire_upgraded":1,"win_rate":0.0,"timestamp":1613307950,"path_taken":["M","?","?","?","?","R","E","R","T","R","$","E","M","?","R","BOSS","M","?","$","M","M","E"],"items_purchased_type":["Card","Relic","Relic","Relic","Relic","Relic","Relic"],"build_version":"2020-12-22","purchased_purges":0,"victory":false,"max_hp_per_floor":[128,128,128,128,128,128,128,128,128,128,128,125,125,125,125,125,125,125,87,87,87,87,87,87],"card_choices":[{"not_picked":[],"picked":"BloodyBrimstone","floor":0},{"not_picked":["Warcry","Dual Wield","Twin Strike"],"picked":"SKIP","floor":1},{"not_picked":["Headbutt","Second Wind","Twin Strike"],"picked":"SKIP","floor":4},{"not_picked":["Clash","Pommel Strike","Iron Wave"],"picked":"SKIP","floor":7},{"not_picked":["infinitespire:OneForAll","Wild Strike","Cleave"],"picked":"SKIP","floor":12},{"not_picked":["Iron Wave","Headbutt","Limit Break"],"picked":"SKIP","floor":13},{"not_picked":["Iron Wave","Headbutt"],"picked":"Limit Break","floor":13},{"not_picked":["ReplayTheSpireMod:Stacked","Twin Strike","Sword Boomerang"],"picked":"SKIP","floor":14},{"not_picked":["Exhume","Juggernaut"],"picked":"Limit Break","floor":16},{"not_picked":["Cleave+1","Flex","Shrug It Off"],"picked":"SKIP","floor":18},{"not_picked":["Heavy Blade","Havoc","Whirlwind"],"picked":"SKIP","floor":21},{"not_picked":["Reckless Charge","Perfected Strike","Fire Breathing+1"],"picked":"SKIP","floor":22}],"player_experience":105271,"relics_obtained":[{"floor":7,"key":"testmod-EqualTreatment"},{"floor":9,"key":"Bronze Scales"},{"floor":12,"key":"MealTicket"}],"event_choices":[{"damage_healed":0,"gold_gain":75,"player_choice":"Gather Gold","damage_taken":11,"max_hp_gain":0,"max_hp_loss":0,"event_name":"World of Goop","floor":2,"gold_loss":0},{"damage_healed":0,"gold_gain":0,"player_choice":"Became a vampire","damage_taken":0,"max_hp_gain":0,"max_hp_loss":38,"event_name":"Vampires","floor":19,"gold_loss":0,"cards_obtained":["Bite","Bite","Bite","Bite","Bite"]}],"is_beta":false,"boss_relics":[{"not_picked":["infinitespire:Burning Sword","conspire:TopHat"],"picked":"MegaBlast"},{"not_picked":[]}],"items_purged_floors":[],"is_endless":false,"potions_floor_spawned":[4,16,18,21],"killed_by":"Replay:Snechameleon","ascension_level":10}}