{"host":"kh6fvhxn285ncg0o","time":1613322755,"event":{"mods":["Act Like it!","BaseMod","Colored Map","Friendly Minions","Keyboard Shortcuts","Minty Spire (QoL Compilation)","Quick Restart","Relic Stats","StSLib","SuperFastMode","UnlockEverythingMod"],"gold_per_floor":[361,411,175,194,269,269,269],"floor_reached":6,"language":"KOR","playtime":113,"items_purged":["Strike_R"],"score":88,"play_id":"a08b8e1e-fa7d-4a99-ab60-c5d1aa24f78c","local_time":"20210215021235","is_ascension_mode":true,"campfire_choices":[],"circlet_count":0,"master_deck":["AscendersBane","Strike_R","Strike_R","Strike_R","Strike_R","Defend_R","Defend_R","Defend_R","Defend_R","Bash","Hemokinesis","Evolve","Feel No Pain","Burning Pact","Flame Barrier","Wild Strike"],"relics":["Burning Blood","Orrery"],"acts_visited":["Exordium"],"potions_floor_usage":[6],"damage_taken":[{"damage":1,"enemies":"2 Louse","floor":1,"turns":3},{"damage":14,"enemies":"Cultist","floor":4,"turns":4},{"damage":24,"enemies":"Lagavulin","floor":6,"turns":5},{"damage":0,"enemies":"Lagavulin","floor":6,"turns":1}],"seed_played":"3477112516172407791","potions_obtained":[{"floor":4,"key":"SmokeBomb"}],"is_trial":false,"path_per_floor":["M","?","$","M","?","E"],"character_chosen":"IRONCLAD","items_purchased":["Orrery"],"campfire_rested":0,"item_purchase_floors":[3],"current_hp_per_floor":[68,62,62,54,43,25,25],"gold":269,"neow_bonus":"TWO_FIFTY_GOLD","is_daily":false,"chose_seed":false,"campfire_upgraded":0,"win_rate":0.0,"timestamp":1613322755,"path_taken":["M","?","$","?","?","E"],"items_purchased_type":["Relic"],"build_version":"2020-12-22","purchased_purges":1,"victory":false,"max_hp_per_floor":[68,68,68,68,68,68,68],"relic_stats":{"counters":[3,12],"obtain_stats":[{"Orrery":3,"Burning Blood":0},{"Orrery":1,"Burning Blood":0},{"Orrery":3,"Burning Blood":0}],"Burning Blood":13},"card_choices":[{"not_picked":["Wild Strike","True Grit"],"picked":"Hemokinesis","floor":1},{"not_picked":["Sever Soul","Headbutt"],"picked":"Evolve","floor":3},{"not_picked":["Dropkick","Spot Weakness"],"picked":"Feel No Pain","floor":3},{"not_picked":["Havoc","Iron Wave"],"picked":"Burning Pact","floor":3},{"not_picked":["Havoc","Hemokinesis"],"picked":"Flame Barrier","floor":3},{"not_picked":["Clash","Cleave"],"picked":"Wild Strike","floor":4}],"player_experience":1410161,"relics_obtained":[],"event_choices":[{"damage_healed":0,"gold_gain":50,"player_choice":"Touch","damage_taken":6,"max_hp_gain":0,"max_hp_loss":0,"event_name":"FaceTrader","floor":2,"gold_loss":0},{"damage_healed":0,"gold_gain":75,"player_choice":"Gather Gold","damage_taken":11,"max_hp_gain":0,"max_hp_loss":0,"event_name":"World of Goop","floor":5,"gold_loss":0}],"is_beta":false,"boss_relics":[],"items_purged_floors":[3],"is_endless":false,"potions_floor_spawned":[4,6],"killed_by":"Lagavulin","ascension_level":20}}