{"host":"kdt6w7ix8lwe69i9","time":1613286066,"event":{"mods":["100% Spire Juice","BaseMod","ChefMod","Evolution","Koishi","Minty Spire (QoL Compilation)","Poor People Problems","Reimu（博丽灵梦）","Robot Space Explorer","Shade Mod","StSLib","The Druid","The Gatherer","The Poker Player","The Servant 0.9.4","TheSurvivalist"],"gold_per_floor":[119,4,17,34,52,85,98,98,171,171,171,186,204,237,237,332,332,351,366,366,377,49,78,90,90,136,42,56,56,56,71,71,175,175,192,212,212,212,228,228,87,87,87,87,101,101,101,101],"floor_reached":46,"language":"ENG","playtime":8066,"items_purged":[],"score":579,"play_id":"785479c8-107a-4ebb-9518-37fd86d73e53","local_time":"20210214020106","is_ascension_mode":false,"metric_token":1042,"campfire_choices":[{"floor":8,"key":"REST"},{"floor":10,"key":"REST"},{"floor":15,"key":"REST"},{"floor":25,"key":"REST"},{"data":"PokerPlayerMod:CloakAndDiamond","floor":30,"key":"SMITH"},{"floor":32,"key":"REST"},{"floor":40,"key":"REST"},{"floor":42,"key":"REST"},{"data":"PokerPlayerMod:Raise","floor":44,"key":"SMITH"}],"circlet_count":0,"master_deck":["PokerPlayerMod:Diamond2","PokerPlayerMod:Diamond3","PokerPlayerMod:Diamond4","PokerPlayerMod:Diamond5","PokerPlayerMod:Spade2","PokerPlayerMod:Spade3","PokerPlayerMod:Spade4","PokerPlayerMod:Club2","PokerPlayerMod:Heart2","PokerPlayerMod:BadJoker","PokerPlayerMod:Mulligan","PokerPlayerMod:ClubShade","PokerPlayerMod:Club8","PokerPlayerMod:Club3","PokerPlayerMod:Trickery","PokerPlayerMod:Raise","PokerPlayerMod:Raise","PokerPlayerMod:Raise+1","PokerPlayerMod:Diamond5","PokerPlayerMod:Diamond5","PokerPlayerMod:Heart6","PokerPlayerMod:Diamond5","PokerPlayerMod:FakeSymbols","PokerPlayerMod:Club5","PokerPlayerMod:Spade9","PokerPlayerMod:Configure+1","PokerPlayerMod:Diamond4","PokerPlayerMod:Diamond4","PokerPlayerMod:CardPrinter","PokerPlayerMod:Diamond4","PokerPlayerMod:Diamond9","PokerPlayerMod:Club5","PokerPlayerMod:Heart5","PokerPlayerMod:Diamond7","PokerPlayerMod:CloakAndDiamond+1","PokerPlayerMod:SecretDealer","PokerPlayerMod:BadJoker","PokerPlayerMod:CloakAndDiamond","PokerPlayerMod:Diamond4","PokerPlayerMod:Heart3","PokerPlayerMod:ItsShowtime","PokerPlayerMod:Club7","PokerPlayerMod:Diamond6","PokerPlayerMod:Spade4","PokerPlayerMod:Club8","Madness","Madness","PokerPlayerMod:ClubDance","PokerPlayerMod:Raise","PokerPlayerMod:Club3","PokerPlayerMod:Spade9","PokerPlayerMod:Fold+1","PokerPlayerMod:HeartStrike+1","PokerPlayerMod:Spade4"],"relics":["EVO:Axolotl","Velvet Choker","Toy Ornithopter","Shuriken","TungstenRod","Astrolabe","Prayer Wheel","Smiling Mask","Dream Catcher","SacredBark","PokerPlayerMod:BottledPoker"],"acts_visited":["Exordium","TheCity","TheBeyond"],"potions_floor_usage":[6,6,16,18,21,21,23,28,36,46,46],"damage_taken":[{"damage":0,"enemies":"Cultist","floor":1,"turns":3},{"damage":3,"enemies":"Small Slimes","floor":3,"turns":3},{"damage":0,"enemies":"2 Louse","floor":4,"turns":1},{"damage":11,"enemies":"Looter","floor":5,"turns":3},{"damage":16,"enemies":"Gremlin Nob","floor":6,"turns":4},{"damage":2,"enemies":"3 Louse","floor":7,"turns":2},{"damage":2,"enemies":"Exordium Wildlife","floor":12,"turns":3},{"damage":8,"enemies":"2 Fungi Beasts","floor":13,"turns":4},{"damage":18,"enemies":"Lagavulin","floor":14,"turns":5},{"damage":22,"enemies":"The Guardian","floor":16,"turns":9},{"damage":8,"enemies":"Chosen","floor":18,"turns":6},{"damage":7,"enemies":"Spheric Guardian","floor":19,"turns":4},{"damage":13,"enemies":"Centurion and Healer","floor":21,"turns":5},{"damage":29,"enemies":"Slavers","floor":23,"turns":4},{"damage":14,"enemies":"Snake Plant","floor":24,"turns":2},{"damage":0,"enemies":"Sentry and Sphere","floor":28,"turns":3},{"damage":8,"enemies":"Cultist and Chosen","floor":31,"turns":3},{"damage":62,"enemies":"Collector","floor":33,"turns":9},{"damage":14,"enemies":"Orb Walker","floor":35,"turns":2},{"damage":14,"enemies":"3 Darklings","floor":36,"turns":5},{"damage":37,"enemies":"Jaw Worm Horde","floor":39,"turns":4},{"damage":9,"enemies":"Sphere and 2 Shapes","floor":45,"turns":4},{"damage":93,"enemies":"Giant Head","floor":46,"turns":8}],"seed_played":"-8630835981628364474","potions_obtained":[{"floor":1,"key":"Strength Potion"},{"floor":3,"key":"DuplicationPotion"},{"floor":4,"key":"SteroidPotion"},{"floor":12,"key":"ColorlessPotion"},{"floor":14,"key":"SpeedPotion"},{"floor":18,"key":"SkillPotion"},{"floor":19,"key":"DuplicationPotion"},{"floor":24,"key":"Fire Potion"},{"floor":35,"key":"SteroidPotion"},{"floor":36,"key":"SpeedPotion"},{"floor":45,"key":"GrandPatriotsElixir:ReiMu"}],"is_trial":false,"path_per_floor":["M","$","M","M","M","E","M","R","T","R","?","M","M","E","R","B",null,"M","M","$","M","$","E","M","R","T","$","M","?","R","M","R","B",null,"M","M","?","?","M","R","$","R","T","R","M","E"],"character_chosen":"THE_POKER_PLAYER","items_purchased":["PokerPlayerMod:Club8","PokerPlayerMod:Club3","Prayer Wheel","PokerPlayerMod:Diamond4","PokerPlayerMod:Diamond7","PokerPlayerMod:Spade9"],"campfire_rested":7,"item_purchase_floors":[2,2,22,22,27,41],"current_hp_per_floor":[52,52,49,49,38,27,25,40,40,52,52,50,47,34,49,30,52,44,45,45,43,43,19,5,20,20,20,37,37,37,29,44,4,52,38,52,46,46,21,36,36,51,51,51,43,0,0,0],"gold":101,"neow_bonus":"BOSS_RELIC","is_daily":false,"chose_seed":false,"campfire_upgraded":2,"win_rate":0.0,"timestamp":1613286066,"path_taken":["M","$","M","?","M","E","M","R","T","R","?","M","M","E","R","BOSS","M","M","$","?","$","E","M","R","T","?","?","?","R","M","R","BOSS","M","M","?","?","M","R","?","R","T","R","M","E"],"items_purchased_type":["Card","Card","Relic","Card","Card","Card"],"build_version":"2020-12-22","purchased_purges":0,"victory":false,"max_hp_per_floor":[52,52,52,52,52,52,52,52,52,52,52,52,52,52,52,52,52,52,52,52,52,52,52,52,52,52,52,52,52,52,52,52,52,52,52,52,52,52,52,52,52,52,52,52,52,52,52,52],"card_choices":[{"not_picked":["PokerPlayerMod:Heart3","PokerPlayerMod:Diamond4"],"picked":"PokerPlayerMod:ClubShade","floor":1},{"not_picked":["PokerPlayerMod:Spade1","PokerPlayerMod:Diamond3"],"picked":"PokerPlayerMod:Trickery","floor":3},{"not_picked":["PokerPlayerMod:Diamond1","PokerPlayerMod:Trickery"],"picked":"PokerPlayerMod:Raise","floor":4},{"not_picked":["PokerPlayerMod:Diamond2","PokerPlayerMod:Club4"],"picked":"PokerPlayerMod:Raise","floor":5},{"not_picked":["PokerPlayerMod:Diamond8","PokerPlayerMod:MagicTrick"],"picked":"PokerPlayerMod:Raise","floor":6},{"not_picked":["PokerPlayerMod:Heart3","PokerPlayerMod:Club1"],"picked":"PokerPlayerMod:Diamond5","floor":7},{"not_picked":["PokerPlayerMod:DartThrow","PokerPlayerMod:Diamond2"],"picked":"PokerPlayerMod:Diamond5","floor":12},{"not_picked":["PokerPlayerMod:Spade1","PokerPlayerMod:Trickery"],"picked":"PokerPlayerMod:Heart6","floor":13},{"not_picked":["PokerPlayerMod:RiskyBet","PokerPlayerMod:Diamond3"],"picked":"PokerPlayerMod:Diamond5","floor":14},{"not_picked":["PokerPlayerMod:RoyalStrike","PokerPlayerMod:Diamond8"],"picked":"PokerPlayerMod:FakeSymbols","floor":16},{"not_picked":["PokerPlayerMod:ClubsClub","PokerPlayerMod:Spade1"],"picked":"PokerPlayerMod:Diamond4","floor":18},{"not_picked":["PokerPlayerMod:Diamond2","PokerPlayerMod:Heart2"],"picked":"PokerPlayerMod:Diamond4","floor":19},{"not_picked":["PokerPlayerMod:Spade3","PokerPlayerMod:Heart3"],"picked":"PokerPlayerMod:CardPrinter","floor":21},{"not_picked":["PokerPlayerMod:Spade4","PokerPlayerMod:DartThrow"],"picked":"PokerPlayerMod:Diamond9","floor":23},{"not_picked":["PokerPlayerMod:Club2","PokerPlayerMod:Spade4"],"picked":"PokerPlayerMod:Club5","floor":24},{"not_picked":["PokerPlayerMod:DartThrow","PokerPlayerMod:SecondChance+1"],"picked":"PokerPlayerMod:Heart5","floor":24},{"not_picked":["PokerPlayerMod:Diamond3","PokerPlayerMod:Spade4"],"picked":"PokerPlayerMod:CloakAndDiamond","floor":28},{"not_picked":["PokerPlayerMod:Configure+1","PokerPlayerMod:Diamond4"],"picked":"PokerPlayerMod:SecretDealer","floor":28},{"not_picked":["PokerPlayerMod:FillThePot","PokerPlayerMod:CardBurn"],"picked":"PokerPlayerMod:CloakAndDiamond","floor":31},{"not_picked":["PokerPlayerMod:Spade2","PokerPlayerMod:Configure"],"picked":"PokerPlayerMod:Diamond4","floor":31},{"not_picked":["PokerPlayerMod:Diamond2","PokerPlayerMod:Spade2"],"picked":"PokerPlayerMod:Heart3","floor":32},{"not_picked":["PokerPlayerMod:SecretDealer","PokerPlayerMod:Spade8"],"picked":"PokerPlayerMod:ItsShowtime","floor":33},{"not_picked":["PokerPlayerMod:DiamondStrike","PokerPlayerMod:DartThrow+1"],"picked":"PokerPlayerMod:Club7","floor":35},{"not_picked":["PokerPlayerMod:DiamondStrike+1","PokerPlayerMod:Spade4"],"picked":"PokerPlayerMod:Diamond6","floor":35},{"not_picked":["PokerPlayerMod:Diamond4","PokerPlayerMod:Configure+1"],"picked":"PokerPlayerMod:Spade4","floor":36},{"not_picked":["PokerPlayerMod:Diamond2","PokerPlayerMod:MagicTrick+1"],"picked":"PokerPlayerMod:Club8","floor":36},{"not_picked":["PokerPlayerMod:RiskyBet","PokerPlayerMod:CloakAndDiamond"],"picked":"PokerPlayerMod:ClubDance","floor":39},{"not_picked":["PokerPlayerMod:Manipulation+1","PokerPlayerMod:Extraction"],"picked":"PokerPlayerMod:Raise","floor":39},{"not_picked":["PokerPlayerMod:Diamond2","PokerPlayerMod:Heart1"],"picked":"PokerPlayerMod:Club3","floor":40},{"not_picked":["PokerPlayerMod:TheDieIsCast","PokerPlayerMod:FillThePot"],"picked":"PokerPlayerMod:Fold+1","floor":42},{"not_picked":["PokerPlayerMod:ClubStrike","PokerPlayerMod:Spade2"],"picked":"PokerPlayerMod:HeartStrike+1","floor":45},{"not_picked":["PokerPlayerMod:HiddenCard+1","PokerPlayerMod:Spade3"],"picked":"PokerPlayerMod:Spade4","floor":45}],"player_experience":1589874,"relics_obtained":[{"floor":6,"key":"Toy Ornithopter"},{"floor":9,"key":"Shuriken"},{"floor":14,"key":"TungstenRod"},{"floor":23,"key":"Smiling Mask"},{"floor":26,"key":"Dream Catcher"},{"floor":43,"key":"PokerPlayerMod:BottledPoker"}],"event_choices":[{"damage_healed":0,"gold_gain":0,"player_choice":"Ignored","damage_taken":0,"max_hp_gain":0,"max_hp_loss":0,"event_name":"Purifier","floor":11,"gold_loss":0},{"damage_healed":0,"gold_gain":0,"player_choice":"Copied","damage_taken":0,"max_hp_gain":0,"max_hp_loss":0,"event_name":"PokerPlayerMod:BackToBasicsPoker","floor":29,"gold_loss":0,"cards_obtained":["PokerPlayerMod:BadJoker"]},{"damage_healed":0,"gold_gain":0,"player_choice":"Embrace Madness","damage_taken":7,"max_hp_gain":0,"max_hp_loss":0,"event_name":"Winding Halls","floor":37,"gold_loss":0,"cards_obtained":["Madness","Madness"]},{"cards_removed":["PokerPlayerMod:ClubsClub"],"damage_healed":0,"gold_gain":0,"player_choice":"Removed Attack","damage_taken":0,"max_hp_gain":0,"max_hp_loss":0,"event_name":"Falling","floor":38,"gold_loss":0}],"is_beta":false,"boss_relics":[{"not_picked":["RedLine:ReiMu","Ectoplasm"],"picked":"Astrolabe"},{"not_picked":["Fusion Hammer","Philosopher\u0027s Stone"],"picked":"SacredBark"}],"items_purged_floors":[],"is_endless":false,"potions_floor_spawned":[1,3,4,12,14,18,19,24,35,36,45],"killed_by":"Giant Head","ascension_level":0}}