{"host":"t4s40kl3r64vu0u6","time":1613314618,"event":{"mods":["BaseMod","Colored Map","Googly Eyes","Highlight Path","Minty Spire (QoL Compilation)","READ ME - Snecko Mod","StSLib","slay the spire mod where everything is the same but ironclad has a cowboy hat"],"gold_per_floor":[118,131,148,148,166,194,211,225,225,240,240,273,273,288,288,288,288],"floor_reached":16,"language":"ENG","playtime":823,"items_purged":[],"score":139,"play_id":"d9938a8d-b9a6-4d8b-a2a3-5ebeff58b7a0","local_time":"20210214095658","is_ascension_mode":true,"campfire_choices":[{"floor":11,"key":"REST"},{"data":"Streamline","floor":13,"key":"SMITH"},{"floor":15,"key":"REST"}],"circlet_count":0,"master_deck":["Strike_B","Strike_B","Strike_B","Strike_B","Defend_B","Defend_B","Defend_B","Defend_B","Zap+1","Dualcast","Scrape","Steam","Gash","Ball Lightning","Barrage","Streamline+1","Beam Cell","BootSequence","Reprogram","Gash","Leap"],"relics":["Cracked Core","NeowsBlessing","Bag of Marbles","Smiling Mask","Prayer Wheel"],"acts_visited":["Exordium"],"potions_floor_usage":[6,12,12,16],"damage_taken":[{"damage":0,"enemies":"Cultist","floor":1,"turns":1},{"damage":0,"enemies":"Small Slimes","floor":2,"turns":1},{"damage":0,"enemies":"Jaw Worm","floor":3,"turns":1},{"damage":19,"enemies":"Large Slime","floor":5,"turns":5},{"damage":15,"enemies":"3 Sentries","floor":6,"turns":4},{"damage":2,"enemies":"Lots of Slimes","floor":7,"turns":3},{"damage":17,"enemies":"3 Louse","floor":8,"turns":2},{"damage":18,"enemies":"Exordium Thugs","floor":10,"turns":3},{"damage":25,"enemies":"Lagavulin","floor":12,"turns":5},{"damage":5,"enemies":"Gremlin Gang","floor":14,"turns":4},{"damage":39,"enemies":"The Guardian","floor":16,"turns":7}],"seed_played":"-1807685050441239343","potions_obtained":[{"floor":2,"key":"Strength Potion"},{"floor":5,"key":"Regen Potion"},{"floor":8,"key":"SneckoOil"},{"floor":10,"key":"Weak Potion"}],"is_trial":false,"path_per_floor":["M","M","M","?","M","E","M","M","T","M","R","E","R","M","R","B"],"character_chosen":"DEFECT","items_purchased":[],"campfire_rested":2,"item_purchase_floors":[],"current_hp_per_floor":[75,75,75,75,56,41,39,22,22,4,26,15,15,10,32,0,0],"gold":288,"neow_bonus":"THREE_ENEMY_KILL","is_daily":false,"chose_seed":false,"campfire_upgraded":1,"win_rate":0.0,"timestamp":1613314618,"path_taken":["M","M","M","?","M","E","?","M","T","M","R","E","R","M","R","BOSS"],"items_purchased_type":[],"build_version":"2020-12-22","purchased_purges":0,"victory":false,"max_hp_per_floor":[75,75,75,75,75,75,75,75,75,75,75,75,75,75,75,75,75],"card_choices":[{"not_picked":["Barrage","Redo"],"picked":"Scrape","floor":1},{"not_picked":["Rebound","Streamline"],"picked":"Steam","floor":2},{"not_picked":["Chill","Buffer"],"picked":"Gash","floor":3},{"not_picked":["Conserve Battery","Rebound"],"picked":"Ball Lightning","floor":5},{"not_picked":["Cold Snap","Compile Driver"],"picked":"Barrage","floor":6},{"not_picked":["Defragment","Reinforced Body"],"picked":"Streamline","floor":7},{"not_picked":["Sweeping Beam","Stack"],"picked":"Beam Cell","floor":8},{"not_picked":["Storm","Streamline"],"picked":"BootSequence","floor":10},{"not_picked":["Heatsinks","Redo"],"picked":"Reprogram","floor":12},{"not_picked":["Streamline","Conserve Battery"],"picked":"Gash","floor":14},{"not_picked":["Rebound","Thunder Strike"],"picked":"Leap","floor":14}],"player_experience":259495,"relics_obtained":[{"floor":6,"key":"Bag of Marbles"},{"floor":9,"key":"Smiling Mask"},{"floor":12,"key":"Prayer Wheel"}],"event_choices":[{"damage_healed":0,"gold_gain":0,"player_choice":"Upgraded","damage_taken":0,"max_hp_gain":0,"max_hp_loss":0,"event_name":"Upgrade Shrine","floor":4,"gold_loss":0,"cards_upgraded":["Zap"]}],"is_beta":false,"boss_relics":[],"items_purged_floors":[],"is_endless":false,"potions_floor_spawned":[2,5,8,10],"killed_by":"The Guardian","ascension_level":4}}