{"host":"kipy315whq7pv20a","time":1613316732,"event":{"mods":["BaseMod","Minty Spire (QoL Compilation)","Replay The Spire","StSLib","The Marked"],"gold_per_floor":[111,124,142,154,174,202,202,220,245,245,420,441,209,230,230,351,351,364,289,289,228,252,252,252],"floor_reached":23,"language":"ENG","playtime":1961,"items_purged":["Doubt"],"score":224,"play_id":"8b10ec33-0e25-4855-9214-2c62051aec4c","local_time":"20210214163212","is_ascension_mode":true,"campfire_choices":[{"floor":7,"key":"REST"},{"floor":15,"key":"REST"}],"circlet_count":0,"master_deck":["Strike_G+1","Strike_G+1","Strike_G+1","Strike_G+1","Strike_G+1","Defend_G+1","Defend_G+1","Defend_G+1","Defend_G+1","Defend_G+1","Survivor","Neutralize","Bouncing Flask","Draining Mist","Deflect","Deflect","Toxin Wave","Discovery","Poison Darts","Backflip","Caltrops+1","Noxious Fumes"],"relics":["Ring of the Snake","Snake Skull","ReplayTheSpireMod:TigerMarble","Bag of Marbles","Golden Idol","Ring of Chaos"],"acts_visited":["Exordium","TheCity"],"potions_floor_usage":[3,5,14,16],"damage_taken":[{"damage":0,"enemies":"2 Louse","floor":1,"turns":3},{"damage":0,"enemies":"Small Slimes","floor":2,"turns":3},{"damage":5,"enemies":"Jaw Worm","floor":3,"turns":4},{"damage":1,"enemies":"Exordium Wildlife","floor":4,"turns":3},{"damage":3,"enemies":"Exordium Thugs","floor":5,"turns":6},{"damage":42,"enemies":"3 Sentries","floor":6,"turns":7},{"damage":12,"enemies":"3 Louse","floor":8,"turns":3},{"damage":0,"enemies":"Looter","floor":12,"turns":3},{"damage":15,"enemies":"Exordium Wildlife","floor":14,"turns":9},{"damage":65,"enemies":"Fading Forest","floor":16,"turns":11},{"damage":4,"enemies":"3 Byrds","floor":18,"turns":4},{"damage":16,"enemies":"2 Thieves","floor":22,"turns":5},{"damage":53,"enemies":"Gremlin Leader","floor":23,"turns":5}],"seed_played":"-5208819288030968476","potions_obtained":[{"floor":2,"key":"CunningPotion"},{"floor":3,"key":"SteroidPotion"},{"floor":12,"key":"Regen Potion"},{"floor":14,"key":"CunningPotion"}],"is_trial":false,"path_per_floor":["M","M","M","M","M","E","R","M","T","?","?","M","$","M","R","B",null,"M","?","?","$","M","E"],"character_chosen":"THE_SILENT","items_purchased":["Toxin Wave","Discovery","Caltrops+1"],"campfire_rested":2,"item_purchase_floors":[13,13,21],"current_hp_per_floor":[70,70,65,64,61,19,40,28,28,28,28,28,28,28,49,21,70,66,66,66,66,50,0,0],"gold":252,"neow_bonus":"RANDOM_COMMON_RELIC","is_daily":false,"chose_seed":false,"campfire_upgraded":0,"win_rate":0.0,"timestamp":1613316732,"path_taken":["M","M","M","M","M","E","R","M","T","?","?","M","$","M","R","BOSS","M","?","?","$","M","E"],"items_purchased_type":["Card","Card","Card"],"build_version":"2020-12-22","purchased_purges":1,"victory":false,"max_hp_per_floor":[70,70,70,70,70,70,70,70,70,70,70,70,70,70,70,70,70,70,70,70,70,70,70,70],"card_choices":[{"not_picked":["Sucker Punch","Dagger Spray","Acrobatics"],"picked":"SKIP","floor":1},{"not_picked":["Hidden Blade","Deflect","Flying Knee"],"picked":"SKIP","floor":2},{"not_picked":["PiercingWail","Infinite Blades"],"picked":"Bouncing Flask","floor":3},{"not_picked":["Flying Knee","Quick Slash","Outmaneuver"],"picked":"SKIP","floor":4},{"not_picked":["Underhanded Strike","Reflex"],"picked":"Draining Mist","floor":5},{"not_picked":["After Image","Masterful Stab"],"picked":"Deflect","floor":6},{"not_picked":["Dagger Throw","Dodge and Roll"],"picked":"Deflect","floor":8},{"not_picked":["Underhanded Strike","Cloak And Dagger","Sucker Punch"],"picked":"SKIP","floor":12},{"not_picked":["Expertise","Prepared","Acrobatics"],"picked":"SKIP","floor":14},{"not_picked":["Doppelganger","Envenom"],"picked":"Poison Darts","floor":16},{"not_picked":["Fluid Movement","Cloak And Dagger+1"],"picked":"Backflip","floor":18},{"not_picked":["Calculated Gamble+1","Skewer"],"picked":"Noxious Fumes","floor":22}],"player_experience":154788,"relics_obtained":[{"floor":6,"key":"ReplayTheSpireMod:TigerMarble"},{"floor":9,"key":"Bag of Marbles"}],"event_choices":[{"damage_healed":0,"gold_gain":0,"player_choice":"Take Wound","damage_taken":0,"relics_obtained":["Golden Idol"],"max_hp_gain":0,"max_hp_loss":0,"event_name":"Golden Idol","floor":10,"gold_loss":0,"cards_obtained":["Injury"]},{"damage_healed":0,"gold_gain":175,"player_choice":"AGREE","damage_taken":0,"max_hp_gain":0,"max_hp_loss":0,"event_name":"Liars Game","floor":11,"gold_loss":0,"cards_obtained":["Doubt"]},{"cards_removed":["Injury"],"damage_healed":0,"gold_gain":0,"player_choice":"Gave Gold","damage_taken":0,"max_hp_gain":0,"max_hp_loss":0,"event_name":"Beggar","floor":19,"gold_loss":75},{"damage_healed":0,"gold_gain":0,"player_choice":"Simplicity","damage_taken":0,"max_hp_gain":0,"max_hp_loss":0,"event_name":"Back to Basics","floor":20,"gold_loss":0,"cards_upgraded":["Strike_G","Strike_G","Strike_G","Strike_G","Strike_G","Defend_G","Defend_G","Defend_G","Defend_G","Defend_G"]}],"is_beta":false,"boss_relics":[{"not_picked":["Velvet Choker","Replay:Bronze Core"],"picked":"Ring of Chaos"}],"items_purged_floors":[13],"is_endless":false,"potions_floor_spawned":[2,3,12,14],"killed_by":"Gremlin Leader","ascension_level":3}}