{"host":"xp5rvh2jwe2ejyfm","time":1613323093,"event":{"mods":["2.2 Compatiblity","Aspiration","BaseMod","Better Altar","Better Match","Better Note","Better Sensory Stone","Better Skull","BetterRewards","Colored Powertips","Conspire","Downfall","GifTheSpireLib","Gremlin Mod","GungeonMod","Hermit","Hubris","Jorbs\u0027s Wanderer Trilogy","Minty Spire (QoL Compilation)","Potionbrewer","Quick Restart","Replay The Spire","Robot Space Explorer","Shade Mod","Somnambulant","StSLib","The Bug Knight","The Clintock","The Construct","The Cursed","The Disciple","The Forsaken","The Hierophant","The Necromancer","The Runesmith","The Servant 0.9.4","The Valiant","The Witch","TheFirefly","thorton"],"gold_per_floor":[116,116,136,148,3,3,33,43,66,66,66,3,29,47,47,147,147,162,3,3,13,26,26,38,38,65,4,121,150,150,169,169,267,267,287,287,40,40,76,76,91,141,153,165,277,319,343,374,386,423,435,447,275,328,328,328],"floor_reached":55,"language":"ENG","playtime":2304,"items_purged":[],"score":1055,"play_id":"36c1644c-1ef3-472a-846d-b3ed7f5fede4","local_time":"20210214121813","is_ascension_mode":false,"campfire_choices":[{"floor":6,"key":"RECALL"},{"floor":10,"key":"REST"},{"data":"TheCursedMod:Hemoplague","floor":15,"key":"SMITH"},{"data":"TheCursedMod:FuryStrike","floor":15,"key":"SMITH"},{"floor":23,"key":"REST"},{"data":"TheCursedMod:CircleOfFlame","floor":25,"key":"SMITH"},{"data":"Sadistic Nature","floor":25,"key":"SMITH"},{"floor":30,"key":"REST"},{"floor":32,"key":"REST"},{"data":"TheCursedMod:VoidForm","floor":40,"key":"SMITH"},{"data":"TheCursedMod:CursedBlade","floor":40,"key":"SMITH"},{"floor":44,"key":"REST"},{"floor":49,"key":"REST"},{"data":"TheCursedMod:CursedBlade","floor":52,"key":"SMITH"},{"data":"TheCursedMod:CursedBoomerang","floor":52,"key":"SMITH"}],"circlet_count":0,"master_deck":["TheCursedMod:Strike_TheCursed","TheCursedMod:Strike_TheCursed","TheCursedMod:Strike_TheCursed","TheCursedMod:Strike_TheCursed","TheCursedMod:Defend_TheCursed","TheCursedMod:Defend_TheCursed","TheCursedMod:Defend_TheCursed","TheCursedMod:Defend_TheCursed","TheCursedMod:CursedWand+1","TheCursedMod:CleanUpWorkshop","TheCursedMod:Dregs","TheCursedMod:HellfireBreathing","TheCursedMod:FuryStrike+1","TheCursedMod:WearCloak","TheCursedMod:CursedBoomerang+1","TheCursedMod:Stigma","TheCursedMod:TacticalStrike","TheCursedMod:CircleOfCorruption","TheCursedMod:WearCloak","TheCursedMod:Hemoplague+1","TheCursedMod:CircleOfFlame+1","TheCursedMod:FuryStrike+1","TheCursedMod:SpitefulStrike","TheCursedMod:StunningStrike","TheCursedMod:CursedBlade+1","Sadistic Nature+1","TheCursedMod:VitalStrike+1","TheCursedMod:SaltUponWound+1","TheCursedMod:StingEye","TheCursedMod:CircleOfBlood","TheCursedMod:Obscuration","TheCursedMod:Obscuration","TheCursedMod:SaltUponWound","TheCursedMod:FleshFromBone+1","TheCursedMod:CircleOfCorruption+1","TheCursedMod:EmpowerCircles+1","TheCursedMod:Stigma","TheCursedMod:VoidForm+1","TheCursedMod:CursedBlade+1","TheCursedMod:HellfireBreathing","TheCursedMod:VitalStrike","TheCursedMod:SpreadPlague","HandOfGreed","Blind","TheCursedMod:Wield+1","TheCursedMod:SpitefulPray+1","TheCursedMod:CursedBlade+1","TheCursedMod:FuryStrike+1","TheCursedMod:RapidMovement+1","TheCursedMod:Stigma","TheCursedMod:LuckyCharm+1","TheCursedMod:CursedBlade+1"],"relics":["TheCursedMod:BlackMagic101","Membership Card","aspiration:Stellarator","ReplayTheSpireMod:Shallot","Replay:Arrowhead","Boot","Ginger","aspiration:SecretTechniqueScroll","ReplayTheSpireMod:TigerMarble","aspiration:ChemicalBlood","White Beast Statue","expansioncontent:StudyCardRelic","Ring of Searing","Pet Ghost","TheAbacus","MawBank","potionbrewer:BottledElixir","Golden Egg","Lantern","conspire:TopHat","hubris:MysteriousPyramids"],"acts_visited":["Exordium","TheCity","TheBeyond","TheEnding"],"potions_floor_usage":[7,13,16,29,29,31,33,33,33,39,41,41,42,47,50,50,54,55],"damage_taken":[{"damage":10,"enemies":"Small Slimes","floor":1,"turns":3},{"damage":0,"enemies":"Cultist","floor":3,"turns":2},{"damage":0,"enemies":"Jaw Worm","floor":4,"turns":2},{"damage":12,"enemies":"Lagavulin","floor":7,"turns":2},{"damage":6,"enemies":"Gremlin Gang","floor":8,"turns":4},{"damage":11,"enemies":"3 Sentries","floor":13,"turns":4},{"damage":1,"enemies":"Red Slaver","floor":14,"turns":2},{"damage":20,"enemies":"Fading Forest","floor":16,"turns":11},{"damage":28,"enemies":"2 Thieves","floor":18,"turns":3},{"damage":0,"enemies":"Shell Parasite","floor":21,"turns":3},{"damage":6,"enemies":"Cultist and Chosen","floor":22,"turns":4},{"damage":20,"enemies":"Centurion and Healer","floor":24,"turns":4},{"damage":16,"enemies":"Slavers","floor":29,"turns":3},{"damage":3,"enemies":"Chosen and Byrds","floor":31,"turns":4},{"damage":30,"enemies":"Champ","floor":33,"turns":10},{"damage":0,"enemies":"Orb Walker","floor":35,"turns":3},{"damage":5,"enemies":"3 Shapes","floor":39,"turns":2},{"damage":28,"enemies":"Sphere and 2 Shapes","floor":41,"turns":5},{"damage":5,"enemies":"Reptomancer","floor":42,"turns":4},{"damage":13,"enemies":"HollowMod:StalkingDevout","floor":46,"turns":5},{"damage":16,"enemies":"Maw","floor":47,"turns":5},{"damage":12,"enemies":"Transient","floor":48,"turns":5},{"damage":24,"enemies":"hubris:GrandSnecko","floor":50,"turns":5},{"damage":70,"enemies":"Shield and Spear","floor":54,"turns":5},{"damage":6,"enemies":"The Heart","floor":55,"turns":2}],"seed_played":"240910594415137331","potions_obtained":[{"floor":1,"key":"Death Potion"},{"floor":8,"key":"PowerPotion"},{"floor":14,"key":"AttackPotion"},{"floor":16,"key":"potionbrewer:EndurancePotion"},{"floor":18,"key":"conspire:TimeTravelPotion"},{"floor":22,"key":"potionbrewer:DiscountPotion"},{"floor":29,"key":"Explosive Potion"},{"floor":31,"key":"FearPotion"},{"floor":33,"key":"potionbrewer:BoundlessPotion"},{"floor":35,"key":"SkillPotion"},{"floor":39,"key":"potionbrewer:DiscountPotion"},{"floor":41,"key":"Adrenaline Potion"},{"floor":42,"key":"SteroidPotion"},{"floor":48,"key":"Strength Potion"}],"is_trial":false,"path_per_floor":["M","?","M","M","$","R","E","M","T","R","T","$","E","M","R","B",null,"M","$","?","M","M","R","M","R","T","$","?","E","R","M","R","B",null,"M","?","$","?","M","R","M","E","T","R","?","E","M","M","R","B",null,"R","$","E","B"],"character_chosen":"THE_CURSED","items_purchased":["TheCursedMod:HellfireBreathing","Membership Card","TheCursedMod:FuryStrike+1","ReplayTheSpireMod:Shallot","TheCursedMod:TacticalStrike","TheCursedMod:Hemoplague","TheCursedMod:CircleOfFlame","Sadistic Nature","ReplayTheSpireMod:TigerMarble","TheCursedMod:CircleOfBlood","TheCursedMod:Obscuration","TheCursedMod:HellfireBreathing","Pet Ghost","TheCursedMod:VitalStrike","TheAbacus","TheCursedMod:SpreadPlague","Lantern","TheCursedMod:LuckyCharm","conspire:TopHat"],"campfire_rested":6,"item_purchase_floors":[0,0,0,5,5,12,12,19,19,27,27,37,37,37,37,37,53,53,53],"current_hp_per_floor":[55,55,55,55,55,55,43,37,37,59,59,59,48,47,47,37,75,47,47,47,47,41,63,48,48,48,48,48,48,70,67,75,45,75,75,75,75,75,71,71,43,38,38,60,60,53,45,33,55,51,74,74,74,6,0,0],"gold":328,"neow_bonus":"","is_daily":false,"chose_seed":false,"campfire_upgraded":8,"win_rate":0.0,"timestamp":1613323093,"path_taken":["M","?","M","?","$","R","E","M","T","R","?","$","E","M","R","BOSS","M","$","?","?","M","R","M","R","T","$","?","E","R","M","R","BOSS","M","?","$","?","M","R","M","E","T","R","?","E","M","M","R","BOSS","R","$","E","BOSS"],"items_purchased_type":["Card","Relic","Card","Relic","Card","Card","Card","Card","Relic","Card","Card","Card","Relic","Card","Relic","Card","Relic","Card","Relic"],"build_version":"2020-12-22","purchased_purges":0,"victory":false,"max_hp_per_floor":[75,75,75,75,75,75,75,75,75,75,75,75,75,75,75,75,75,75,75,75,75,75,75,75,75,75,75,75,75,75,75,75,75,75,75,75,75,75,76,76,76,76,76,76,76,76,76,74,74,74,74,74,74,74,74,74],"card_choices":[{"not_picked":["TheCursedMod:Torture","TheCursedMod:BloodBarrier"],"picked":"TheCursedMod:WearCloak","floor":1},{"not_picked":["TheCursedMod:CursedMace","TheCursedMod:Torture"],"picked":"TheCursedMod:CursedBoomerang","floor":3},{"not_picked":["TheCursedMod:CircleOfCorruption","TheCursedMod:HellsGateOpen"],"picked":"TheCursedMod:Stigma","floor":4},{"not_picked":["TheCursedMod:StunningStrike","TheCursedMod:Obscuration"],"picked":"TheCursedMod:CircleOfCorruption","floor":7},{"not_picked":["TheCursedMod:CircleOfFocus","TheCursedMod:CircleOfCorruption"],"picked":"TheCursedMod:WearCloak","floor":8},{"not_picked":["TheCursedMod:StunningStrike","TheCursedMod:WearCloak"],"picked":"TheCursedMod:FuryStrike","floor":13},{"not_picked":["TheCursedMod:CursedShiv","TheCursedMod:RapidMovement"],"picked":"TheCursedMod:SpitefulStrike","floor":14},{"not_picked":["TheCursedMod:ParallelWorld","TheCursedMod:ForbiddenAlchemy"],"picked":"TheCursedMod:StunningStrike","floor":16},{"not_picked":["TheCursedMod:SoulReap","TheCursedMod:RapidMovement"],"picked":"TheCursedMod:CursedBlade+1","floor":18},{"not_picked":["TheCursedMod:DemonicPact","TheCursedMod:WearCloak"],"picked":"TheCursedMod:VitalStrike+1","floor":21},{"not_picked":["TheCursedMod:CircleOfCorruption","TheCursedMod:HellsGateOpen"],"picked":"TheCursedMod:SaltUponWound+1","floor":22},{"not_picked":["TheCursedMod:Grudge","TheCursedMod:CursedAmulet"],"picked":"TheCursedMod:StingEye","floor":24},{"not_picked":["TheCursedMod:CircleOfFocus","TheCursedMod:Stigma"],"picked":"TheCursedMod:SaltUponWound","floor":28},{"not_picked":["TheCursedMod:StunningStrike","TheCursedMod:CursedMace"],"picked":"TheCursedMod:FleshFromBone+1","floor":28},{"not_picked":["TheCursedMod:AshesToAshes","TheCursedMod:Stretching+1"],"picked":"TheCursedMod:CircleOfCorruption+1","floor":28},{"not_picked":["TheCursedMod:RavingStaff","TheCursedMod:SaltUponWound"],"picked":"TheCursedMod:EmpowerCircles+1","floor":29},{"not_picked":["TheCursedMod:CursedArmor","TheCursedMod:FleshFromBone"],"picked":"TheCursedMod:Stigma","floor":31},{"not_picked":["TheCursedMod:ManaCirculation","TheCursedMod:StunningStrike"],"picked":"TheCursedMod:VoidForm","floor":33},{"not_picked":["TheCursedMod:RapidMovement","TheCursedMod:Stretching+1"],"picked":"TheCursedMod:CursedBlade","floor":35},{"not_picked":["ReplayTheSpireMod:Brewmster","ReplayTheSpireMod:Trickstab"],"picked":"HandOfGreed","floor":38},{"not_picked":["hubris:Ssssneak","DemoMod:Spice"],"picked":"Blind","floor":38},{"not_picked":["TheCursedMod:Torture+1","TheCursedMod:Neurasthenia"],"picked":"TheCursedMod:Wield+1","floor":39},{"not_picked":["TheCursedMod:FleshFromBone+1","TheCursedMod:Torture+1"],"picked":"TheCursedMod:SpitefulPray+1","floor":41},{"not_picked":["TheCursedMod:CircleOfCorruption","TheCursedMod:ForbiddenAlchemy"],"picked":"TheCursedMod:CursedBlade","floor":42},{"not_picked":["TheCursedMod:VitalStrike","TheCursedMod:Torture"],"picked":"TheCursedMod:FuryStrike+1","floor":46},{"not_picked":["TheCursedMod:FleshFromBone+1","TheCursedMod:Obscuration"],"picked":"TheCursedMod:RapidMovement+1","floor":47},{"not_picked":["TheCursedMod:Stretching","TheCursedMod:FuryStrike"],"picked":"TheCursedMod:Stigma","floor":48},{"not_picked":["TheCursedMod:ShockAndAwe","TheCursedMod:RapidMovement"],"picked":"TheCursedMod:CursedBlade+1","floor":54}],"player_experience":505455,"relics_obtained":[{"floor":7,"key":"Replay:Arrowhead"},{"floor":9,"key":"Boot"},{"floor":13,"key":"Ginger"},{"floor":26,"key":"aspiration:ChemicalBlood"},{"floor":29,"key":"White Beast Statue"},{"floor":36,"key":"Ring of Searing"},{"floor":42,"key":"DemoMod:WeirdEgg"},{"floor":43,"key":"potionbrewer:BottledElixir"},{"floor":46,"key":"Golden Egg"},{"floor":54,"key":"hubris:MysteriousPyramids"}],"event_choices":[{"damage_healed":0,"gold_gain":0,"player_choice":"Forge","damage_taken":0,"max_hp_gain":0,"max_hp_loss":0,"event_name":"Accursed Blacksmith","floor":2,"gold_loss":0,"cards_upgraded":["TheCursedMod:CursedWand"]},{"damage_healed":0,"gold_gain":0,"player_choice":"Ignored","damage_taken":0,"max_hp_gain":0,"max_hp_loss":0,"event_name":"betterNote:BetterNote","floor":20,"gold_loss":0,"cards_obtained":["hermit:Headshot"]},{"damage_healed":0,"gold_gain":3,"player_choice":"1","damage_taken":0,"max_hp_gain":0,"max_hp_loss":0,"event_name":"betterStone:BetterStone","floor":38,"gold_loss":0},{"damage_healed":0,"gold_gain":100,"player_choice":"Pray","damage_taken":0,"max_hp_gain":0,"max_hp_loss":0,"event_name":"Golden Shrine","floor":45,"gold_loss":0}],"is_beta":false,"boss_relics":[{"not_picked":["hubris:RunicObelisk","hubris:VirtuousBlindfold"],"picked":"aspiration:SecretTechniqueScroll"},{"not_picked":["hubris:CrackedHourglass","Snecko Eye"],"picked":"expansioncontent:StudyCardRelic"}],"items_purged_floors":[],"is_endless":false,"potions_floor_spawned":[1,8,14,16,18,22,29,31,33,35,39,41,42,46,47,48,54],"killed_by":"The Heart","ascension_level":0}}