{"host":"oknzaotplmnl5xaf","time":1613325635,"event":{"mods":["BaseMod","Colored Map","Highlight Path","Minty Spire (QoL Compilation)","Permanent Neow","Quick Restart","Relic Stats","Slay-I"],"gold_per_floor":[109,259,259,184,18,18,51,51,78,78,94,14,44,61,61,61,61],"floor_reached":16,"language":"ENG","playtime":465,"items_purged":["Doubt"],"score":312,"play_id":"7b02dbe6-1452-4b20-bb0e-450746ef3fde","local_time":"20210214130035","is_ascension_mode":true,"campfire_choices":[{"data":"Neutralize","floor":6,"key":"SMITH"},{"data":"Blade Dance","floor":15,"key":"SMITH"}],"circlet_count":0,"master_deck":["AscendersBane","Strike_G+1","Strike_G","Strike_G+1","Strike_G","Strike_G","Defend_G","Defend_G","Defend_G","Defend_G","Defend_G","Survivor","Neutralize+1","Infinite Blades","Finisher","Blade Dance","Blade Dance+1","PiercingWail"],"relics":["Ring of the Snake","NeowsBlessing","Membership Card","Nunchaku","Smiling Mask","OrangePellets","Orichalcum"],"acts_visited":["Exordium"],"potions_floor_usage":[13,14,16],"damage_taken":[{"damage":0,"enemies":"Cultist","floor":1,"turns":1},{"damage":0,"enemies":"Lagavulin","floor":7,"turns":1},{"damage":0,"enemies":"Jaw Worm","floor":11,"turns":1},{"damage":0,"enemies":"Gremlin Nob","floor":13,"turns":2},{"damage":0,"enemies":"Small Slimes","floor":14,"turns":2},{"damage":19,"enemies":"Hexaghost","floor":16,"turns":9}],"seed_played":"-2382356320724019257","potions_obtained":[{"floor":1,"key":"SpeedPotion"},{"floor":11,"key":"FearPotion"},{"floor":14,"key":"GamblersBrew"}],"is_trial":false,"path_per_floor":["M","?","?","$","$","R","E","?","T","?","M","$","E","M","R","B"],"character_chosen":"THE_SILENT","items_purchased":["Membership Card","OrangePellets"],"campfire_rested":0,"item_purchase_floors":[5,12],"current_hp_per_floor":[59,59,39,39,39,39,39,44,44,18,18,18,18,18,18,0,0],"gold":61,"neow_bonus":"THREE_ENEMY_KILL","is_daily":false,"chose_seed":false,"campfire_upgraded":2,"win_rate":0.0,"timestamp":1613325635,"path_taken":["M","?","?","?","$","R","E","?","T","?","?","$","E","M","R","BOSS"],"items_purchased_type":["Relic","Relic"],"build_version":"2020-12-22","purchased_purges":1,"victory":false,"max_hp_per_floor":[66,66,66,66,66,66,66,71,71,71,71,71,71,71,71,71,71],"relic_stats":{"OrangePellets":[0],"Nunchaku":[5],"counters":[6,16],"Orichalcum":[24],"Smiling Mask":0,"obtain_stats":[{"OrangePellets":12,"Nunchaku":7,"NeowsBlessing":0,"Membership Card":5,"Orichalcum":13,"Smiling Mask":9,"Ring of the Snake":0},{"OrangePellets":3,"Nunchaku":2,"NeowsBlessing":0,"Membership Card":1,"Orichalcum":4,"Smiling Mask":2,"Ring of the Snake":0},{"OrangePellets":3,"Nunchaku":2,"NeowsBlessing":0,"Membership Card":1,"Orichalcum":5,"Smiling Mask":2,"Ring of the Snake":0}],"Ring of the Snake":[12]},"card_choices":[{"not_picked":["Reflex","Caltrops"],"picked":"Infinite Blades","floor":1},{"not_picked":["Masterful Stab","Dagger Throw"],"picked":"Finisher","floor":7},{"not_picked":["Deflect","Acrobatics"],"picked":"Blade Dance","floor":11},{"not_picked":["Poisoned Stab","Endless Agony"],"picked":"Blade Dance","floor":13},{"not_picked":["Bane","Dagger Throw"],"picked":"PiercingWail","floor":14}],"player_experience":1538228,"relics_obtained":[{"floor":7,"key":"Nunchaku"},{"floor":9,"key":"Smiling Mask"},{"floor":13,"key":"Orichalcum"}],"event_choices":[{"damage_healed":0,"gold_gain":150,"player_choice":"AGREE","damage_taken":0,"max_hp_gain":0,"max_hp_loss":0,"event_name":"Liars Game","floor":2,"gold_loss":0,"cards_obtained":["Doubt"]},{"damage_healed":0,"gold_gain":0,"player_choice":"Entered Light","damage_taken":20,"max_hp_gain":0,"max_hp_loss":0,"event_name":"Shining Light","floor":3,"gold_loss":0,"cards_upgraded":["Strike_G","Strike_G"]},{"damage_healed":0,"gold_gain":0,"player_choice":"Donut","damage_taken":0,"max_hp_gain":5,"max_hp_loss":0,"event_name":"Big Fish","floor":8,"gold_loss":0},{"damage_healed":0,"gold_gain":0,"player_choice":"Fled","damage_taken":26,"max_hp_gain":0,"max_hp_loss":0,"event_name":"Scrap Ooze","floor":10,"gold_loss":0}],"is_beta":false,"boss_relics":[],"items_purged_floors":[4],"is_endless":false,"potions_floor_spawned":[1,11,14],"killed_by":"Hexaghost","ascension_level":20}}