{"host":"s794kqxf2n1qz2yr","time":1613339773,"event":{"mods":["2.2 Compatiblity","AchievementEnabler","Aspiration","BaseMod","Downfall","Friendly Minions","Hermit","Minty Spire (QoL Compilation)","Permanent Neow","Spire Arcade","StSLib"],"gold_per_floor":[115,135,135,60,70,70,105,105,105,105,138,38,38,57,57,178,178,192,192,212,226,245,263,286,307,354,378,398,34,52,75,75,199,199,222,235,254,268,289,289,302,316,316,331,355,378,399,34,34,34],"floor_reached":51,"language":"ENG","playtime":2580,"items_purged":["EmptyBody","bronze:Fortify","bronze:BronzeOrb"],"score":1052,"play_id":"9fc04674-3fd1-4337-b7b6-3069469ecdab","local_time":"20210214215613","daily_mods":["SealedDeck","Vintage","Diverse","Heirloom","Flight"],"is_ascension_mode":false,"campfire_choices":[{"data":"Reprogram","floor":6,"key":"SMITH"},{"data":"hexamod:AdvancingGuard","floor":15,"key":"PURGE"},{"data":"hermit:SprayPray","floor":32,"key":"PURGE"},{"data":"hexamod:Hexaguard","floor":40,"key":"SMITH"},{"floor":49,"key":"REST"}],"circlet_count":0,"master_deck":["sneckomod:RainOfDice","DeceiveReality","Twin Strike","Reprogram+1","hexamod:Hexaguard+1"],"relics":["Cracked Core","Peace Pipe","aspiration:StickyExplosives_weak","Ginger","DataDisk","Oddly Smooth Stone","Question Card","Golden Idol","Strawberry","Pen Nib","Busted Crown","aspiration:EnhancedActuators","Letter Opener","Guardian:PocketSentry","CeramicFish","Mummified Hand","Anchor","Orichalcum","Centennial Puzzle","Meat on the Bone","aspiration:FrozenJewel","HornCleat","champ:DeflectingBracers","Mercury Hourglass","Ornamental Fan","Omamori","aspiration:SeaSaltIceCream","Slimebound:AbsorbEndCombat","Shuriken","Juzu Bracelet","Dream Catcher","Blue Candle","Singing Bowl","sneckomod:BlankCard","Cables","Molten Egg 2","aspiration:Lifesprig","aspiration:KaomsHeart"],"acts_visited":["Exordium","TheCity","TheBeyond"],"potions_floor_usage":[11,18],"damage_taken":[{"damage":0,"enemies":"Jaw Worm","floor":1,"turns":2},{"damage":0,"enemies":"Cultist","floor":2,"turns":2},{"damage":7,"enemies":"2 Louse","floor":5,"turns":2},{"damage":2,"enemies":"Lagavulin","floor":7,"turns":6},{"damage":0,"enemies":"Gremlin Nob","floor":11,"turns":3},{"damage":0,"enemies":"2 Fungi Beasts","floor":14,"turns":3},{"damage":37,"enemies":"Hexaghost","floor":16,"turns":6},{"damage":0,"enemies":"2 Thieves","floor":18,"turns":3},{"damage":0,"enemies":"Spheric Guardian","floor":20,"turns":3},{"damage":0,"enemies":"3 Cultists","floor":21,"turns":3},{"damage":0,"enemies":"Cultist and Chosen","floor":22,"turns":4},{"damage":3,"enemies":"Centurion and Healer","floor":23,"turns":4},{"damage":0,"enemies":"Shelled Parasite and Fungi","floor":24,"turns":4},{"damage":0,"enemies":"Chosen and Byrds","floor":25,"turns":3},{"damage":0,"enemies":"Cultist and Chosen","floor":27,"turns":3},{"damage":0,"enemies":"Snake Plant","floor":28,"turns":2},{"damage":0,"enemies":"Chosen and Byrds","floor":30,"turns":4},{"damage":0,"enemies":"Snecko","floor":31,"turns":3},{"damage":0,"enemies":"Champ","floor":33,"turns":7},{"damage":0,"enemies":"3 Darklings","floor":35,"turns":3},{"damage":0,"enemies":"Orb Walker","floor":36,"turns":2},{"damage":0,"enemies":"Jaw Worm Horde","floor":37,"turns":4},{"damage":0,"enemies":"3 Darklings","floor":38,"turns":3},{"damage":6,"enemies":"Spire Growth","floor":39,"turns":4},{"damage":0,"enemies":"Jaw Worm Horde","floor":41,"turns":3},{"damage":0,"enemies":"Transient","floor":42,"turns":5},{"damage":0,"enemies":"Sphere and 2 Shapes","floor":44,"turns":3},{"damage":0,"enemies":"3 Darklings","floor":45,"turns":3},{"damage":0,"enemies":"Transient","floor":46,"turns":5},{"damage":0,"enemies":"Writhing Mass","floor":47,"turns":3},{"damage":0,"enemies":"Awakened One","floor":50,"turns":8}],"seed_played":"-5718952998459290997","potions_obtained":[{"floor":1,"key":"hexamod:SoulburnPotion"},{"floor":2,"key":"DistilledChaos"},{"floor":3,"key":"Guardian:BlockOnCardUsePotion"},{"floor":20,"key":"SteroidPotion"},{"floor":23,"key":"EssenceOfSteel"}],"is_trial":true,"path_per_floor":["M","M","?","$","M","R","E","?","T","?","E","$","?","M","R","B",null,"M","?","M","M","M","M","M","M","T","M","M","$","M","M","R","B",null,"M","M","M","M","M","R","M","M","T","M","M","M","M","$","R","B",null],"character_chosen":"DEFECT","items_purchased":["HornCleat","aspiration:KaomsHeart"],"campfire_rested":1,"item_purchase_floors":[29,48],"current_hp_per_floor":[75,75,75,75,68,68,66,66,66,66,73,73,73,73,73,36,76,76,76,76,76,76,73,73,73,73,73,73,73,73,73,73,73,76,76,76,76,76,70,70,70,70,70,70,70,70,70,170,178,178],"gold":34,"neow_bonus":"","is_daily":false,"chose_seed":false,"campfire_upgraded":2,"win_rate":0.0,"timestamp":1613339773,"path_taken":["M","M","?","?","?","R","E","?","T","?","E","?","?","?","R","BOSS","M","?","M","M","?","M","M","M","T","M","M","$","M","M","R","BOSS","M","M","M","M","M","R","M","M","T","M","M","M","M","$","R","BOSS"],"items_purchased_type":["Relic","Relic"],"build_version":"2020-12-22","purchased_purges":3,"victory":true,"max_hp_per_floor":[75,75,75,75,75,75,75,75,75,69,76,76,76,76,76,76,76,76,76,76,76,76,76,76,76,76,76,76,76,76,76,76,76,76,76,76,76,76,76,76,76,76,76,76,76,76,76,176,178,178],"card_choices":[{"not_picked":["champ:ShieldSigil","bronze:GetLatest","SashWhip"],"picked":"SKIP","floor":7},{"not_picked":["Guardian:Repulse","champ:CrookedStrike","Guardian:Harden","hermit:HighCaliber"],"picked":"SKIP","floor":11},{"not_picked":["bronze:Backtrace+1","hermit:Roulette+1"],"picked":"Singing Bowl","floor":49}],"player_experience":314875,"relics_obtained":[{"floor":1,"key":"aspiration:StickyExplosives_weak"},{"floor":2,"key":"Ginger"},{"floor":5,"key":"DataDisk"},{"floor":7,"key":"Oddly Smooth Stone"},{"floor":9,"key":"Question Card"},{"floor":11,"key":"Strawberry"},{"floor":14,"key":"Pen Nib"},{"floor":18,"key":"aspiration:EnhancedActuators"},{"floor":20,"key":"Letter Opener"},{"floor":21,"key":"Guardian:PocketSentry"},{"floor":22,"key":"CeramicFish"},{"floor":23,"key":"Mummified Hand"},{"floor":24,"key":"Anchor"},{"floor":25,"key":"Orichalcum"},{"floor":26,"key":"Centennial Puzzle"},{"floor":27,"key":"Meat on the Bone"},{"floor":28,"key":"aspiration:FrozenJewel"},{"floor":30,"key":"champ:DeflectingBracers"},{"floor":31,"key":"Mercury Hourglass"},{"floor":35,"key":"Ornamental Fan"},{"floor":36,"key":"Omamori"},{"floor":37,"key":"aspiration:SeaSaltIceCream"},{"floor":38,"key":"Shuriken"},{"floor":39,"key":"Juzu Bracelet"},{"floor":41,"key":"Dream Catcher"},{"floor":42,"key":"Blue Candle"},{"floor":43,"key":"Singing Bowl"},{"floor":44,"key":"sneckomod:BlankCard"},{"floor":45,"key":"Cables"},{"floor":46,"key":"Molten Egg 2"},{"floor":47,"key":"aspiration:Lifesprig"}],"event_choices":[{"damage_healed":0,"gold_gain":0,"player_choice":"Got Potions","damage_taken":0,"max_hp_gain":0,"max_hp_loss":0,"event_name":"Lab","floor":3,"gold_loss":0},{"damage_healed":0,"gold_gain":0,"player_choice":"Lose Max HP","damage_taken":0,"relics_obtained":["Golden Idol"],"max_hp_gain":0,"max_hp_loss":6,"event_name":"Golden Idol","floor":10,"gold_loss":0},{"damage_healed":0,"gold_gain":0,"player_choice":"Leave","damage_taken":0,"max_hp_gain":0,"max_hp_loss":0,"event_name":"The Cleric","floor":13,"gold_loss":0}],"is_beta":false,"boss_relics":[{"not_picked":["Snecko Eye","aspiration:BursterCore"],"picked":"Busted Crown"},{"not_picked":["expansioncontent:StudyCardRelic","bronze:MakeshiftBattery","aspiration:RitualDagger"]}],"items_purged_floors":[4,12,29],"is_endless":false,"potions_floor_spawned":[1,2,7,20,23,25,33,35,37,38,46],"ascension_level":0}}