{"host":"kwnkf6oe0hofj7pp","time":1613320117,"event":{"mods":["AchievementEnabler","BaseMod","Colored Map","Colored Powertips","Curses Come First","DeckTracker","Highlight Path","Minty Spire (QoL Compilation)","Permanent Neow","Quick Restart","Random Character Button","Rare Cards Sparkle","Relic Sorter","Relic Stats","StSLib","SuperFastMode","Unceasing Turn Reminder","everything is the same but u backflip on backflip"],"gold_per_floor":[113,113,20,20,31,31,31,46,98,131,151,164,164,182,182,279,279,299,68,79,4,18,34,34,34,34,61,61,61,79,79,79,176,176,186,198,198,218,118,144,144,144,144,144,172,172,172,183,183,183],"floor_reached":51,"language":"ENG","playtime":3767,"items_purged":["Strike_R","Writhe"],"score":725,"play_id":"d88d7dcf-6e91-4b26-8236-81389323fee9","local_time":"20210214172837","is_ascension_mode":false,"campfire_choices":[{"data":"Whirlwind","floor":6,"key":"SMITH"},{"data":"Bash","floor":13,"key":"SMITH"},{"data":"Metallicize","floor":15,"key":"SMITH"},{"data":"Flex","floor":25,"key":"SMITH"},{"data":"Demon Form","floor":29,"key":"SMITH"},{"data":"Blind","floor":32,"key":"SMITH"},{"data":"Double Tap","floor":41,"key":"SMITH"}],"circlet_count":0,"master_deck":["Strike_R+1","Strike_R+1","Defend_R+1","Defend_R+1","Defend_R+1","Defend_R+1","Bash+1","Whirlwind+1","Blind+1","Pummel+1","Clash+1","Thunderclap+1","Shrug It Off+1","Metallicize+1","Demon Form+1","Flex+1","Burning Pact+1","Necronomicurse","Offering+1","Flex+1","Shrug It Off+1","Master of Strategy+1","Finesse+1","Headbutt+1","Double Tap+1","Battle Trance+1","Feel No Pain+1"],"relics":["Burning Blood","Toy Ornithopter","Darkstone Periapt","Coffee Dripper","Chemical X","White Beast Statue","Bottled Flame","Necronomicon","Centennial Puzzle","Runic Dome","Torii","Sundial","Pen Nib","Mark of the Bloom"],"acts_visited":["Exordium","TheCity","TheBeyond"],"potions_floor_usage":[16,16,23,27,33,38,40,50,50,50],"damage_taken":[{"damage":10,"enemies":"Jaw Worm","floor":1,"turns":5},{"damage":10,"enemies":"Cultist","floor":5,"turns":5},{"damage":5,"enemies":"2 Louse","floor":8,"turns":2},{"damage":22,"enemies":"3 Sentries","floor":10,"turns":5},{"damage":14,"enemies":"Exordium Thugs","floor":11,"turns":4},{"damage":9,"enemies":"Gremlin Gang","floor":12,"turns":3},{"damage":10,"enemies":"Large Slime","floor":14,"turns":6},{"damage":20,"enemies":"Hexaghost","floor":16,"turns":11},{"damage":5,"enemies":"Chosen","floor":18,"turns":4},{"damage":0,"enemies":"3 Byrds","floor":20,"turns":3},{"damage":4,"enemies":"Cultist and Chosen","floor":22,"turns":3},{"damage":4,"enemies":"Centurion and Healer","floor":23,"turns":2},{"damage":15,"enemies":"Slavers","floor":27,"turns":2},{"damage":6,"enemies":"Snake Plant","floor":30,"turns":3},{"damage":20,"enemies":"Collector","floor":33,"turns":6},{"damage":21,"enemies":"3 Shapes","floor":35,"turns":1},{"damage":0,"enemies":"Orb Walker","floor":36,"turns":1},{"damage":29,"enemies":"4 Shapes","floor":38,"turns":8},{"damage":6,"enemies":"Nemesis","floor":40,"turns":1},{"damage":0,"enemies":"Reptomancer","floor":45,"turns":2},{"damage":6,"enemies":"Maw","floor":48,"turns":4},{"damage":24,"enemies":"Donu and Deca","floor":50,"turns":3}],"seed_played":"5952200232976445299","potions_obtained":[{"floor":5,"key":"Strength Potion"},{"floor":8,"key":"DistilledChaos"},{"floor":11,"key":"Dexterity Potion"},{"floor":18,"key":"PowerPotion"},{"floor":20,"key":"GamblersBrew"},{"floor":22,"key":"Regen Potion"},{"floor":27,"key":"EssenceOfSteel"},{"floor":30,"key":"Fire Potion"},{"floor":33,"key":"BlessingOfTheForge"},{"floor":38,"key":"BloodPotion"},{"floor":40,"key":"Weak Potion"},{"floor":45,"key":"PowerPotion"},{"floor":48,"key":"Strength Potion"}],"is_trial":false,"path_per_floor":["M","?","$","$","M","R","?","M","T","E","M","M","R","M","R","B",null,"M","$","M","$","M","M","?","R","T","E","?","R","M","?","R","B",null,"M","M","?","M","$","E","R","?","T","?","E","?","R","M","R","B",null],"character_chosen":"IRONCLAD","items_purchased":["Blind","Chemical X","Disarm"],"campfire_rested":0,"item_purchase_floors":[3,19,19],"current_hp_per_floor":[76,76,76,76,72,72,72,73,73,57,49,46,46,42,42,38,80,80,80,80,80,80,80,80,80,80,71,61,61,61,67,67,58,92,77,83,73,70,70,92,92,87,87,87,87,87,87,81,81,57],"gold":183,"neow_bonus":"REMOVE_CARD","is_daily":false,"chose_seed":false,"campfire_upgraded":7,"win_rate":0.0,"timestamp":1613320117,"path_taken":["M","?","?","$","M","R","?","?","T","E","M","?","R","M","R","BOSS","M","$","M","$","M","M","?","R","T","E","?","R","?","?","R","BOSS","M","M","?","M","$","E","R","?","T","?","E","?","R","M","R","BOSS"],"items_purchased_type":["Card","Relic","Card"],"build_version":"2020-12-22","purchased_purges":2,"victory":true,"max_hp_per_floor":[80,80,80,80,80,80,80,80,80,80,80,80,80,80,80,80,80,80,80,80,80,80,80,80,80,80,80,86,86,86,92,92,92,92,92,92,92,92,92,92,92,87,87,87,87,87,87,87,87,87],"relic_stats":{"Darkstone Periapt":12,"Centennial Puzzle":[18],"Mark of the Bloom":27,"Torii":0,"counters":[22,84],"Sundial":[0],"Pen Nib":[2],"Necronomicon":[17],"Chemical X":[24],"obtain_stats":[{"Darkstone Periapt":10,"Mark of the Bloom":46,"Torii":40,"Pen Nib":45,"Burning Blood":0,"White Beast Statue":26,"Runic Dome":34,"Bottled Flame":27,"Centennial Puzzle":31,"Sundial":43,"Coffee Dripper":17,"Necronomicon":28,"Chemical X":19,"Toy Ornithopter":9},{"Darkstone Periapt":4,"Mark of the Bloom":20,"Torii":19,"Pen Nib":20,"Burning Blood":0,"White Beast Statue":12,"Runic Dome":15,"Bottled Flame":13,"Centennial Puzzle":14,"Sundial":19,"Coffee Dripper":8,"Necronomicon":13,"Chemical X":9,"Toy Ornithopter":3},{"Darkstone Periapt":17,"Mark of the Bloom":77,"Torii":75,"Pen Nib":77,"Burning Blood":0,"White Beast Statue":53,"Runic Dome":64,"Bottled Flame":55,"Centennial Puzzle":58,"Sundial":75,"Coffee Dripper":41,"Necronomicon":55,"Chemical X":45,"Toy Ornithopter":12}],"Burning Blood":99,"Toy Ornithopter":28},"card_choices":[{"not_picked":["Flex","Body Slam"],"picked":"Whirlwind","floor":1},{"not_picked":["Anger","Rampage"],"picked":"Pummel","floor":5},{"not_picked":["Uppercut","Dropkick"],"picked":"Clash","floor":8},{"not_picked":["Sword Boomerang","Iron Wave","Heavy Blade"],"picked":"SKIP","floor":10},{"not_picked":["Twin Strike","Dropkick"],"picked":"Thunderclap","floor":11},{"not_picked":["Armaments","Dropkick"],"picked":"Shrug It Off","floor":12},{"not_picked":["Warcry","Iron Wave"],"picked":"Metallicize","floor":14},{"not_picked":["Limit Break","Juggernaut"],"picked":"Demon Form","floor":16},{"not_picked":["Cleave","Wild Strike"],"picked":"Flex","floor":18},{"not_picked":["Reckless Charge","Inflame","Dropkick"],"picked":"SKIP","floor":20},{"not_picked":["Havoc","Fire Breathing"],"picked":"Burning Pact","floor":22},{"not_picked":["Feel No Pain","Armaments","Perfected Strike"],"picked":"SKIP","floor":23},{"not_picked":["Carnage","Dual Wield","Warcry"],"picked":"SKIP","floor":27},{"not_picked":["Headbutt","Rampage+1","Anger"],"picked":"SKIP","floor":30},{"not_picked":["Juggernaut","Barricade"],"picked":"Offering","floor":33},{"not_picked":["Shrug It Off","Sword Boomerang+1"],"picked":"Flex+1","floor":35},{"not_picked":["Seeing Red","Evolve+1"],"picked":"Shrug It Off+1","floor":36},{"not_picked":["Flash of Steel","Bandage Up"],"picked":"Master of Strategy","floor":37},{"not_picked":["Swift Strike","Metamorphosis"],"picked":"Finesse","floor":37},{"not_picked":["Perfected Strike+1","Metallicize"],"picked":"Headbutt+1","floor":38},{"not_picked":["Headbutt","Anger+1"],"picked":"Double Tap","floor":40},{"not_picked":["Metallicize","Seeing Red"],"picked":"Battle Trance","floor":45},{"not_picked":["Perfected Strike","Cleave+1"],"picked":"Feel No Pain+1","floor":48}],"player_experience":27006,"relics_obtained":[{"floor":9,"key":"Toy Ornithopter"},{"floor":10,"key":"Darkstone Periapt"},{"floor":26,"key":"White Beast Statue"},{"floor":27,"key":"Bottled Flame"},{"floor":28,"key":"Necronomicon"},{"floor":40,"key":"Torii"},{"floor":43,"key":"Sundial"},{"floor":45,"key":"Pen Nib"}],"event_choices":[{"damage_healed":0,"gold_gain":0,"player_choice":"Ignored","damage_taken":0,"max_hp_gain":0,"max_hp_loss":0,"event_name":"NoteForYourself","floor":2,"gold_loss":0},{"cards_removed":["Strike_R"],"damage_healed":0,"gold_gain":0,"player_choice":"Purged","damage_taken":0,"max_hp_gain":0,"max_hp_loss":0,"event_name":"Purifier","floor":7,"gold_loss":0},{"damage_healed":0,"gold_gain":0,"player_choice":"Ignored","damage_taken":0,"max_hp_gain":0,"max_hp_loss":0,"event_name":"Vampires","floor":24,"gold_loss":0},{"damage_healed":0,"gold_gain":0,"player_choice":"Obtained Book","damage_taken":16,"max_hp_gain":0,"max_hp_loss":0,"event_name":"Cursed Tome","floor":28,"gold_loss":0},{"damage_healed":0,"gold_gain":0,"player_choice":"Opened","damage_taken":0,"relics_obtained":["Centennial Puzzle"],"max_hp_gain":0,"max_hp_loss":0,"event_name":"The Mausoleum","floor":31,"gold_loss":0,"cards_obtained":["Writhe"]},{"damage_healed":0,"gold_gain":0,"player_choice":"Memory 3","damage_taken":10,"max_hp_gain":0,"max_hp_loss":0,"event_name":"SensoryStone","floor":37,"gold_loss":0},{"damage_healed":0,"gold_gain":0,"player_choice":"Max HP","damage_taken":0,"max_hp_gain":0,"max_hp_loss":5,"event_name":"Winding Halls","floor":42,"gold_loss":0},{"cards_removed":["Disarm"],"damage_healed":0,"gold_gain":0,"player_choice":"Removed Skill","damage_taken":0,"max_hp_gain":0,"max_hp_loss":0,"event_name":"Falling","floor":44,"gold_loss":0},{"damage_healed":0,"gold_gain":0,"player_choice":"Upgrade","damage_taken":0,"relics_obtained":["Mark of the Bloom"],"max_hp_gain":0,"max_hp_loss":0,"event_name":"MindBloom","floor":46,"gold_loss":0,"cards_upgraded":["Strike_R","Strike_R","Defend_R","Defend_R","Defend_R","Defend_R","Pummel","Clash","Thunderclap","Shrug It Off","Burning Pact","Offering","Master of Strategy","Finesse","Battle Trance"]}],"is_beta":false,"boss_relics":[{"not_picked":["Runic Cube","Fusion Hammer"],"picked":"Coffee Dripper"},{"not_picked":["Black Blood","Runic Pyramid"],"picked":"Runic Dome"}],"items_purged_floors":[21,39],"is_endless":false,"potions_floor_spawned":[5,8,11,12,18,20,22,27,30,33,35,36,38,40,45,48],"ascension_level":0}}