{"host":"c83fcgyuu74iknko","time":1613290511,"event":{"mods":["BaseMod","BetterRewards","Colored Map","Colored Powertips","Minty Spire (QoL Compilation)","Quick Restart","StSLib","The Animator","The Senshi"],"gold_per_floor":[110,122,122,137,37,80,80,93,117,292,307,307,29,63,63,163,163,179,179,150,150,150],"floor_reached":21,"language":"ENG","playtime":1321,"items_purged":["animator:Defend","animator:Strike","animator:Defend"],"score":227,"play_id":"1a4d658f-9b4f-4b1c-8aeb-72be385931ed","local_time":"20210214001511","is_ascension_mode":true,"campfire_choices":[{"data":"animator:DwarfShaman","floor":7,"key":"SMITH"},{"data":"animator:LizardPriest","floor":15,"key":"SMITH"}],"circlet_count":0,"master_deck":["animator:Strike_GoblinSlayer","animator:Defend_GoblinSlayer","animator:Strike","animator:Strike","animator:Defend","animator:LizardPriest+1","animator:DwarfShaman+1","animator:YachiyoNanami","animator:YachiyoNanami","animator:Spearman","Doubt","Parasite","animator:Sora","animator:GuildGirl","animator:GuildGirl"],"relics":["animator:LivingPicture","animator:TheMissingPiece","animator:EngravedStaff","White Beast Statue","Regal Pillow","Boot","Vajra","Happy Flower","Cursed Key"],"acts_visited":["Exordium","TheCity"],"potions_floor_usage":[4,11,16,16,21],"damage_taken":[{"damage":0,"enemies":"2 Louse","floor":1,"turns":2},{"damage":0,"enemies":"Small Slimes","floor":2,"turns":4},{"damage":0,"enemies":"Jaw Worm","floor":4,"turns":5},{"damage":25,"enemies":"Gremlin Nob","floor":6,"turns":6},{"damage":6,"enemies":"Blue Slaver","floor":8,"turns":5},{"damage":8,"enemies":"Lots of Slimes","floor":11,"turns":4},{"damage":9,"enemies":"Lagavulin","floor":14,"turns":6},{"damage":15,"enemies":"The Guardian","floor":16,"turns":8},{"damage":13,"enemies":"Chosen","floor":18,"turns":6},{"damage":17,"enemies":"2 Thieves","floor":20,"turns":5},{"damage":37,"enemies":"Snake Plant","floor":21,"turns":4}],"seed_played":"3302206226899277292","potions_obtained":[{"floor":2,"key":"Block Potion"},{"floor":4,"key":"Energy Potion"},{"floor":6,"key":"Dexterity Potion"},{"floor":8,"key":"Fire Potion"},{"floor":11,"key":"Strength Potion"},{"floor":14,"key":"Dexterity Potion"},{"floor":16,"key":"Ancient Potion"},{"floor":18,"key":"LiquidBronze"},{"floor":20,"key":"ColorlessPotion"}],"is_trial":false,"path_per_floor":["M","M","?","M","$","E","R","M","T","?","M","?","$","E","R","B",null,"M","?","M","M"],"character_chosen":"THE_ANIMATOR","items_purchased":["animator:EngravedStaff","Vajra"],"campfire_rested":0,"item_purchase_floors":[0,13],"current_hp_per_floor":[66,66,63,63,63,38,38,32,32,32,24,40,40,31,31,16,66,54,54,37,0,0],"gold":150,"neow_bonus":"","is_daily":false,"chose_seed":false,"campfire_upgraded":2,"win_rate":0.0,"timestamp":1613290511,"path_taken":["M","M","?","M","$","E","R","M","T","?","M","?","?","E","R","BOSS","M","?","M","M"],"items_purchased_type":["Relic","Relic"],"build_version":"2020-12-22","purchased_purges":3,"victory":false,"max_hp_per_floor":[66,66,66,66,66,66,66,66,66,66,66,66,66,66,66,66,66,67,67,67,67,67],"card_choices":[{"not_picked":["animator:Shinoa","animator:SayakaMiki"],"picked":"animator:YachiyoNanami","floor":1},{"not_picked":["animator:Sonic","animator:Illya","animator:Yuuichirou"],"picked":"SKIP","floor":2},{"not_picked":["animator:Berserker","animator:Yoichi"],"picked":"animator:YachiyoNanami","floor":4},{"not_picked":["animator:LizardPriest","animator:DwarfShaman"],"picked":"animator:Spearman","floor":6},{"not_picked":["animator:DwarfShaman","animator:DolaRiku","animator:DolaCouronne"],"picked":"SKIP","floor":8},{"not_picked":["animator:Spearman","animator:Mitsuba","animator:ElricEdward"],"picked":"SKIP","floor":11},{"not_picked":["animator:ChlammyZell","animator:IzunaHatsuse","animator:Mikaela"],"picked":"SKIP","floor":14},{"not_picked":["animator:Boros","animator:Guren"],"picked":"animator:Sora","floor":16},{"not_picked":["animator:CowGirl","animator:Spearman"],"picked":"animator:GuildGirl","floor":18},{"not_picked":["animator:HiiragiShinya","animator:Genos","animator:WinryRockbell+1"],"picked":"SKIP","floor":20}],"player_experience":262517,"relics_obtained":[{"floor":6,"key":"Regal Pillow"},{"floor":9,"key":"Boot"},{"floor":14,"key":"Happy Flower"}],"event_choices":[{"damage_healed":0,"gold_gain":0,"player_choice":"Success","damage_taken":3,"relics_obtained":["White Beast Statue"],"max_hp_gain":0,"max_hp_loss":0,"event_name":"Scrap Ooze","floor":3,"gold_loss":0},{"damage_healed":0,"gold_gain":175,"player_choice":"AGREE","damage_taken":0,"max_hp_gain":0,"max_hp_loss":0,"event_name":"Liars Game","floor":10,"gold_loss":0,"cards_obtained":["Doubt"]},{"damage_healed":16,"gold_gain":0,"player_choice":"Healed and dodged fight","damage_taken":0,"max_hp_gain":0,"max_hp_loss":0,"event_name":"Mushrooms","floor":12,"gold_loss":0,"cards_obtained":["Parasite"]},{"damage_healed":0,"gold_gain":0,"player_choice":"Copied","damage_taken":0,"max_hp_gain":0,"max_hp_loss":0,"event_name":"Duplicator","floor":19,"gold_loss":0,"cards_obtained":["animator:GuildGirl"]}],"is_beta":false,"boss_relics":[{"not_picked":["SacredBark","Pandora\u0027s Box"],"picked":"Cursed Key"}],"items_purged_floors":[0,5,13],"is_endless":false,"potions_floor_spawned":[2,4,6,8,11,14,16,18,20],"killed_by":"Snake Plant","ascension_level":4}}