{"host":"yfdtuf6ojcxn06xg","time":1613276829,"event":{"mods":["2.2 Compatiblity","AchievementEnabler","BaseMod","Colored Map","Colored Powertips","Curses Come First","Hermit","JesterMod","Jorbs\u0027s Wanderer Trilogy","Minty Spire (QoL Compilation)","Quick Restart","Rare Cards Sparkle","Relic Stats","Replay The Spire","StSLib","The Cursed","The Disciple","The Hierophant","The Jungle","The Marked","The Necromancer","The Servant 0.9.4"],"gold_per_floor":[112,130,60,60,75,75,96,112,164,179,206,219,76,76,76,175,225,237,237,237,253,268,268,279,279,279,83,83,97,97,126,126,221,221,241,241,341,14,27,27,41,61,61,61,61],"floor_reached":44,"language":"ENG","playtime":1811,"items_purged":["Strike_G","Strike_G","Strike_G"],"score":455,"play_id":"d10425be-1e47-4d13-ab03-b753c5423279","local_time":"20210213232709","is_ascension_mode":false,"campfire_choices":[{"data":"Blade Dance","floor":6,"key":"SMITH"},{"floor":15,"key":"REST"},{"data":"A Thousand Cuts","floor":23,"key":"SMITH"},{"floor":25,"key":"REST"},{"floor":28,"key":"REST"},{"floor":32,"key":"REST"},{"data":"A Thousand Cuts","floor":40,"key":"SMITH"}],"circlet_count":0,"master_deck":["Strike_G+1","Defend_G+1","Defend_G","Defend_G","Defend_G","Defend_G","Survivor","Neutralize+1","Hidden Blade","Blade Dance+1","Backstab+1","Cloak And Dagger","A Thousand Cuts+1","Footwork","Caltrops","A Thousand Cuts+1","Prepared","Cloak And Dagger+1","Finesse","Caltrops+1","Deflect","Die Die Die","ReplayTheSpireMod:Speed Training","Flash of Steel","Backstab","Footwork","Endless Agony+1","Slice"],"relics":["Ring of the Snake","Odd Mushroom","Boot","Art of War","Tiny House","Replay:Baseball","Shovel","Replay:Bottled Snecko","Black Star","Frozen Egg 2"],"acts_visited":["Exordium","Exordium","TheBeyond"],"potions_floor_usage":[11,16,18,24,24,33,33,41],"damage_taken":[{"damage":0,"enemies":"Cultist","floor":1,"turns":4},{"damage":4,"enemies":"Small Slimes","floor":2,"turns":4},{"damage":1,"enemies":"Jaw Worm","floor":5,"turns":3},{"damage":11,"enemies":"The Mushroom Lair","floor":7,"turns":4},{"damage":5,"enemies":"Exordium Thugs","floor":8,"turns":4},{"damage":0,"enemies":"Blue Slaver","floor":10,"turns":2},{"damage":8,"enemies":"Lagavulin","floor":11,"turns":4},{"damage":0,"enemies":"Gremlin Gang","floor":12,"turns":4},{"damage":14,"enemies":"Hexaghost","floor":16,"turns":11},{"damage":3,"enemies":"theJungle:5_Spyders","floor":18,"turns":6},{"damage":7,"enemies":"theJungle:Flameango_and_Byrd","floor":21,"turns":5},{"damage":35,"enemies":"theJungle:Snecko_Cultist_And_Trap","floor":22,"turns":5},{"damage":19,"enemies":"theJungle:2_Flameangoes","floor":24,"turns":6},{"damage":14,"enemies":"Snake Plant","floor":29,"turns":3},{"damage":0,"enemies":"theJungle:2_Phrogs","floor":31,"turns":6},{"damage":8,"enemies":"theJungle:QueenSpyder","floor":33,"turns":8},{"damage":33,"enemies":"3 Darklings","floor":35,"turns":3},{"damage":0,"enemies":"3 Shapes","floor":39,"turns":4},{"damage":35,"enemies":"Transient","floor":41,"turns":5},{"damage":14,"enemies":"Maw","floor":42,"turns":7},{"damage":18,"enemies":"Giant Head","floor":44,"turns":8}],"seed_played":"-419528319282876988","potions_obtained":[{"floor":7,"key":"Strength Potion"},{"floor":8,"key":"CunningPotion"},{"floor":12,"key":"Block Potion"},{"floor":16,"key":"Energy Potion"},{"floor":17,"key":"Milkshake"},{"floor":21,"key":"Dexterity Potion"},{"floor":22,"key":"Weak Potion"},{"floor":31,"key":"DistilledChaos"},{"floor":39,"key":"Regen Potion"},{"floor":42,"key":"Elixir"}],"is_trial":false,"path_per_floor":["M","M","$","?","M","R","?","M","T","M","E","M","$","$","R","B",null,"M","?","?","M","M","R","M","R","T","$","R","M","?","E","R","B",null,"M","?","?","$","M","R","M","M","T","E"],"character_chosen":"THE_SILENT","items_purchased":["Backstab","Caltrops","Finesse","Flash of Steel","Backstab","Footwork"],"campfire_rested":4,"item_purchase_floors":[3,13,27,38,38,38],"current_hp_per_floor":[70,66,66,52,51,51,40,35,35,35,27,27,27,27,48,34,75,72,72,72,65,30,30,11,33,33,33,55,41,29,29,51,43,75,42,42,42,42,42,42,22,8,8,0,0],"gold":61,"neow_bonus":"UPGRADE_CARD","is_daily":false,"chose_seed":false,"campfire_upgraded":3,"win_rate":0.0,"timestamp":1613276829,"path_taken":["M","M","$","?","M","R","?","M","T","M","E","M","?","$","R","BOSS","M","?","?","M","?","R","M","R","T","$","R","M","?","E","R","BOSS","M","?","?","$","M","R","M","?","T","E"],"items_purchased_type":["Card","Card","Card","Card","Card","Card"],"build_version":"2020-12-22","purchased_purges":3,"victory":false,"max_hp_per_floor":[70,70,70,70,70,70,70,70,70,70,70,70,70,70,70,70,75,75,75,75,75,75,75,75,75,75,75,75,75,75,75,75,75,75,75,75,75,75,75,75,75,75,75,75,75],"relic_stats":{"Shovel":0,"counters":[21,106],"Art of War":[7],"Black Star":0,"Boot":[201],"obtain_stats":[{"Replay:Baseball":26,"Tiny House":17,"Shovel":30,"Art of War":11,"Black Star":34,"Replay:Bottled Snecko":31,"Odd Mushroom":7,"Frozen Egg 2":43,"Boot":9,"Ring of the Snake":0},{"Replay:Baseball":13,"Tiny House":9,"Shovel":14,"Art of War":7,"Black Star":16,"Replay:Bottled Snecko":15,"Odd Mushroom":4,"Frozen Egg 2":20,"Boot":5,"Ring of the Snake":0},{"Replay:Baseball":62,"Tiny House":40,"Shovel":65,"Art of War":25,"Black Star":79,"Replay:Bottled Snecko":71,"Odd Mushroom":15,"Frozen Egg 2":98,"Boot":19,"Ring of the Snake":0}],"Ring of the Snake":[42]},"card_choices":[{"not_picked":["Dagger Throw","Quick Slash"],"picked":"Hidden Blade","floor":1},{"not_picked":["ReplayTheSpireMod:Speed Training","Heel Hook"],"picked":"Blade Dance","floor":2},{"not_picked":["Draining Mist","Flechettes","Quick Slash"],"picked":"SKIP","floor":5},{"not_picked":["Hidden Blade","PiercingWail"],"picked":"Cloak And Dagger","floor":8},{"not_picked":["Cloak And Dagger","Hidden Blade"],"picked":"A Thousand Cuts","floor":10},{"not_picked":["Dagger Throw","Replay:Poison Smokescreen","Dash"],"picked":"SKIP","floor":11},{"not_picked":["Backflip","Deadly Poison"],"picked":"Footwork","floor":12},{"not_picked":["Envenom","Grand Finale"],"picked":"A Thousand Cuts","floor":16},{"not_picked":["Toxin Wave","Replay:Poison Smokescreen"],"picked":"Prepared","floor":18},{"not_picked":["Quick Slash","Dagger Throw","Sneak Up"],"picked":"SKIP","floor":21},{"not_picked":["Heel Hook","Bane","PiercingWail"],"picked":"SKIP","floor":22},{"not_picked":["Dagger Spray","Acrobatics"],"picked":"Cloak And Dagger+1","floor":24},{"not_picked":["Die Die Die","Terror"],"picked":"Caltrops+1","floor":29},{"not_picked":["Prepared+1","Outmaneuver"],"picked":"Deflect","floor":31},{"not_picked":["ReplayTheSpireMod:From All Sides","Unload"],"picked":"Die Die Die","floor":33},{"not_picked":["Deadly Poison","Acrobatics"],"picked":"ReplayTheSpireMod:Speed Training","floor":35},{"not_picked":["Bouncing Flask","Acrobatics"],"picked":"Endless Agony+1","floor":39},{"not_picked":["Quick Slash+1","Tactician+1","Sucker Punch"],"picked":"SKIP","floor":41},{"not_picked":["Acrobatics+1","Flying Knee"],"picked":"Slice","floor":42}],"player_experience":266348,"relics_obtained":[{"floor":7,"key":"Odd Mushroom"},{"floor":9,"key":"Boot"},{"floor":11,"key":"Art of War"},{"floor":26,"key":"Replay:Baseball"},{"floor":31,"key":"Replay:Bottled Snecko"},{"floor":43,"key":"Frozen Egg 2"}],"event_choices":[{"damage_healed":0,"gold_gain":0,"player_choice":"Entered Light","damage_taken":14,"max_hp_gain":0,"max_hp_loss":0,"event_name":"Shining Light","floor":4,"gold_loss":0,"cards_upgraded":["Backstab","Strike_G"]},{"damage_healed":0,"gold_gain":0,"player_choice":"Fought Mushrooms","damage_taken":0,"max_hp_gain":0,"max_hp_loss":0,"event_name":"Mushrooms","floor":7,"gold_loss":0},{"cards_removed":["Strike_G"],"damage_healed":0,"gold_gain":0,"player_choice":"Offered Basic","damage_taken":0,"max_hp_gain":0,"max_hp_loss":0,"event_name":"Bonfire Elementals","floor":20,"gold_loss":0},{"damage_healed":0,"gold_gain":100,"player_choice":"Pray","damage_taken":0,"max_hp_gain":0,"max_hp_loss":0,"event_name":"Golden Shrine","floor":37,"gold_loss":0}],"is_beta":false,"boss_relics":[{"not_picked":["Replay:Fungal Core","Ectoplasm"],"picked":"Tiny House"},{"not_picked":["ChewingGum","Replay:Bronze Core"],"picked":"Black Star"}],"items_purged_floors":[13,27,38],"is_endless":false,"potions_floor_spawned":[7,8,12,16,21,22,31,39,42],"killed_by":"Giant Head","ascension_level":0}}