{"host":"3twtdwjpiqhvvn5s","time":1613272985,"event":{"mods":["AchievementEnabler","Act Like it!","Aspiration","BaseMod","BetterRewards","Colored Map","Colored Powertips","Downfall","Duelist Mod","Friendly Minions","GifTheSpireLib","Hermit","Hubris","Infinite Spire","Jorbs\u0027s Wanderer Trilogy","Koishi","KomeijiMod","Marisa????????","Minty Spire (QoL Compilation)","Quick Restart","Rare Cards Sparkle","Replay The Spire","Shop Mod","StSLib","Td1madao Mod","The Administrix","The Animator","The Bug Knight","The Caster","The Cursed","The Disciple","The Hierophant","The Necromancer","The Poker Player","The Runesmith","The Servant 0.9.4"],"gold_per_floor":[99,99,153,185,200,200,220,220,270,280,300,325,325,352,352,457,457,470,470,498,510,522,552,552,581,581,595,621,641,641,641,641],"floor_reached":31,"language":"ENG","playtime":7014,"items_purged":[],"score":395,"play_id":"0544e2d2-af7f-4cd4-97da-9efec61418bd","local_time":"20210213212305","daily_mods":["DeadlyEvents"],"is_ascension_mode":false,"campfire_choices":[{"data":"SuperPerseids","floor":6,"key":"SMITH"},{"data":"StarDustReverie","floor":8,"key":"SMITH"},{"floor":15,"key":"REST"},{"floor":24,"key":"REST"}],"circlet_count":0,"master_deck":["stsjorbsmod:ForbiddenGrimoire+1","stsjorbsmod:Strike_Wanderer","stsjorbsmod:Strike_Wanderer","stsjorbsmod:Strike_Wanderer","stsjorbsmod:Strike_Wanderer","stsjorbsmod:Defend_Wanderer","stsjorbsmod:Defend_Wanderer","stsjorbsmod:Defend_Wanderer","stsjorbsmod:FreshAdventure","stsjorbsmod:EyeOfTheStorm","stsjorbsmod:WeightOfMemory+1","ShootingEcho","SuperPerseids+1","stsjorbsmod:TinyHut","stsjorbsmod:UnseenServant","StarDustReverie+1","IllusionStar","ManaConvection","stsjorbsmod:Message","WitchLeyline","stsjorbsmod:Withdraw","hubris:NaturalOne","stsjorbsmod:Counterspell","stsjorbsmod:MagicMirror","stsjorbsmod:Will","stsjorbsmod:UnseenServant","stsjorbsmod:UnseenServant+1","stsjorbsmod:Message","stsjorbsmod:UnseenServant+1"],"relics":["stsjorbsmod:GrimoireRelic","ReplayTheSpireMod:Ring of Addiction","Ring of Fangs","SacredBark","White Beast Statue","aspiration:SeaSaltIceCream","aspiration:Nostalgia","ThirstyCrossSpe","Bag of Marbles","Ornamental Fan","hubris:Icosahedron","hubris:DeckOfHolding","bronze:MakeshiftBattery","Dead Branch","HollowMod:PaleOreRelic","Bottled Flame","InkBottle","Replay:Baseball"],"acts_visited":["Exordium","TheCity"],"potions_floor_usage":[11,14,16,16,16,18,20,21,22,23,25,29,30,30,30],"damage_taken":[{"damage":1,"enemies":"2 Louse","floor":4,"turns":2},{"damage":0,"enemies":"Jaw Worm","floor":5,"turns":1},{"damage":0,"enemies":"Small Slimes","floor":7,"turns":2},{"damage":0,"enemies":"Exordium Wildlife","floor":10,"turns":1},{"damage":5,"enemies":"Looter","floor":11,"turns":3},{"damage":11,"enemies":"Gremlin Nob","floor":12,"turns":4},{"damage":17,"enemies":"HollowMod:MossKnight","floor":14,"turns":9},{"damage":12,"enemies":"Slime Boss","floor":16,"turns":6},{"damage":3,"enemies":"2 Thieves","floor":18,"turns":4},{"damage":19,"enemies":"theDuelist:KaibaA2","floor":20,"turns":7},{"damage":1,"enemies":"Shell Parasite","floor":21,"turns":4},{"damage":3,"enemies":"Snake Plant","floor":22,"turns":2},{"damage":26,"enemies":"Slavers","floor":23,"turns":6},{"damage":5,"enemies":"theDuelist:KaibaA2","floor":25,"turns":2},{"damage":2,"enemies":"3 Cultists","floor":27,"turns":2},{"damage":0,"enemies":"Gremlin Leader","floor":28,"turns":4},{"damage":1,"enemies":"Snecko","floor":29,"turns":4},{"damage":9,"enemies":"theDuelist:KaibaA2","floor":30,"turns":3},{"damage":22,"enemies":"Gremlin Leader","floor":31,"turns":5}],"seed_played":"-4778484670433416880","potions_obtained":[{"floor":2,"key":"Energy Potion"},{"floor":2,"key":"Fire Potion"},{"floor":2,"key":"CalmPotion"},{"floor":4,"key":"Strength Potion"},{"floor":5,"key":"Ancient Potion"},{"floor":7,"key":"stsjorbsmod:LiquidClarity"},{"floor":10,"key":"PowerPotion"},{"floor":11,"key":"Swift Potion"},{"floor":12,"key":"Milkshake"},{"floor":14,"key":"Adrenaline Potion"},{"floor":16,"key":"Adrenaline Potion"},{"floor":18,"key":"Strength Potion"},{"floor":20,"key":"Ancient Potion"},{"floor":21,"key":"SneckoOil"},{"floor":22,"key":"stsjorbsmod:LiquidVirtue"},{"floor":23,"key":"Fire Potion"},{"floor":25,"key":"champ:CounterPotion"},{"floor":27,"key":"LiquidBronze"},{"floor":28,"key":"PowerPotion"},{"floor":29,"key":"hexamod:SoulburnPotion"}],"is_trial":true,"path_per_floor":["?","?","?","M","M","R","M","R","T","M","M","E","?","E","R","B",null,"M","?","E","M","M","E","R","E","T","M","E","M","E","E"],"character_chosen":"WANDERER","items_purchased":[],"campfire_rested":2,"item_purchase_floors":[],"current_hp_per_floor":[68,68,68,68,68,66,66,66,64,64,62,52,52,35,54,43,64,62,62,44,45,42,16,35,30,30,28,29,29,20,0,0],"gold":641,"neow_bonus":"","is_daily":false,"chose_seed":false,"campfire_upgraded":2,"win_rate":0.0,"timestamp":1613272985,"path_taken":["?","?","?","M","M","R","?","R","T","M","M","?","?","?","R","BOSS","M","?","?","M","M","E","R","?","T","?","?","M","?","?"],"items_purchased_type":[],"build_version":"2020-12-22","purchased_purges":0,"victory":false,"max_hp_per_floor":[68,68,68,68,68,66,66,66,64,64,64,64,64,64,64,64,64,64,64,64,64,64,64,64,64,64,64,64,62,62,62,62],"card_choices":[{"not_picked":["EventHorizon","stsjorbsmod:FracturedMind"],"picked":"ShootingEcho","floor":3},{"not_picked":["stsjorbsmod:Index","stsjorbsmod:ArcaneWeapon"],"picked":"SuperPerseids","floor":3},{"not_picked":["stsjorbsmod:FracturedMind","StarBarrage"],"picked":"stsjorbsmod:TinyHut","floor":4},{"not_picked":["stsjorbsmod:Mindworm","stsjorbsmod:Firebolt"],"picked":"stsjorbsmod:UnseenServant","floor":5},{"not_picked":["stsjorbsmod:Inferno","stsjorbsmod:Mending"],"picked":"StarDustReverie","floor":7},{"not_picked":["MeteoricShower","stsjorbsmod:MistyStep"],"picked":"IllusionStar","floor":10},{"not_picked":["stsjorbsmod:Prepare","stsjorbsmod:ChainLightning"],"picked":"ManaConvection","floor":11},{"not_picked":["MagicAbsorber","SporeBomb"],"picked":"stsjorbsmod:Message","floor":12},{"not_picked":["stsjorbsmod:Will","SporeBomb"],"picked":"WitchLeyline","floor":14},{"not_picked":["stsjorbsmod:Feast","stsjorbsmod:Determination"],"picked":"stsjorbsmod:Withdraw","floor":16},{"not_picked":["stsjorbsmod:LocateObject+1","stsjorbsmod:WanderingMind"],"picked":"stsjorbsmod:Counterspell","floor":18},{"not_picked":["stsjorbsmod:ChatteringStrike+1","stsjorbsmod:Hibernate"],"picked":"stsjorbsmod:MagicMirror","floor":20},{"not_picked":["stsjorbsmod:FracturedMind+1","stsjorbsmod:ChatteringStrike","stsjorbsmod:ArcaneWeapon"],"picked":"SKIP","floor":21},{"not_picked":["stsjorbsmod:Hibernate","stsjorbsmod:TrueStrike"],"picked":"stsjorbsmod:Will","floor":22},{"not_picked":["stsjorbsmod:TrueStrike","stsjorbsmod:Prepare"],"picked":"stsjorbsmod:UnseenServant","floor":23},{"not_picked":["stsjorbsmod:TollTheDead","stsjorbsmod:DoubleCheck"],"picked":"stsjorbsmod:UnseenServant+1","floor":25},{"not_picked":["stsjorbsmod:Counterspell","stsjorbsmod:GatherPower"],"picked":"stsjorbsmod:Message","floor":27},{"not_picked":["stsjorbsmod:TrueStrike","stsjorbsmod:Fear","stsjorbsmod:Hurt"],"picked":"SKIP","floor":28},{"not_picked":["stsjorbsmod:MageArmor","stsjorbsmod:WanderingMind"],"picked":"stsjorbsmod:UnseenServant+1","floor":29}],"player_experience":2928177,"relics_obtained":[{"floor":2,"key":"ReplayTheSpireMod:Ring of Addiction"},{"floor":2,"key":"Ring of Fangs"},{"floor":2,"key":"SacredBark"},{"floor":2,"key":"White Beast Statue"},{"floor":3,"key":"aspiration:SeaSaltIceCream"},{"floor":9,"key":"Bag of Marbles"},{"floor":12,"key":"Ornamental Fan"},{"floor":14,"key":"hubris:DeckOfHolding"},{"floor":20,"key":"Dead Branch"},{"floor":23,"key":"HollowMod:PaleOreRelic"},{"floor":25,"key":"Bottled Flame"},{"floor":26,"key":"InkBottle"},{"floor":28,"key":"Replay:Baseball"}],"event_choices":[{"damage_healed":0,"gold_gain":0,"player_choice":"Ignored","damage_taken":0,"max_hp_gain":0,"max_hp_loss":0,"event_name":"N\u0027loth","floor":19,"gold_loss":0}],"is_beta":false,"boss_relics":[{"not_picked":["Calling Bell","Fusion Hammer"],"picked":"bronze:MakeshiftBattery"}],"items_purged_floors":[],"is_endless":false,"potions_floor_spawned":[4,5,7,10,11,12,14,16,18,20,21,22,23,25,27,28,29,30],"killed_by":"Gremlin Leader","ascension_level":0}}