{"host":"z3qs3l37sjzyczji","time":1613278585,"event":{"mods":["AchievementEnabler","BaseMod","Colored Map","Colored Powertips","Keyboard Shortcuts","Minty Spire (QoL Compilation)","Relic Stats","SuperFastMode"],"gold_per_floor":[16,16,26,42,57,57,92,92,92,92,92,92,42,55,55,152,152,172,16,16,28,28,54,54,89,89,104,138,155,155,172,172,269,319,339,391,403,403,105,139,139,173,173,205,205,233,233,260,260,260,260,260,46,79,79,79],"floor_reached":55,"language":"ENG","playtime":18022,"items_purged":[],"score":1312,"play_id":"dcd305e4-db85-4dbc-ade2-4746b55d90f3","local_time":"20210214045625","is_ascension_mode":true,"campfire_choices":[{"data":"Masterful Stab","floor":6.0,"key":"SMITH"},{"data":"Prepared","floor":8.0,"key":"SMITH"},{"data":"Neutralize","floor":10.0,"key":"SMITH"},{"data":"Well Laid Plans","floor":12.0,"key":"SMITH"},{"data":"Strike_G","floor":15.0,"key":"PURGE"},{"data":"Underhanded Strike","floor":24.0,"key":"SMITH"},{"data":"Acrobatics","floor":32.0,"key":"SMITH"},{"data":"Strike_G+1","floor":41.0,"key":"PURGE"},{"data":"Writhe","floor":47.0,"key":"PURGE"},{"floor":49,"key":"RECALL"},{"data":"Dagger Spray","floor":52,"key":"PURGE"}],"circlet_count":0,"master_deck":["Strike_G+1","Strike_G+1","Strike_G+1","Defend_G+1","Defend_G+1","Defend_G+1","Defend_G+1","Survivor+1","Neutralize+1","Acrobatics+1","Masterful Stab+1","Prepared+1","Well Laid Plans+1","Die Die Die","Slice+1","Underhanded Strike+1","Phantasmal Killer+1","Calculated Gamble+1","Madness+1","Violence+1","Underhanded Strike+1","Flechettes+1","Reflex+1","Wraith Form v2+1","Dodge and Roll+1","Underhanded Strike"],"relics":["Ring of the Snake","Peace Pipe","Bottled Flame","Toxic Egg 2","HornCleat","Busted Crown","Sling","Bag of Preparation","Toy Ornithopter","Darkstone Periapt","Tiny House","WingedGreaves","Nunchaku","Orrery","Frozen Egg 2","Anchor","Mercury Hourglass","PreservedInsect","Gremlin Horn","Dead Branch","White Beast Statue"],"acts_visited":["Exordium","TheCity","TheBeyond","TheEnding"],"potions_floor_usage":[55,55,55],"damage_taken":[{"damage":0.0,"enemies":"2 Louse","floor":1.0,"turns":2.0},{"damage":1.0,"enemies":"Cultist","floor":3.0,"turns":5.0},{"damage":0.0,"enemies":"Small Slimes","floor":4.0,"turns":2.0},{"damage":0.0,"enemies":"Blue Slaver","floor":5.0,"turns":3.0},{"damage":5.0,"enemies":"Gremlin Nob","floor":7.0,"turns":3.0},{"damage":0.0,"enemies":"Looter","floor":14.0,"turns":3.0},{"damage":0.0,"enemies":"The Guardian","floor":16.0,"turns":12.0},{"damage":0.0,"enemies":"2 Thieves","floor":18.0,"turns":3.0},{"damage":0.0,"enemies":"Spheric Guardian","floor":21.0,"turns":2.0},{"damage":0.0,"enemies":"Book of Stabbing","floor":23.0,"turns":4.0},{"damage":0.0,"enemies":"Gremlin Leader","floor":25.0,"turns":3.0},{"damage":0.0,"enemies":"Cultist and Chosen","floor":27.0,"turns":4.0},{"damage":0.0,"enemies":"Slavers","floor":28.0,"turns":3.0},{"damage":6.0,"enemies":"Snake Plant","floor":29.0,"turns":4.0},{"damage":0.0,"enemies":"Chosen and Byrds","floor":31.0,"turns":4.0},{"damage":28.0,"enemies":"Collector","floor":33.0,"turns":13.0},{"damage":0.0,"enemies":"Orb Walker","floor":35.0,"turns":2.0},{"damage":21.0,"enemies":"2 Orb Walkers","floor":36.0,"turns":5.0},{"damage":0.0,"enemies":"3 Shapes","floor":37.0,"turns":3.0},{"damage":0.0,"enemies":"Reptomancer","floor":40.0,"turns":3.0},{"damage":16.0,"enemies":"Nemesis","floor":42.0,"turns":5.0},{"damage":0.0,"enemies":"Reptomancer","floor":44.0,"turns":3.0},{"damage":0.0,"enemies":"Giant Head","floor":46.0,"turns":2.0},{"damage":0,"enemies":"Reptomancer","floor":48,"turns":2},{"damage":0,"enemies":"Donu and Deca","floor":50,"turns":4},{"damage":0,"enemies":"Shield and Spear","floor":54,"turns":3},{"damage":97,"enemies":"The Heart","floor":55,"turns":11}],"seed_played":"8571059150855467210","potions_obtained":[{"floor":1.0,"key":"GhostInAJar"},{"floor":4.0,"key":"Fire Potion"},{"floor":14.0,"key":"Fire Potion"},{"floor":16.0,"key":"Strength Potion"},{"floor":25.0,"key":"Regen Potion"},{"floor":29.0,"key":"GamblersBrew"},{"floor":31.0,"key":"Dexterity Potion"},{"floor":33.0,"key":"PowerPotion"},{"floor":34.0,"key":"GamblersBrew"},{"floor":35.0,"key":"ColorlessPotion"},{"floor":37.0,"key":"Energy Potion"}],"is_trial":false,"path_per_floor":["M","?","M","M","M","R","E","R","T","R","?","R","?","M","R","B",null,"M","$","?","M","?","E","R","E","T","M","E","M","?","M","R","B",null,"M","?","M","?","$","E","R","E","T","E","?","E","R","E","R","B",null,"R","$","E","B"],"character_chosen":"THE_SILENT","items_purchased":["Sling","Nunchaku","Orrery","Wraith Form v2+1","Dodge and Roll+1","SteroidPotion"],"campfire_rested":0,"item_purchase_floors":[19,39,39,53,53,53],"current_hp_per_floor":[70,70,69,69,69,69,64,64,64,64,69,69,69,69,69,69,75,75,75,75,75,75,75,75,75,75,75,75,69,69,69,69,67,80,80,59,59,49,49,49,49,33,33,33,59,59,59,59,59,59,86,86,86,86,0,0],"gold":79,"neow_bonus":"ONE_RARE_RELIC","is_daily":false,"chose_seed":false,"campfire_upgraded":6,"win_rate":0.0,"timestamp":1613278585,"path_taken":["M","?","M","M","M","R","E","R","T","R","?","R","?","?","R","BOSS","M","$","?","M","?","E","R","E","T","M","E","M","?","M","R","BOSS","M","?","M","?","$","E","R","E","T","E","?","E","R","E","R","BOSS","R","$","E","BOSS"],"items_purchased_type":["Relic","Relic","Relic","Card","Card","Potion"],"build_version":"2020-12-22","purchased_purges":0,"victory":false,"max_hp_per_floor":[70,70,70,70,70,70,70,70,70,70,75,75,75,75,75,75,75,75,75,75,75,75,75,75,75,75,75,75,75,75,75,75,75,80,80,80,80,80,80,80,80,80,80,80,86,86,86,86,86,86,86,86,86,86,86,86],"relic_stats":{"Darkstone Periapt":6,"Gremlin Horn":[5,5],"counters":[27,113],"Dead Branch":[11],"PreservedInsect":253,"Bag of Preparation":[34],"Mercury Hourglass":[99],"Peace Pipe":4,"Nunchaku":[12],"Busted Crown":54,"obtain_stats":[{"Darkstone Periapt":28,"Tiny House":34,"Gremlin Horn":46,"Dead Branch":48,"PreservedInsect":44,"Bag of Preparation":23,"Frozen Egg 2":40,"Sling":19,"White Beast Statue":54,"Mercury Hourglass":43,"Peace Pipe":0,"Bottled Flame":7,"Nunchaku":39,"Anchor":42,"HornCleat":13,"Busted Crown":17,"Orrery":39,"WingedGreaves":36,"Toxic Egg 2":9,"Toy Ornithopter":25,"Ring of the Snake":0},{"Darkstone Periapt":13,"Tiny House":16,"Gremlin Horn":23,"Dead Branch":24,"PreservedInsect":22,"Bag of Preparation":10,"Frozen Egg 2":20,"Sling":8,"White Beast Statue":26,"Mercury Hourglass":21,"Peace Pipe":0,"Bottled Flame":5,"Nunchaku":19,"Anchor":21,"HornCleat":5,"Busted Crown":7,"Orrery":19,"WingedGreaves":18,"Toxic Egg 2":5,"Toy Ornithopter":11,"Ring of the Snake":0},{"Darkstone Periapt":49,"Tiny House":70,"Gremlin Horn":93,"Dead Branch":95,"PreservedInsect":91,"Bag of Preparation":39,"Frozen Egg 2":83,"Sling":33,"White Beast Statue":102,"Mercury Hourglass":88,"Peace Pipe":0,"Bottled Flame":15,"Nunchaku":80,"Anchor":88,"HornCleat":15,"Busted Crown":30,"Orrery":80,"WingedGreaves":77,"Toxic Egg 2":15,"Toy Ornithopter":42,"Ring of the Snake":0}],"Toy Ornithopter":21,"Ring of the Snake":[54]},"card_choices":[{"not_picked":["Predator","Expertise"],"picked":"Acrobatics","floor":1.0},{"not_picked":["PiercingWail","Dodge and Roll"],"picked":"Masterful Stab","floor":3.0},{"not_picked":["Flying Knee","Acrobatics"],"picked":"Prepared","floor":4.0},{"not_picked":["Sucker Punch","Glass Knife"],"picked":"Dagger Spray","floor":5.0},{"not_picked":["Outmaneuver","Flying Knee"],"picked":"Well Laid Plans","floor":7.0},{"not_picked":["Acrobatics+1","Dagger Throw","Outmaneuver+1"],"picked":"SKIP","floor":14.0},{"not_picked":["Envenom","Doppelganger+1"],"picked":"Die Die Die","floor":16.0},{"not_picked":[],"picked":"Slice+1","floor":18.0},{"not_picked":["Deadly Poison+1"],"picked":"SKIP","floor":21.0},{"not_picked":[],"picked":"Underhanded Strike","floor":23.0},{"not_picked":["Well Laid Plans"],"picked":"SKIP","floor":25.0},{"not_picked":["Outmaneuver+1"],"picked":"SKIP","floor":27.0},{"not_picked":["Underhanded Strike"],"picked":"SKIP","floor":28.0},{"not_picked":["Noxious Fumes"],"picked":"SKIP","floor":29.0},{"not_picked":["Noxious Fumes+1"],"picked":"SKIP","floor":31.0},{"not_picked":[],"picked":"Phantasmal Killer+1","floor":33.0},{"not_picked":[],"picked":"Calculated Gamble+1","floor":34.0},{"not_picked":["Calculated Gamble+1"],"picked":"SKIP","floor":35.0},{"not_picked":["Outmaneuver+1"],"picked":"SKIP","floor":37.0},{"not_picked":[],"picked":"Madness+1","floor":38.0},{"not_picked":[],"picked":"Violence+1","floor":38.0},{"not_picked":[],"picked":"Underhanded Strike+1","floor":39.0},{"not_picked":[],"picked":"Flechettes+1","floor":40.0},{"not_picked":["Outmaneuver+1"],"picked":"SKIP","floor":42.0},{"not_picked":["Dagger Spray+1"],"picked":"SKIP","floor":44.0},{"not_picked":[],"picked":"Reflex+1","floor":46.0},{"not_picked":["Sucker Punch"],"picked":"SKIP","floor":48},{"not_picked":[],"picked":"Underhanded Strike","floor":54}],"player_experience":85561,"relics_obtained":[{"floor":7.0,"key":"Bottled Flame"},{"floor":9.0,"key":"Toxic Egg 2"},{"floor":23.0,"key":"Bag of Preparation"},{"floor":25.0,"key":"Toy Ornithopter"},{"floor":28.0,"key":"Darkstone Periapt"},{"floor":36.0,"key":"WingedGreaves"},{"floor":40.0,"key":"Frozen Egg 2"},{"floor":42.0,"key":"Anchor"},{"floor":43.0,"key":"Mercury Hourglass"},{"floor":44.0,"key":"PreservedInsect"},{"floor":46.0,"key":"Gremlin Horn"},{"floor":48,"key":"Dead Branch"},{"floor":54,"key":"White Beast Statue"}],"event_choices":[{"cards_removed":["Defend_G"],"damage_healed":0.0,"max_hp_gain":0.0,"max_hp_loss":0.0,"gold_gain":0.0,"event_name":"Living Wall","player_choice":"Forget","floor":2.0,"gold_loss":0.0,"damage_taken":0.0},{"damage_healed":0.0,"max_hp_gain":5.0,"max_hp_loss":0.0,"gold_gain":0.0,"event_name":"Big Fish","player_choice":"Donut","floor":11.0,"gold_loss":0.0,"damage_taken":0.0},{"damage_healed":0.0,"max_hp_gain":0.0,"max_hp_loss":0.0,"gold_gain":0.0,"event_name":"WeMeetAgain","player_choice":"Paid Gold","floor":13.0,"gold_loss":50.0,"damage_taken":0.0,"relics_obtained":["HornCleat"]},{"damage_healed":0.0,"max_hp_gain":0.0,"max_hp_loss":0.0,"gold_gain":0.0,"event_name":"Back to Basics","player_choice":"Simplicity","floor":20.0,"gold_loss":0.0,"damage_taken":0.0,"cards_upgraded":["Strike_G","Strike_G","Strike_G","Strike_G","Defend_G","Defend_G","Defend_G","Defend_G"]},{"damage_healed":0.0,"max_hp_gain":0.0,"max_hp_loss":0.0,"gold_gain":0.0,"event_name":"Ghosts","player_choice":"Ignored","floor":22.0,"gold_loss":0.0,"damage_taken":0.0},{"damage_healed":0.0,"max_hp_gain":0.0,"max_hp_loss":0.0,"gold_gain":0.0,"event_name":"Vampires","player_choice":"Ignored","floor":30.0,"gold_loss":0.0,"damage_taken":0.0},{"damage_healed":0.0,"max_hp_gain":0.0,"max_hp_loss":0.0,"gold_gain":0.0,"event_name":"Mysterious Sphere","player_choice":"Fight","floor":36.0,"gold_loss":0.0,"damage_taken":0.0},{"damage_healed":0.0,"max_hp_gain":0.0,"max_hp_loss":0.0,"gold_gain":0.0,"event_name":"SensoryStone","player_choice":"Memory 3","floor":38.0,"gold_loss":0.0,"damage_taken":10.0},{"damage_healed":20.0,"max_hp_gain":0.0,"max_hp_loss":0.0,"gold_gain":0.0,"event_name":"Winding Halls","player_choice":"Writhe","floor":45.0,"gold_loss":0.0,"damage_taken":0.0,"cards_obtained":["Writhe"]}],"is_beta":false,"boss_relics":[{"not_picked":["Velvet Choker","Black Star"],"picked":"Busted Crown"},{"not_picked":["Snecko Eye","Runic Dome"],"picked":"Tiny House"}],"items_purged_floors":[],"is_endless":false,"potions_floor_spawned":[1,4,14,16,25,29,31,33,35,36,37,42],"killed_by":"The Heart","ascension_level":3}}