{"host":"vxxgntm1odai56nh","time":1613271520,"event":{"mods":["AchievementEnabler","BaseMod","Colored Map","Colored Powertips","Highlight Path","Minty Spire (QoL Compilation)","Permanent Neow","Rare Cards Sparkle","Relic Stats","StSLib"],"gold_per_floor":[216,186,205,221,241,271,271,238,238,238,257,274,274,302,302,302,302],"floor_reached":16,"language":"ENG","playtime":507,"items_purged":[],"score":134,"play_id":"1ca3a4ba-16f9-4079-a943-a70b74e14262","local_time":"20210213215840","is_ascension_mode":true,"campfire_choices":[{"data":"Body Slam","floor":7,"key":"SMITH"},{"data":"Barricade","floor":10,"key":"SMITH"},{"data":"Entrench","floor":15,"key":"SMITH"}],"circlet_count":0,"master_deck":["Strike_R","Strike_R","Strike_R","Strike_R","Strike_R","Defend_R","Defend_R","Defend_R","Defend_R","Bash","Body Slam+1","Armaments","Entrench+1","Flex","Barricade+1","Pain","Body Slam"],"relics":["Burning Blood","Meat on the Bone","Mercury Hourglass","WarpedTongs","Paper Frog"],"acts_visited":["Exordium"],"potions_floor_usage":[5,5,5,6,12,14],"damage_taken":[{"damage":2,"enemies":"2 Louse","floor":1,"turns":3},{"damage":6,"enemies":"Cultist","floor":3,"turns":3},{"damage":4,"enemies":"Jaw Worm","floor":4,"turns":5},{"damage":15,"enemies":"Gremlin Gang","floor":5,"turns":6},{"damage":49,"enemies":"Gremlin Nob","floor":6,"turns":5},{"damage":12,"enemies":"2 Fungi Beasts","floor":11,"turns":4},{"damage":4,"enemies":"Large Slime","floor":12,"turns":6},{"damage":25,"enemies":"Lagavulin","floor":14,"turns":8},{"damage":46,"enemies":"Hexaghost","floor":16,"turns":4}],"seed_played":"-4725928944000085083","potions_obtained":[{"floor":1,"key":"DuplicationPotion"},{"floor":2,"key":"DistilledChaos"},{"floor":2,"key":"DistilledChaos"},{"floor":5,"key":"AttackPotion"},{"floor":11,"key":"SkillPotion"},{"floor":12,"key":"DistilledChaos"}],"is_trial":false,"path_per_floor":["M","?","M","M","M","E","R","?","T","R","M","M","?","E","R","B"],"character_chosen":"IRONCLAD","items_purchased":[],"campfire_rested":0,"item_purchase_floors":[],"current_hp_per_floor":[80,80,80,80,71,28,28,28,28,28,34,48,48,41,41,0,0],"gold":302,"neow_bonus":"HUNDRED_GOLD","is_daily":false,"chose_seed":false,"campfire_upgraded":3,"win_rate":0.0,"timestamp":1613271520,"path_taken":["M","?","M","M","?","E","R","?","T","R","M","M","?","E","R","BOSS"],"items_purchased_type":[],"build_version":"2020-12-22","purchased_purges":0,"victory":false,"max_hp_per_floor":[80,80,80,80,80,80,80,80,80,80,80,80,80,80,80,80,80],"relic_stats":{"counters":[9,43],"obtain_stats":[{"Burning Blood":0,"Meat on the Bone":6,"Mercury Hourglass":9,"WarpedTongs":13,"Paper Frog":14},{"Burning Blood":0,"Meat on the Bone":5,"Mercury Hourglass":5,"WarpedTongs":7,"Paper Frog":8},{"Burning Blood":0,"Meat on the Bone":22,"Mercury Hourglass":22,"WarpedTongs":31,"Paper Frog":39}],"Burning Blood":42,"Meat on the Bone":36,"Mercury Hourglass":[67],"WarpedTongs":[12]},"card_choices":[{"not_picked":["Metallicize","Disarm"],"picked":"Body Slam","floor":1},{"not_picked":["Rage","Body Slam"],"picked":"Armaments","floor":3},{"not_picked":["Intimidate","True Grit"],"picked":"Entrench","floor":4},{"not_picked":["Warcry","Headbutt"],"picked":"Flex","floor":5},{"not_picked":["True Grit","Feel No Pain"],"picked":"Barricade","floor":6},{"not_picked":["Sword Boomerang","Twin Strike","Pommel Strike"],"picked":"SKIP","floor":11},{"not_picked":["Heavy Blade","Bloodletting","Armaments"],"picked":"SKIP","floor":12},{"not_picked":["Pummel","Dark Embrace"],"picked":"Body Slam","floor":14}],"player_experience":141447,"relics_obtained":[{"floor":6,"key":"Meat on the Bone"},{"floor":9,"key":"Mercury Hourglass"},{"floor":14,"key":"Paper Frog"}],"event_choices":[{"damage_healed":0,"gold_gain":0,"player_choice":"Bought 2 Potions","damage_taken":0,"max_hp_gain":0,"max_hp_loss":0,"event_name":"The Woman in Blue","floor":2,"gold_loss":0},{"damage_healed":0,"gold_gain":0,"player_choice":"Left Gold","damage_taken":0,"max_hp_gain":0,"max_hp_loss":0,"event_name":"World of Goop","floor":8,"gold_loss":33},{"damage_healed":0,"gold_gain":0,"player_choice":"Rummage","damage_taken":0,"relics_obtained":["WarpedTongs"],"max_hp_gain":0,"max_hp_loss":0,"event_name":"Accursed Blacksmith","floor":13,"gold_loss":0,"cards_obtained":["Pain"]}],"is_beta":false,"boss_relics":[],"items_purged_floors":[],"is_endless":false,"potions_floor_spawned":[1,5,11,12],"killed_by":"Hexaghost","ascension_level":4}}