{"host":"9viy3memdfgcf4vy","time":1613330778,"event":{"mods":["BaseMod","Colored Map","Downfall","Minty Spire (QoL Compilation)","StSLib"],"gold_per_floor":[99,112,131,142,162,162,162,162,177,77,91,91,91,1,11,86,86,86,105,120,138,99,126,207,207,207,207,307,192,217,77,95,168,168,68,79,79,79,79],"floor_reached":37,"language":"ENG","playtime":2701,"items_purged":["downfall:Malfunctioning","Slimebound:Tackle","Slimebound:Defend_Slimebound"],"score":698,"play_id":"5631e262-58bd-4eb8-ae7e-5bf779d47f9e","local_time":"20210214212618","is_ascension_mode":true,"campfire_choices":[{"data":"Slimebound:Split","floor":1,"key":"SMITH"},{"data":"Slimebound:SlimeBarrage","floor":6,"key":"SMITH"},{"floor":8,"key":"RECALL"},{"data":"Slimebound:OneTwoCombo","floor":10,"key":"SMITH"},{"floor":13,"key":"REST"},{"data":"Slimebound:MegaLick","floor":18,"key":"SMITH"},{"data":"Slimebound:CorrosiveSpit","floor":25,"key":"SMITH"},{"data":"Slimebound:HauntingLick","floor":27,"key":"SMITH"},{"data":"Slimebound:DuplicatedForm","floor":35,"key":"SMITH"}],"circlet_count":0,"master_deck":["AscendersBane","Slimebound:Strike_Slimebound+1","Slimebound:Defend_Slimebound+1","Slimebound:Defend_Slimebound+1","Slimebound:Split+1","Slimebound:CorrosiveSpit+1","Slimebound:OneTwoCombo+1","Slimebound:SlimeBarrage+1","Slimebound:SplitBruiser","Slimebound:HauntingLick+1","Slimebound:SplitBruiser","Slimebound:MegaLick+1","Slimebound:LeechLife","Slimebound:MegaLick+1","Slimebound:MinionMaster+1","Slimebound:ProtectTheBoss+1","Slimebound:LeadByExample+1","Slimebound:LivingWall+1","Slimebound:SplitLeeching","Slimebound:LivingWall+1","Slimebound:GrowthPunch","Slimebound:Recollect+1","Slimebound:LevelUp","Slimebound:SplitMire","Slimebound:DuplicatedForm+1"],"relics":["Slimebound:AbsorbEndCombat","Nunchaku","downfall:HeartBlessingRed","Astrolabe","Ornamental Fan","Kunai","Shovel","White Beast Statue","Bag of Marbles","Sozu","downfall:HeartBlessingGreen"],"acts_visited":["Exordium","TheCity","TheBeyond"],"potions_floor_usage":[16,16,30,30,33],"damage_taken":[{"damage":1,"enemies":"Cultist","floor":2,"turns":3},{"damage":0,"enemies":"2 Louse","floor":3,"turns":3},{"damage":12,"enemies":"Jaw Worm","floor":4,"turns":3},{"damage":16,"enemies":"Blue Slaver","floor":5,"turns":3},{"damage":12,"enemies":"Exordium Wildlife","floor":9,"turns":3},{"damage":21,"enemies":"Large Slime","floor":11,"turns":3},{"damage":10,"enemies":"downfall:FleeingMerchant","floor":14,"turns":4},{"damage":4,"enemies":"3 Louse","floor":15,"turns":2},{"damage":9,"enemies":"SI_SHIV_ARCHETYPE","floor":16,"turns":5},{"damage":30,"enemies":"downfall:LooterAlt2","floor":19,"turns":3},{"damage":13,"enemies":"Chosen","floor":20,"turns":5},{"damage":17,"enemies":"Shelled Parasite and Fungi","floor":21,"turns":4},{"damage":0,"enemies":"downfall:FleeingMerchant","floor":22,"turns":4},{"damage":8,"enemies":"Book of Stabbing","floor":23,"turns":5},{"damage":11,"enemies":"IC_STATUS_ARCHETYPE","floor":28,"turns":6},{"damage":8,"enemies":"downfall:FleeingMerchant","floor":29,"turns":4},{"damage":14,"enemies":"Slavers","floor":30,"turns":3},{"damage":10,"enemies":"downfall:FleeingMerchant","floor":31,"turns":4},{"damage":10,"enemies":"Centurion and Healer","floor":32,"turns":3},{"damage":33,"enemies":"WA_ARCHETYPE_CALM","floor":33,"turns":10},{"damage":5,"enemies":"Orb Walker","floor":36,"turns":3},{"damage":76,"enemies":"2 Orb Walkers","floor":37,"turns":4}],"seed_played":"-918147466105221780","potions_obtained":[{"floor":5,"key":"Weak Potion"},{"floor":9,"key":"FearPotion"},{"floor":11,"key":"Strength Potion"},{"floor":15,"key":"Dexterity Potion"},{"floor":21,"key":"champ:CounterPotion"},{"floor":23,"key":"Dexterity Potion"},{"floor":30,"key":"Dexterity Potion"},{"floor":31,"key":"sneckomod:MuddlingPotion"},{"floor":32,"key":"Strength Potion"},{"floor":33,"key":"LiquidBronze"}],"is_trial":false,"path_per_floor":["R","M","M","M","M","R","T","R","M","R","M","?","R","$","M","B",null,"R","M","M","M","$","E","T","R","?","R","?","$","E","$","M","B",null,"R","M","?"],"character_chosen":"SLIMEBOUND","items_purchased":["Slimebound:SplitLeeching"],"campfire_rested":1,"item_purchase_floors":[22],"current_hp_per_floor":[53,56,58,48,38,38,38,38,30,30,13,13,30,24,22,17,49,49,37,28,33,59,57,57,57,57,57,52,50,44,59,59,33,53,53,59,0,0,0],"gold":79,"neow_bonus":"ONE_RANDOM_RARE_CARD","is_daily":false,"chose_seed":false,"campfire_upgraded":7,"win_rate":0.0,"timestamp":1613330778,"path_taken":["R","M","M","?","M","R","T","R","M","R","M","?","R","$","M","BOSS","R","M","M","M","$","E","T","R","?","R","?","?","E","$","M","BOSS","R","M","?"],"items_purchased_type":["Card"],"build_version":"2020-12-22","purchased_purges":3,"victory":false,"max_hp_per_floor":[59,59,59,59,59,59,59,59,59,59,59,59,59,59,59,59,59,59,59,59,59,59,59,59,59,59,59,59,59,59,59,59,59,59,59,59,59,59,59],"card_choices":[{"not_picked":["Slimebound:FinishingTackle","Slimebound:GoopTackle","Slimebound:ProtectTheBoss"],"picked":"SKIP","floor":2},{"not_picked":["Slimebound:Schlurp","Slimebound:Prepare"],"picked":"Slimebound:SlimeBarrage","floor":3},{"not_picked":["Slimebound:ItLooksTasty","Slimebound:HauntingLick"],"picked":"Slimebound:SplitBruiser","floor":4},{"not_picked":["Slimebound:Chomp","Slimebound:AcidTongue"],"picked":"Slimebound:HauntingLick","floor":5},{"not_picked":["Slimebound:SlimeBrawl","Slimebound:GoopTackle","Slimebound:LeechingTouch"],"picked":"SKIP","floor":9},{"not_picked":["Slimebound:SlimeTap","Slimebound:BestDefense","Slimebound:Gluttony"],"picked":"SKIP","floor":11},{"not_picked":["Slimebound:ComboTackle","Slimebound:ItLooksTasty"],"picked":"Slimebound:SplitBruiser","floor":14},{"not_picked":["Slimebound:Gluttony","Slimebound:HungryTackle"],"picked":"Slimebound:MegaLick","floor":15},{"not_picked":["Slimebound:SelfFormingGoo","Slimebound:DuplicatedForm"],"picked":"Slimebound:LeechLife","floor":16},{"not_picked":["Slimebound:SamplingLick","Slimebound:GrowthPunch"],"picked":"Slimebound:LeadByExample+1","floor":19},{"not_picked":["Slimebound:SamplingLick","Slimebound:Equalize"],"picked":"Slimebound:LivingWall+1","floor":20},{"not_picked":["Slimebound:Schlurp","Slimebound:Prepare","Slimebound:WasteNot"],"picked":"SKIP","floor":21},{"not_picked":["Slimebound:Schlurp","Slimebound:GoopTackle","Slimebound:Grow+1"],"picked":"SKIP","floor":22},{"not_picked":["Slimebound:SamplingLick","Slimebound:GoopSpray"],"picked":"Slimebound:LivingWall+1","floor":23},{"not_picked":["Slimebound:ComboTackle","Slimebound:SlimeBarrage"],"picked":"Slimebound:GrowthPunch","floor":28},{"not_picked":["Slimebound:SplitBruiser","Slimebound:SlimeSpikes","Slimebound:SplitAcid"],"picked":"SKIP","floor":29},{"not_picked":["Slimebound:SamplingLick","Slimebound:Schlurp"],"picked":"Slimebound:Recollect+1","floor":30},{"not_picked":["Slimebound:ItLooksTasty","Slimebound:FirmFortitude"],"picked":"Slimebound:LevelUp","floor":31},{"not_picked":["Slimebound:SplitBruiser","Slimebound:HauntingLick"],"picked":"Slimebound:SplitMire","floor":32},{"not_picked":["Slimebound:MassRepurpose","Slimebound:MinionMaster"],"picked":"Slimebound:DuplicatedForm","floor":33},{"not_picked":["Slimebound:GoopTackle+1","Slimebound:SplitLeeching+1","Slimebound:SamplingLick"],"picked":"SKIP","floor":36}],"player_experience":528829,"relics_obtained":[{"floor":7,"key":"Nunchaku"},{"floor":23,"key":"Ornamental Fan"},{"floor":24,"key":"Kunai"},{"floor":28,"key":"Shovel"},{"floor":28,"key":"White Beast Statue"},{"floor":30,"key":"Bag of Marbles"}],"event_choices":[{"damage_healed":0,"gold_gain":0,"player_choice":"Fight","damage_taken":0,"max_hp_gain":0,"max_hp_loss":0,"event_name":"Mysterious Sphere","floor":37,"gold_loss":0}],"is_beta":false,"boss_relics":[{"not_picked":["Empty Cage","expansioncontent:StudyCardRelic"],"picked":"Astrolabe"},{"not_picked":["bronze:MakeshiftBattery","Runic Pyramid"],"picked":"Sozu"}],"items_purged_floors":[14,29,31],"is_endless":false,"potions_floor_spawned":[5,9,11,15,21,23,29,30,31,32,33,36],"killed_by":"2 Orb Walkers","ascension_level":15}}