{"host":"avjwtc49fhlk6kym","time":1613270673,"event":{"mods":["AchievementEnabler","BaseMod","Better Match","Better Note","Better Third Choice","Colored Map","Colored Powertips","Displayed Cursed Tome","Highlight Path","Minty Spire (QoL Compilation)","Permanent Neow","Quick Restart","StSLib"],"gold_per_floor":[111,123,140,156,168,168,195,195,195,229,1,18,32,50,50,145,145,160,60,0,19,38,38,38,38,63,63,74,93,93,93],"floor_reached":30,"language":"ENG","playtime":1089,"items_purged":["Defend_P","Strike_P"],"score":258,"play_id":"99d3a9e9-8161-4b85-9769-4f935488a9bc","local_time":"20210213214433","is_ascension_mode":true,"campfire_choices":[{"data":"BattleHymn","floor":6.0,"key":"SMITH"},{"data":"Eruption","floor":8.0,"key":"SMITH"},{"data":"ReachHeaven","floor":15.0,"key":"SMITH"},{"data":"Trip","floor":23.0,"key":"SMITH"},{"data":"MasterReality","floor":25.0,"key":"SMITH"},{"data":"CrushJoints","floor":27.0,"key":"SMITH"}],"circlet_count":0,"master_deck":["Strike_P","Strike_P+1","Defend_P","Defend_P","Defend_P","Eruption+1","Vigilance","Trip+1","CrushJoints+1","FollowUp+1","ReachHeaven+1","BattleHymn+1","Judgement","LikeWater","BattleHymn+1","LikeWater","ThirdEye","MasterReality+1","PathToVictory","Sanctity+1","ThirdEye","Ragnarok","ReachHeaven+1"],"relics":["PureWater","Tiny Chest","HornCleat","MealTicket","DollysMirror","VioletLotus","Whetstone"],"acts_visited":["Exordium","TheCity"],"potions_floor_usage":[],"damage_taken":[{"damage":0.0,"enemies":"Cultist","floor":1.0,"turns":3.0},{"damage":1.0,"enemies":"Jaw Worm","floor":2.0,"turns":3.0},{"damage":0.0,"enemies":"2 Louse","floor":3.0,"turns":2.0},{"damage":2.0,"enemies":"Looter","floor":4.0,"turns":2.0},{"damage":1.0,"enemies":"2 Fungi Beasts","floor":5.0,"turns":3.0},{"damage":12.0,"enemies":"Gremlin Nob","floor":7.0,"turns":3.0},{"damage":10.0,"enemies":"Lagavulin","floor":10.0,"turns":4.0},{"damage":1.0,"enemies":"3 Louse","floor":12.0,"turns":3.0},{"damage":2.0,"enemies":"Exordium Wildlife","floor":13.0,"turns":3.0},{"damage":3.0,"enemies":"Large Slime","floor":14.0,"turns":5.0},{"damage":15.0,"enemies":"The Guardian","floor":16.0,"turns":12.0},{"damage":0.0,"enemies":"Spheric Guardian","floor":18.0,"turns":3.0},{"damage":15.0,"enemies":"Shell Parasite","floor":21.0,"turns":5.0},{"damage":0.0,"enemies":"Sentry and Sphere","floor":22.0,"turns":4.0},{"damage":4.0,"enemies":"Snecko","floor":28.0,"turns":3.0},{"damage":31,"enemies":"Cultist and Chosen","floor":29,"turns":5},{"damage":27,"enemies":"3 Cultists","floor":30,"turns":3}],"seed_played":"8045309771641586153","potions_obtained":[{"floor":2.0,"key":"SpeedPotion"},{"floor":3.0,"key":"AttackPotion"},{"floor":7.0,"key":"Regen Potion"},{"floor":12.0,"key":"Weak Potion"},{"floor":14.0,"key":"PowerPotion"},{"floor":16.0,"key":"Fire Potion"},{"floor":21.0,"key":"ColorlessPotion"},{"floor":22.0,"key":"FearPotion"}],"is_trial":false,"path_per_floor":["M","M","M","M","M","R","E","R","T","E","$","M","M","M","R","B",null,"M","$","?","M","M","R","?","R","T","R","M","M","M"],"character_chosen":"WATCHER","items_purchased":["DollysMirror"],"campfire_rested":0,"item_purchase_floors":[11],"current_hp_per_floor":[72,71,71,69,68,68,56,56,56,51,66,65,63,60,60,45,72,72,72,72,57,57,57,57,57,57,57,53,22,0,0],"gold":93,"neow_bonus":"RANDOM_COLORLESS","is_daily":false,"chose_seed":false,"campfire_upgraded":6,"win_rate":0.0,"timestamp":1613270673,"path_taken":["M","M","M","M","?","R","E","R","T","E","$","M","M","M","R","BOSS","M","$","?","M","M","R","?","R","T","R","M","?","M"],"items_purchased_type":["Relic"],"build_version":"2020-12-22","purchased_purges":2,"victory":false,"max_hp_per_floor":[72,72,72,72,72,72,72,72,72,72,72,72,72,72,72,72,72,72,72,72,72,72,72,72,72,72,72,72,72,72,72],"card_choices":[{"not_picked":["Blind","Finesse"],"picked":"Trip","floor":0.0},{"not_picked":["SashWhip","Halt"],"picked":"CrushJoints","floor":1.0},{"not_picked":["JustLucky","FearNoEvil"],"picked":"FollowUp","floor":2.0},{"not_picked":["Nirvana","Protect"],"picked":"ReachHeaven","floor":3.0},{"not_picked":["Tantrum","Weave"],"picked":"BattleHymn","floor":4.0},{"not_picked":["Fasting2","JustLucky","SashWhip"],"picked":"SKIP","floor":5.0},{"not_picked":["Meditate","CrushJoints"],"picked":"Judgement","floor":7.0},{"not_picked":["Prostrate","FlyingSleeves"],"picked":"LikeWater","floor":10.0},{"not_picked":["Crescendo","WaveOfTheHand"],"picked":"LikeWater","floor":12.0},{"not_picked":["FlyingSleeves","SashWhip","Prostrate"],"picked":"SKIP","floor":13.0},{"not_picked":["Halt","EmptyBody"],"picked":"ThirdEye","floor":14.0},{"not_picked":["SpiritShield","Vault"],"picked":"MasterReality","floor":16.0},{"not_picked":["ThirdEye","FlurryOfBlows"],"picked":"PathToVictory","floor":18.0},{"not_picked":["JustLucky+1","FlurryOfBlows"],"picked":"Sanctity+1","floor":21.0},{"not_picked":["Collect","EmptyFist"],"picked":"ThirdEye","floor":22.0},{"not_picked":["EmptyFist","Fasting2"],"picked":"Ragnarok","floor":28.0},{"not_picked":["ClearTheMind","SashWhip"],"picked":"ReachHeaven+1","floor":29}],"player_experience":449633,"relics_obtained":[{"floor":7.0,"key":"Tiny Chest"},{"floor":9.0,"key":"HornCleat"},{"floor":10.0,"key":"MealTicket"},{"floor":26.0,"key":"Whetstone"}],"event_choices":[{"damage_healed":0.0,"max_hp_gain":0.0,"max_hp_loss":0.0,"gold_gain":0.0,"event_name":"Masked Bandits","player_choice":"Paid Fearfully","floor":20.0,"gold_loss":60.0,"damage_taken":0.0},{"cards_removed":["Strike_P"],"damage_healed":0.0,"max_hp_gain":0.0,"max_hp_loss":0.0,"gold_gain":0.0,"event_name":"Purifier","player_choice":"Purged","floor":24.0,"gold_loss":0.0,"damage_taken":0.0}],"is_beta":false,"boss_relics":[{"not_picked":["Velvet Choker","Runic Dome"],"picked":"VioletLotus"}],"items_purged_floors":[11,19],"is_endless":false,"potions_floor_spawned":[2,3,7,12,14,16,21,22],"killed_by":"3 Cultists","ascension_level":1}}