{"host":"vyjryxuuuxkt43k4","time":1613310496,"event":{"mods":["AchievementEnabler","BaseMod","Colored Map","DeckTracker","Keyboard Shortcuts","Minty Spire (QoL Compilation)","Permanent Neow","Quick Restart","StSLib","SuperFastMode","everything is the same but u backflip on backflip"],"gold_per_floor":[119,130,149,166,178,178,213,213,236,236,236,236,24,39,39,113,113,130,30,80,94,19,19,50,67,91,91,104,127,2,16,16,16,16],"floor_reached":33,"language":"KOR","playtime":1276,"items_purged":["Strike_G","Strike_G","Strike_G"],"score":654,"play_id":"18bc2e2b-1474-41af-9b9f-1a1e396b085d","local_time":"20210214224816","is_ascension_mode":true,"campfire_choices":[{"data":"Masterful Stab","floor":6,"key":"SMITH"},{"data":"Venomology","floor":8,"key":"SMITH"},{"data":"Neutralize","floor":10,"key":"SMITH"},{"floor":15,"key":"REST"},{"data":"Adrenaline","floor":23,"key":"SMITH"},{"floor":27,"key":"REST"},{"floor":32,"key":"REST"}],"circlet_count":0,"master_deck":["AscendersBane","Strike_G","Defend_G","Defend_G","Defend_G","Defend_G","Defend_G","Survivor","Neutralize+1","Masterful Stab+1","Leg Sweep","All Out Attack","Prepared+1","Backflip+1","Venomology+1","Eviscerate","Adrenaline+1","Choke+1","Adrenaline","Prepared","Concentrate+1"],"relics":["Ring of the Snake","Vajra","Tiny Chest","War Paint","Runic Pyramid","Singing Bowl","PreservedInsect"],"acts_visited":["Exordium","TheCity"],"potions_floor_usage":[7,7,12,14,16,16,16,18,21,24,24,28,31,31,33],"damage_taken":[{"damage":0,"enemies":"Jaw Worm","floor":1,"turns":4},{"damage":0,"enemies":"2 Louse","floor":2,"turns":4},{"damage":0,"enemies":"Cultist","floor":3,"turns":4},{"damage":2,"enemies":"Red Slaver","floor":4,"turns":4},{"damage":0,"enemies":"Blue Slaver","floor":5,"turns":5},{"damage":24,"enemies":"Gremlin Nob","floor":7,"turns":4},{"damage":7,"enemies":"Lagavulin","floor":12,"turns":3},{"damage":0,"enemies":"Looter","floor":14,"turns":3},{"damage":0,"enemies":"Slime Boss","floor":16,"turns":6},{"damage":0,"enemies":"Chosen","floor":18,"turns":5},{"damage":1,"enemies":"Shell Parasite","floor":21,"turns":4},{"damage":45,"enemies":"Gremlin Leader","floor":24,"turns":5},{"damage":14,"enemies":"Snecko","floor":25,"turns":6},{"damage":0,"enemies":"Centurion and Healer","floor":28,"turns":3},{"damage":3,"enemies":"Snake Plant","floor":31,"turns":2},{"damage":115,"enemies":"Automaton","floor":33,"turns":14}],"seed_played":"4615772845357005369","potions_obtained":[{"floor":1,"key":"Swift Potion"},{"floor":4,"key":"Swift Potion"},{"floor":16,"key":"Regen Potion"},{"floor":18,"key":"FairyPotion"},{"floor":21,"key":"Ancient Potion"}],"is_trial":false,"path_per_floor":["M","M","M","M","M","R","E","R","T","R","?","E","$","M","R","B",null,"M","$","?","M","?","R","E","M","T","R","M","T","$","M","R","B"],"character_chosen":"THE_SILENT","items_purchased":["Regen Potion","Fire Potion"],"campfire_rested":3,"item_purchase_floors":[13,13],"current_hp_per_floor":[59,59,59,57,57,57,33,33,33,33,15,8,8,17,36,36,59,59,59,59,65,65,65,22,8,8,28,28,28,28,25,45,0,0],"gold":16,"neow_bonus":"THREE_CARDS","is_daily":false,"chose_seed":false,"campfire_upgraded":4,"win_rate":0.0,"timestamp":1613310496,"path_taken":["M","M","M","M","M","R","E","R","T","R","?","E","$","M","R","BOSS","M","$","?","M","?","R","E","M","T","R","M","?","$","M","R","BOSS"],"items_purchased_type":["Potion","Potion"],"build_version":"2020-12-22","purchased_purges":3,"victory":false,"max_hp_per_floor":[66,66,66,66,66,66,66,66,66,66,66,66,66,66,66,66,66,66,66,66,66,66,66,68,68,68,68,68,68,68,68,68,68,68],"card_choices":[{"not_picked":["Backstab","Dagger Throw"],"picked":"Masterful Stab","floor":0},{"not_picked":["Backflip","PiercingWail"],"picked":"Leg Sweep","floor":1},{"not_picked":["Bane","Dodge and Roll","Sucker Punch"],"picked":"SKIP","floor":2},{"not_picked":["Well Laid Plans","PiercingWail"],"picked":"All Out Attack","floor":3},{"not_picked":["Infinite Blades","Bouncing Flask"],"picked":"Prepared","floor":4},{"not_picked":["Deadly Poison","Flechettes"],"picked":"Backflip","floor":5},{"not_picked":["Blade Dance","Poisoned Stab"],"picked":"Venomology","floor":7},{"not_picked":["Poisoned Stab","Expertise"],"picked":"Eviscerate","floor":14},{"not_picked":["Die Die Die","Unload"],"picked":"Adrenaline","floor":16},{"not_picked":["Deadly Poison","Blade Dance"],"picked":"Choke+1","floor":18},{"not_picked":["All Out Attack","Bane","Quick Slash"],"picked":"SKIP","floor":21},{"not_picked":["Cloak And Dagger","Dodge and Roll","Deadly Poison+1"],"picked":"Singing Bowl","floor":24},{"not_picked":["Backflip+1","Dagger Spray"],"picked":"Adrenaline","floor":25},{"not_picked":["PiercingWail","Well Laid Plans"],"picked":"Prepared","floor":28},{"not_picked":["Backflip","Dagger Throw"],"picked":"Concentrate+1","floor":31}],"player_experience":985490,"relics_obtained":[{"floor":7,"key":"Vajra"},{"floor":9,"key":"Tiny Chest"},{"floor":24,"key":"Singing Bowl"},{"floor":26,"key":"PreservedInsect"}],"event_choices":[{"damage_healed":0,"gold_gain":0,"player_choice":"Success","damage_taken":18,"relics_obtained":["War Paint"],"max_hp_gain":0,"max_hp_loss":0,"event_name":"Scrap Ooze","floor":11,"gold_loss":0},{"damage_healed":0,"gold_gain":50,"player_choice":"Stole From Cult","damage_taken":0,"max_hp_gain":0,"max_hp_loss":0,"event_name":"Nest","floor":20,"gold_loss":0},{"cards_removed":["Strike_G"],"damage_healed":0,"gold_gain":0,"player_choice":"Gave Gold","damage_taken":0,"max_hp_gain":0,"max_hp_loss":0,"event_name":"Beggar","floor":22,"gold_loss":75}],"is_beta":false,"boss_relics":[{"not_picked":["Calling Bell","Ring of the Serpent"],"picked":"Runic Pyramid"}],"items_purged_floors":[13,19,30],"is_endless":false,"potions_floor_spawned":[1,4,12,16,18,21],"killed_by":"Automaton","ascension_level":20}}