{"host":"k7udt7atmcuzf6l0","time":1613296373,"event":{"mods":["AchievementEnabler","Act Like it!","BaseMod","BetterRewards","Colored Map","Colored Powertips","Highlight Path","Minty Spire (QoL Compilation)","Quick Restart","Rare Cards Sparkle","StSLib","UnlockEverythingMod"],"gold_per_floor":[118,118,29,29,43,43,54,54,79,79,96,112,123,142,142,240,240,220,239,239,239,239],"floor_reached":21,"language":"ZHS","playtime":644,"items_purged":[],"score":173,"play_id":"0ed9da77-99a9-46c2-b5ea-d2937ee0a808","local_time":"20210214175253","is_ascension_mode":false,"campfire_choices":[{"data":"Dark Embrace","floor":6.0,"key":"SMITH"},{"data":"Trip","floor":8.0,"key":"SMITH"},{"data":"Offering","floor":10.0,"key":"SMITH"},{"data":"True Grit","floor":15,"key":"SMITH"}],"circlet_count":0,"master_deck":["Strike_R","Strike_R","Strike_R+1","Strike_R","Defend_R","Defend_R","Defend_R+1","Defend_R","Bash","Power Through","Trip+1","Offering+1","Dark Embrace+1","Flame Barrier","Shrug It Off","True Grit+1","Havoc","Barricade","Bloodletting+1"],"relics":["Burning Blood","NeowsBlessing","Dream Catcher","Mark of Pain"],"acts_visited":["Exordium","TheCity"],"potions_floor_usage":[16,16,21,21],"damage_taken":[{"damage":0.0,"enemies":"Small Slimes","floor":1.0,"turns":2.0},{"damage":0.0,"enemies":"2 Louse","floor":5.0,"turns":2.0},{"damage":0.0,"enemies":"Cultist","floor":7.0,"turns":1.0},{"damage":6.0,"enemies":"Gremlin Gang","floor":11.0,"turns":4.0},{"damage":2,"enemies":"Looter","floor":12,"turns":4},{"damage":6,"enemies":"Blue Slaver","floor":13,"turns":4},{"damage":6,"enemies":"Exordium Wildlife","floor":14,"turns":8},{"damage":58,"enemies":"The Guardian","floor":16,"turns":15},{"damage":16,"enemies":"2 Thieves","floor":18,"turns":4},{"damage":9,"enemies":"Chosen","floor":19,"turns":8},{"damage":56,"enemies":"Masked Bandits","floor":21,"turns":4}],"seed_played":"9015339948738838130","potions_obtained":[{"floor":1.0,"key":"EntropicBrew"},{"floor":7.0,"key":"LiquidBronze"},{"floor":12,"key":"Energy Potion"},{"floor":13,"key":"Fire Potion"},{"floor":14,"key":"Weak Potion"},{"floor":16,"key":"LiquidMemories"},{"floor":19,"key":"Strength Potion"}],"is_trial":false,"path_per_floor":["M","?","$","?","M","R","M","R","T","R","M","M","M","M","R","B",null,"M","M","?","?"],"character_chosen":"IRONCLAD","items_purchased":["Trip"],"campfire_rested":0,"item_purchase_floors":[3],"current_hp_per_floor":[80,64,64,64,70,70,76,76,76,76,76,80,80,80,80,28,80,70,67,52,0,0],"gold":239,"neow_bonus":"THREE_ENEMY_KILL","is_daily":false,"chose_seed":false,"campfire_upgraded":4,"win_rate":0.0,"timestamp":1613296373,"path_taken":["M","?","$","?","M","R","M","R","T","R","?","M","M","M","R","BOSS","M","?","?","?"],"items_purchased_type":["Card"],"build_version":"2020-12-22","purchased_purges":0,"victory":false,"max_hp_per_floor":[80,80,80,80,80,80,80,80,80,80,80,80,80,80,80,80,80,80,80,85,85,85],"card_choices":[{"not_picked":["Ghostly Armor","Reckless Charge"],"picked":"Power Through","floor":1.0},{"not_picked":["True Grit","Combust"],"picked":"Dark Embrace","floor":5.0},{"not_picked":["Burning Pact","Battle Trance"],"picked":"Flame Barrier","floor":7.0},{"not_picked":["Rage","Thunderclap"],"picked":"Shrug It Off","floor":11.0},{"not_picked":["Fire Breathing","Uppercut"],"picked":"True Grit","floor":12},{"not_picked":["Combust","Thunderclap"],"picked":"Havoc","floor":13},{"not_picked":["Clothesline","Thunderclap","True Grit"],"picked":"SKIP","floor":14},{"not_picked":["Double Tap","Immolate"],"picked":"Barricade","floor":16},{"not_picked":["Pommel Strike","Warcry"],"picked":"Bloodletting+1","floor":18},{"not_picked":["Blood for Blood","Wild Strike","Havoc"],"picked":"SKIP","floor":19}],"player_experience":122551,"relics_obtained":[{"floor":9.0,"key":"Dream Catcher"}],"event_choices":[{"damage_healed":0.0,"max_hp_gain":0.0,"max_hp_loss":0.0,"gold_gain":0.0,"event_name":"Shining Light","player_choice":"Entered Light","floor":2.0,"gold_loss":0.0,"damage_taken":16.0,"cards_upgraded":["Defend_R","Strike_R"]},{"damage_healed":0.0,"max_hp_gain":0.0,"max_hp_loss":0.0,"gold_gain":0.0,"cards_transformed":["Strike_R"],"event_name":"Transmorgrifier","player_choice":"Transformed","floor":4.0,"gold_loss":0.0,"damage_taken":0.0,"cards_obtained":["Offering"]},{"damage_healed":0,"gold_gain":0,"player_choice":"Shed Blood","damage_taken":20,"max_hp_gain":5,"max_hp_loss":0,"event_name":"Forgotten Altar","floor":20,"gold_loss":0},{"damage_healed":0,"gold_gain":0,"player_choice":"Fought Bandits","damage_taken":0,"max_hp_gain":0,"max_hp_loss":0,"event_name":"Masked Bandits","floor":21,"gold_loss":0}],"is_beta":false,"boss_relics":[{"not_picked":["Ectoplasm","Runic Dome"],"picked":"Mark of Pain"}],"items_purged_floors":[],"is_endless":false,"potions_floor_spawned":[1,7,12,13,14,16,19],"killed_by":"Masked Bandits","ascension_level":0}}