{"host":"0mhttqdumuceah7q","time":1613291091,"event":{"mods":["AchievementEnabler","BaseMod","Colored Map","DeckTracker","Minty Spire (QoL Compilation)","Permanent Neow"],"gold_per_floor":[119,134,209,209,224,224,259,259,259,269,296,310,329,10,10,111,111,121,121,133,144,161,161,11,31,31,61,61,61,71,87,87,184,184,201,212,227,243,293,320,320,348,348,365,365,376,122,141,141,141,141],"floor_reached":50,"language":"KOR","playtime":3093,"items_purged":["Strike_P","Strike_P"],"score":580,"play_id":"4e288ab8-0514-483e-af91-97f36b16054b","local_time":"20210214172451","is_ascension_mode":false,"campfire_choices":[{"data":"ClearTheMind","floor":6,"key":"SMITH"},{"data":"Crescendo","floor":8,"key":"SMITH"},{"floor":15,"key":"REST"},{"data":"Adaptation","floor":23,"key":"SMITH"},{"data":"Scrawl","floor":32,"key":"SMITH"},{"data":"DeusExMachina","floor":41,"key":"SMITH"},{"floor":45,"key":"REST"},{"floor":49,"key":"REST"}],"circlet_count":0,"master_deck":["Strike_P","Strike_P","Defend_P","Eruption+1","Vigilance","Swivel+1","Prostrate+1","Ragnarok+1","Conclude+1","ClearTheMind+1","FollowUp","Crescendo+1","CarveReality","Prostrate","Adaptation+1","Devotion","EmptyBody","EmptyBody","EmptyFist","Tantrum","Scrawl+1","Writhe","DeusExMachina+1","FlyingSleeves+1","Worship+1","DevaForm","InnerPeace+1","Normality","Parasite"],"relics":["Astrolabe","Bag of Marbles","Singing Bowl","Odd Mushroom","Shuriken","VioletLotus","Bronze Scales","Happy Flower","Orichalcum","Kunai","Pantograph","Cursed Key","StoneCalendar","Oddly Smooth Stone","Anchor","TheAbacus"],"acts_visited":["Exordium","TheCity","TheBeyond"],"potions_floor_usage":[7,16,16,16,21,22,27,31,31,37,42,50,50,50],"damage_taken":[{"damage":0,"enemies":"Small Slimes","floor":1,"turns":2},{"damage":0,"enemies":"2 Louse","floor":2,"turns":1},{"damage":0,"enemies":"Jaw Worm","floor":5,"turns":2},{"damage":23,"enemies":"3 Sentries","floor":7,"turns":4},{"damage":0,"enemies":"Exordium Thugs","floor":10,"turns":2},{"damage":0,"enemies":"The Mushroom Lair","floor":11,"turns":1},{"damage":3,"enemies":"Large Slime","floor":12,"turns":3},{"damage":16,"enemies":"Looter","floor":13,"turns":3},{"damage":8,"enemies":"The Guardian","floor":16,"turns":5},{"damage":0,"enemies":"Chosen","floor":18,"turns":4},{"damage":0,"enemies":"Spheric Guardian","floor":20,"turns":3},{"damage":0,"enemies":"Snake Plant","floor":21,"turns":2},{"damage":26,"enemies":"Sentry and Sphere","floor":22,"turns":4},{"damage":0,"enemies":"Snecko","floor":25,"turns":2},{"damage":23,"enemies":"Book of Stabbing","floor":27,"turns":2},{"damage":0,"enemies":"Cultist and Chosen","floor":30,"turns":2},{"damage":0,"enemies":"Snake Plant","floor":31,"turns":1},{"damage":17,"enemies":"Collector","floor":33,"turns":5},{"damage":0,"enemies":"3 Shapes","floor":35,"turns":1},{"damage":0,"enemies":"Orb Walker","floor":36,"turns":2},{"damage":0,"enemies":"Writhing Mass","floor":37,"turns":4},{"damage":23,"enemies":"Maw","floor":38,"turns":5},{"damage":0,"enemies":"Mind Bloom Boss Battle","floor":39,"turns":2},{"damage":44,"enemies":"Reptomancer","floor":40,"turns":4},{"damage":27,"enemies":"Nemesis","floor":42,"turns":7},{"damage":38,"enemies":"4 Shapes","floor":44,"turns":5},{"damage":18,"enemies":"Writhing Mass","floor":46,"turns":4},{"damage":17,"enemies":"Jaw Worm Horde","floor":48,"turns":4},{"damage":69,"enemies":"Donu and Deca","floor":50,"turns":5}],"seed_played":"-7317609118455386769","potions_obtained":[{"floor":1,"key":"SteroidPotion"},{"floor":7,"key":"Swift Potion"},{"floor":10,"key":"BlessingOfTheForge"},{"floor":12,"key":"EssenceOfSteel"},{"floor":13,"key":"Regen Potion"},{"floor":20,"key":"EntropicBrew"},{"floor":21,"key":"StancePotion"},{"floor":25,"key":"Swift Potion"},{"floor":27,"key":"BlessingOfTheForge"},{"floor":33,"key":"AttackPotion"},{"floor":37,"key":"SpeedPotion"},{"floor":38,"key":"Weak Potion"},{"floor":40,"key":"SteroidPotion"},{"floor":46,"key":"CultistPotion"},{"floor":48,"key":"Dexterity Potion"}],"is_trial":false,"path_per_floor":["M","M","?","?","M","R","E","R","T","M","?","M","M","$","R","B",null,"M","?","M","M","M","R","$","M","T","E","?","?","M","M","R","B",null,"M","M","M","M","?","E","R","E","T","M","R","M","$","M","R","B"],"character_chosen":"WATCHER","items_purchased":["Shuriken","Happy Flower","TheAbacus"],"campfire_rested":3,"item_purchase_floors":[14,24,47],"current_hp_per_floor":[72,72,61,47,47,47,24,24,24,24,24,21,5,5,26,32,72,72,72,72,72,46,46,46,48,48,25,11,11,13,15,15,23,83,85,85,85,64,89,45,45,18,18,14,41,25,25,10,38,0,0],"gold":141,"neow_bonus":"BOSS_RELIC","is_daily":false,"chose_seed":false,"campfire_upgraded":5,"win_rate":0.0,"timestamp":1613291091,"path_taken":["M","M","?","?","M","R","E","R","T","M","?","M","M","$","R","BOSS","M","?","M","?","M","R","$","M","T","E","?","?","M","M","R","BOSS","M","M","M","M","?","E","R","E","T","M","R","M","$","M","R","BOSS"],"items_purchased_type":["Relic","Relic","Relic"],"build_version":"2020-12-22","purchased_purges":2,"victory":false,"max_hp_per_floor":[72,72,72,72,72,72,72,72,72,72,72,72,72,72,72,72,72,72,72,72,72,72,72,72,74,74,74,79,79,81,83,83,83,83,85,85,85,87,89,89,89,89,89,91,91,93,93,95,95,95,95],"card_choices":[{"not_picked":["Swivel","ClearTheMind"],"picked":"Conclude","floor":1},{"not_picked":["ReachHeaven","JustLucky"],"picked":"ClearTheMind","floor":2},{"not_picked":["Perseverance","FlurryOfBlows"],"picked":"FollowUp","floor":5},{"not_picked":["MasterReality","WaveOfTheHand"],"picked":"Crescendo","floor":7},{"not_picked":["Consecrate","Tantrum"],"picked":"CarveReality","floor":10},{"not_picked":["CarveReality","WindmillStrike"],"picked":"FlyingSleeves","floor":11},{"not_picked":["ThirdEye","Halt"],"picked":"Prostrate","floor":12},{"not_picked":["WaveOfTheHand","Prostrate"],"picked":"Adaptation","floor":13},{"not_picked":["Omniscience","ConjureBlade"],"picked":"Devotion","floor":16},{"not_picked":["Perseverance","WaveOfTheHand"],"picked":"EmptyBody","floor":18},{"not_picked":["Crescendo","Evaluate"],"picked":"EmptyBody","floor":20},{"not_picked":["CrushJoints","Prostrate+1"],"picked":"EmptyFist","floor":21},{"not_picked":["ClearTheMind","Judgement"],"picked":"Tantrum","floor":22},{"not_picked":["FlyingSleeves","EmptyBody","EmptyFist+1"],"picked":"Singing Bowl","floor":25},{"not_picked":["EmptyBody+1","FlurryOfBlows+1"],"picked":"Scrawl","floor":27},{"not_picked":["DeceiveReality+1","BowlingBash","EmptyFist"],"picked":"Singing Bowl","floor":30},{"not_picked":["Consecrate","Fasting2","CutThroughFate+1"],"picked":"Singing Bowl","floor":31},{"not_picked":["Alpha","LessonLearned"],"picked":"DeusExMachina","floor":33},{"not_picked":["SandsOfTime","CutThroughFate+1","PathToVictory"],"picked":"Singing Bowl","floor":35},{"not_picked":["FlurryOfBlows","CarveReality+1"],"picked":"FlyingSleeves+1","floor":36},{"not_picked":["LikeWater+1","ThirdEye+1"],"picked":"Worship+1","floor":37},{"not_picked":["ThirdEye","FlyingSleeves+1","Halt"],"picked":"Singing Bowl","floor":38},{"not_picked":["PathToVictory+1","SashWhip","Meditate+1"],"picked":"Singing Bowl","floor":39},{"not_picked":["PathToVictory","Vengeance+1"],"picked":"DevaForm","floor":40},{"not_picked":["Protect+1","CarveReality"],"picked":"InnerPeace+1","floor":42},{"not_picked":["Consecrate+1","ThirdEye+1","JustLucky+1"],"picked":"Singing Bowl","floor":44},{"not_picked":["Weave","FlurryOfBlows","CutThroughFate"],"picked":"Singing Bowl","floor":46},{"not_picked":["Halt+1","BattleHymn+1","CrushJoints+1"],"picked":"Singing Bowl","floor":48}],"player_experience":65334,"relics_obtained":[{"floor":7,"key":"Bag of Marbles"},{"floor":9,"key":"Singing Bowl"},{"floor":11,"key":"Odd Mushroom"},{"floor":26,"key":"Orichalcum"},{"floor":27,"key":"Kunai"},{"floor":39,"key":"StoneCalendar"},{"floor":40,"key":"Oddly Smooth Stone"},{"floor":42,"key":"Anchor"}],"event_choices":[{"damage_healed":0,"gold_gain":75,"player_choice":"Gather Gold","damage_taken":11,"max_hp_gain":0,"max_hp_loss":0,"event_name":"World of Goop","floor":3,"gold_loss":0},{"damage_healed":0,"gold_gain":0,"player_choice":"Entered Light","damage_taken":14,"max_hp_gain":0,"max_hp_loss":0,"event_name":"Shining Light","floor":4,"gold_loss":0,"cards_upgraded":["Eruption","Conclude"]},{"damage_healed":0,"gold_gain":0,"player_choice":"Fought Mushrooms","damage_taken":0,"max_hp_gain":0,"max_hp_loss":0,"event_name":"Mushrooms","floor":11,"gold_loss":0},{"cards_removed":["FlyingSleeves"],"damage_healed":0,"gold_gain":0,"player_choice":"Gave Card","damage_taken":0,"relics_obtained":["Bronze Scales"],"max_hp_gain":0,"max_hp_loss":0,"event_name":"WeMeetAgain","floor":19,"gold_loss":0},{"damage_healed":0,"gold_gain":0,"player_choice":"Shed Blood","damage_taken":19,"max_hp_gain":5,"max_hp_loss":0,"event_name":"Forgotten Altar","floor":28,"gold_loss":0},{"damage_healed":0,"gold_gain":0,"player_choice":"Opened","damage_taken":0,"relics_obtained":["Pantograph"],"max_hp_gain":0,"max_hp_loss":0,"event_name":"The Mausoleum","floor":29,"gold_loss":0,"cards_obtained":["Writhe"]},{"damage_healed":0,"gold_gain":0,"player_choice":"Fight","damage_taken":0,"max_hp_gain":0,"max_hp_loss":0,"event_name":"MindBloom","floor":39,"gold_loss":0}],"is_beta":false,"boss_relics":[{"not_picked":["Busted Crown","Runic Dome"],"picked":"VioletLotus"},{"not_picked":["Velvet Choker","Runic Pyramid"],"picked":"Cursed Key"}],"items_purged_floors":[14,47],"is_endless":false,"potions_floor_spawned":[1,7,10,12,13,20,21,25,27,33,37,38,40,46,48],"killed_by":"Donu and Deca","ascension_level":0}}