{"host":"Luke","time":1613311022,"event":{"mods":["BaseMod","Downfall","Hermit","Minty Spire (QoL Compilation)","StSLib","The Saiyan"],"gold_per_floor":[115,129,205,221,27,27,47,74,74,104,115,115,115,129,129,227,227,239,164,164,238,251,251,261,293,293,311,311,330,358,358,358,358,358],"floor_reached":33,"language":"ENG","playtime":2004,"items_purged":[],"score":297,"play_id":"d3ac95f3-8c2c-49f4-bb8c-7e64822fa079","local_time":"20210214135702","is_ascension_mode":false,"campfire_choices":[{"floor":6,"key":"RECALL"},{"floor":12,"key":"REST"},{"data":"Transmutation","floor":15,"key":"SMITH"},{"floor":23,"key":"REST"},{"floor":28,"key":"REST"},{"floor":32,"key":"REST"}],"circlet_count":0,"master_deck":["hermit:Strike_Hermit+1","hermit:Strike_Hermit","hermit:Defend_Hermit","hermit:Defend_Hermit","hermit:Defend_Hermit","hermit:Snapshot","hermit:Covet","hermit:WideOpen+1","hermit:TrackingShot","hermit:Combo","hermit:Vantage","hermit:Headshot","Transmutation+1","hermit:Dissolve","hermit:FlashPowder","hermit:FromBeyond","hermit:TakeCover","hermit:PistolWhip","hermit:FinalCanter","CurseOfTheBell","hermit:Dive","hermit:Snipe+1","hermit:ShadowCloak","hermit:Glare","hermit:DeadMansHand+1","hermit:CursedWeapon","hermit:LoneWolf"],"relics":["hermit:Momento","Matryoshka","Bag of Marbles","hermit:RyeStalk","Tiny Chest","Whetstone","Calling Bell","Potion Belt","The Courier","Calipers","PreservedInsect","hermit:Spyglass","HornCleat","Ice Cream","Boot"],"acts_visited":["Exordium","TheCity"],"potions_floor_usage":[10,10,10,16,18,22,25,25,30],"damage_taken":[{"damage":0,"enemies":"Cultist","floor":1,"turns":3},{"damage":1,"enemies":"Jaw Worm","floor":2,"turns":2},{"damage":0,"enemies":"2 Louse","floor":4,"turns":2},{"damage":12,"enemies":"2 Fungi Beasts","floor":7,"turns":2},{"damage":22,"enemies":"Lagavulin","floor":8,"turns":4},{"damage":2,"enemies":"Gremlin Nob","floor":10,"turns":3},{"damage":8,"enemies":"Exordium Thugs","floor":11,"turns":4},{"damage":0,"enemies":"3 Louse","floor":14,"turns":2},{"damage":48,"enemies":"Slime Boss","floor":16,"turns":11},{"damage":3,"enemies":"3 Byrds","floor":18,"turns":6},{"damage":30,"enemies":"2 Thieves","floor":22,"turns":3},{"damage":6,"enemies":"Shelled Parasite and Fungi","floor":24,"turns":4},{"damage":27,"enemies":"Book of Stabbing","floor":25,"turns":7},{"damage":4,"enemies":"Snake Plant","floor":27,"turns":6},{"damage":28,"enemies":"Snecko","floor":29,"turns":7},{"damage":14,"enemies":"Slavers","floor":30,"turns":5},{"damage":38,"enemies":"Automaton","floor":33,"turns":6}],"seed_played":"-495192461577757580","potions_obtained":[{"floor":7,"key":"SteroidPotion"},{"floor":8,"key":"EntropicBrew"},{"floor":14,"key":"PowerPotion"},{"floor":18,"key":"ColorlessPotion"},{"floor":24,"key":"Weak Potion"},{"floor":29,"key":"BlessingOfTheForge"}],"is_trial":false,"path_per_floor":["M","M","T","M","$","R","M","E","T","E","M","R","?","M","R","B",null,"M","?","?","T","M","R","M","E","T","M","R","M","E","?","R","B"],"character_chosen":"HERMIT","items_purchased":["hermit:Headshot","Transmutation"],"campfire_rested":4,"item_purchase_floors":[5,5],"current_hp_per_floor":[75,74,74,74,74,74,62,40,40,38,30,52,52,52,52,4,75,72,72,72,72,42,64,58,31,31,27,49,21,7,7,29,0,0],"gold":358,"neow_bonus":"THREE_CARDS","is_daily":false,"chose_seed":false,"campfire_upgraded":1,"win_rate":0.0,"timestamp":1613311022,"path_taken":["M","?","?","M","$","R","M","E","T","E","M","R","?","M","R","BOSS","M","?","?","?","?","R","M","E","T","M","R","M","E","?","R","BOSS"],"items_purchased_type":["Card","Card"],"build_version":"2020-12-18","purchased_purges":0,"victory":false,"max_hp_per_floor":[75,75,75,75,75,75,75,75,75,75,75,75,75,75,75,75,75,75,75,75,75,75,75,75,75,75,75,75,75,75,75,75,75,75],"card_choices":[{"not_picked":["hermit:Feint","hermit:BigShot"],"picked":"hermit:WideOpen","floor":0},{"not_picked":["hermit:ItchyTrigger","hermit:Glare"],"picked":"hermit:TrackingShot","floor":1},{"not_picked":["hermit:Roulette","hermit:Desperado"],"picked":"hermit:Combo","floor":2},{"not_picked":["hermit:Deadeye","hermit:Maintenance"],"picked":"hermit:Vantage","floor":4},{"not_picked":["hermit:WideOpen","hermit:Ricochet"],"picked":"hermit:Dissolve","floor":7},{"not_picked":["hermit:SprayPray","hermit:LowProfile"],"picked":"hermit:FlashPowder","floor":8},{"not_picked":["hermit:GhostlyPresence","hermit:LoneWolf"],"picked":"hermit:FromBeyond","floor":10},{"not_picked":["hermit:Vantage","hermit:Misfire"],"picked":"hermit:TakeCover","floor":11},{"not_picked":["hermit:LoneWolf","hermit:HoleUp"],"picked":"hermit:PistolWhip","floor":14},{"not_picked":["hermit:FromBeyond","hermit:Adapt"],"picked":"hermit:FinalCanter","floor":16},{"not_picked":["hermit:Manifest","hermit:Horror"],"picked":"hermit:Dive","floor":18},{"not_picked":["hermit:TakeCover","hermit:ShadowCloak"],"picked":"hermit:Snipe+1","floor":22},{"not_picked":["hermit:CalledShot","hermit:TakeCover","hermit:Vantage"],"picked":"SKIP","floor":24},{"not_picked":["hermit:Feint+1","hermit:Enervate"],"picked":"hermit:ShadowCloak","floor":25},{"not_picked":["hermit:Combo","hermit:WideOpen"],"picked":"hermit:Glare","floor":27},{"not_picked":["hermit:LowProfile","hermit:HighCaliber+1"],"picked":"hermit:DeadMansHand+1","floor":29},{"not_picked":["hermit:Determination","hermit:Virtue"],"picked":"hermit:CursedWeapon","floor":30}],"player_experience":738479,"relics_obtained":[{"floor":3,"key":"Matryoshka"},{"floor":8,"key":"Bag of Marbles"},{"floor":9,"key":"hermit:RyeStalk"},{"floor":9,"key":"Tiny Chest"},{"floor":10,"key":"Whetstone"},{"floor":17,"key":"Potion Belt"},{"floor":17,"key":"The Courier"},{"floor":17,"key":"Calipers"},{"floor":21,"key":"PreservedInsect"},{"floor":21,"key":"hermit:Spyglass"},{"floor":25,"key":"HornCleat"},{"floor":26,"key":"Ice Cream"},{"floor":30,"key":"Boot"}],"event_choices":[{"cards_removed":["hermit:Strike_Hermit"],"damage_healed":0,"gold_gain":0,"player_choice":"Purged","damage_taken":0,"max_hp_gain":0,"max_hp_loss":0,"event_name":"Purifier","floor":13,"gold_loss":0},{"cards_removed":["hermit:Defend_Hermit"],"damage_healed":0,"gold_gain":0,"player_choice":"Gave Gold","damage_taken":0,"max_hp_gain":0,"max_hp_loss":0,"event_name":"Beggar","floor":19,"gold_loss":75},{"damage_healed":0,"gold_gain":0,"player_choice":"Ignored","damage_taken":0,"max_hp_gain":0,"max_hp_loss":0,"event_name":"Ghosts","floor":20,"gold_loss":0},{"damage_healed":0,"gold_gain":0,"cards_transformed":["hermit:Strike_Hermit"],"player_choice":"Transformed","damage_taken":0,"max_hp_gain":0,"max_hp_loss":0,"event_name":"Transmorgrifier","floor":31,"gold_loss":0,"cards_obtained":["hermit:LoneWolf"]}],"is_beta":true,"boss_relics":[{"not_picked":["bronze:MakeshiftBattery","SacredBark"],"picked":"Calling Bell"}],"items_purged_floors":[],"is_endless":false,"potions_floor_spawned":[7,8,14,18,24,29],"killed_by":"Automaton","ascension_level":0}}