{"host":"36t3qd3wjvajtu1z","time":1613285105,"event":{"mods":["2.2 Compatiblity","AchievementEnabler","BaseMod","Bestiary","Block Reminder","Colored Powertips","Curses Come First","Highlight Path","Minty Spire (QoL Compilation)","Permanent Neow","Quick Restart","Random Character Button","Rare Cards Sparkle","Relic Stats","Slay-I","StSLib","Unknown Chances"],"gold_per_floor":[362,362,382,118,133,162,162,191,491,506,506,533,533,533,533,638,638,656,670,670,670,670],"floor_reached":21,"language":"ENG","playtime":867,"items_purged":["Strike_B"],"score":308,"play_id":"01ee957a-88ea-434e-a2f8-e9c49f8f219f","local_time":"20210213224505","is_ascension_mode":true,"campfire_choices":[{"data":"Beam Cell","floor":7,"key":"SMITH"},{"floor":11,"key":"REST"},{"floor":15,"key":"REST"}],"circlet_count":0,"master_deck":["AscendersBane","Strike_B","Strike_B","Defend_B","Defend_B","Defend_B","Defend_B","Zap","Dualcast+1","Rebound+1","Beam Cell+1","Ball Lightning","Core Surge","Compile Driver","Ball Lightning","Echo Form","Coolheaded","Self Repair+1"],"relics":["FrozenCore","Sling","Turnip","Prayer Wheel","Old Coin","Oddly Smooth Stone"],"acts_visited":["Exordium","TheCity"],"potions_floor_usage":[6,8,8,14,19],"damage_taken":[{"damage":5,"enemies":"Small Slimes","floor":1,"turns":4},{"damage":1,"enemies":"Cultist","floor":3,"turns":3},{"damage":2,"enemies":"Jaw Worm","floor":5,"turns":3},{"damage":30,"enemies":"Lagavulin","floor":6,"turns":5},{"damage":10,"enemies":"3 Sentries","floor":8,"turns":4},{"damage":9,"enemies":"Red Slaver","floor":10,"turns":2},{"damage":25,"enemies":"Lagavulin","floor":12,"turns":6},{"damage":0,"enemies":"Blue Slaver","floor":14,"turns":1},{"damage":18,"enemies":"Slime Boss","floor":16,"turns":7},{"damage":15,"enemies":"Spheric Guardian","floor":18,"turns":4},{"damage":38,"enemies":"3 Byrds","floor":19,"turns":6},{"damage":20,"enemies":"Centurion and Healer","floor":21,"turns":6}],"seed_played":"-4980863842582446367","potions_obtained":[{"floor":1,"key":"LiquidMemories"},{"floor":3,"key":"EntropicBrew"},{"floor":18,"key":"Regen Potion"}],"is_trial":false,"path_per_floor":["M","?","M","$","M","E","R","E","T","M","R","E","?","M","R","B",null,"M","M","?","M"],"character_chosen":"DEFECT","items_purchased":["Sling","Beam Cell"],"campfire_rested":2,"item_purchase_floors":[4,4],"current_hp_per_floor":[63,63,62,62,60,30,30,20,20,11,31,6,6,6,26,8,53,38,15,15,0,0],"gold":670,"neow_bonus":"TWO_FIFTY_GOLD","is_daily":false,"chose_seed":false,"campfire_upgraded":1,"win_rate":0.0,"timestamp":1613285105,"path_taken":["M","?","M","$","?","E","R","E","T","?","R","E","?","M","R","BOSS","M","M","?","M"],"items_purchased_type":["Relic","Card"],"build_version":"2020-12-22","purchased_purges":1,"victory":false,"max_hp_per_floor":[68,68,68,68,68,68,68,68,68,68,68,68,68,68,68,68,68,68,68,68,68,68],"relic_stats":{"counters":[12,51],"Prayer Wheel":3,"Turnip":[7],"obtain_stats":[{"Oddly Smooth Stone":12,"Prayer Wheel":8,"Turnip":6,"Cracked Core":0,"Sling":4,"Old Coin":9,"FrozenCore":17},{"Oddly Smooth Stone":7,"Prayer Wheel":5,"Turnip":4,"Cracked Core":0,"Sling":2,"Old Coin":5,"FrozenCore":9},{"Oddly Smooth Stone":27,"Prayer Wheel":19,"Turnip":15,"Cracked Core":0,"Sling":7,"Old Coin":19,"FrozenCore":35}],"FrozenCore":[4]},"card_choices":[{"not_picked":["Blizzard","Turbo"],"picked":"Rebound","floor":1},{"not_picked":["Stack","Amplify","Turbo"],"picked":"SKIP","floor":3},{"not_picked":["Storm","Reprogram"],"picked":"Ball Lightning","floor":5},{"not_picked":["Coolheaded","Rebound"],"picked":"Core Surge","floor":6},{"not_picked":["Cold Snap","Hologram"],"picked":"Compile Driver","floor":8},{"not_picked":["Darkness","Tempest"],"picked":"Ball Lightning","floor":10},{"not_picked":["Compile Driver","Stack","Rebound"],"picked":"SKIP","floor":10},{"not_picked":["Reprogram","Steam","Redo"],"picked":"SKIP","floor":12},{"not_picked":["Rainbow","Seek"],"picked":"Echo Form","floor":16},{"not_picked":["Gash+1","Sweeping Beam"],"picked":"Coolheaded","floor":18},{"not_picked":["Reprogram","Sweeping Beam","Beam Cell+1"],"picked":"SKIP","floor":18},{"not_picked":["Rebound+1","Skim"],"picked":"Self Repair+1","floor":19},{"not_picked":["Barrage","Turbo","Cold Snap"],"picked":"SKIP","floor":19}],"player_experience":526718,"relics_obtained":[{"floor":6,"key":"Turnip"},{"floor":8,"key":"Prayer Wheel"},{"floor":9,"key":"Old Coin"},{"floor":12,"key":"Oddly Smooth Stone"}],"event_choices":[{"damage_healed":0,"gold_gain":0,"player_choice":"Upgraded","damage_taken":0,"max_hp_gain":0,"max_hp_loss":0,"event_name":"Upgrade Shrine","floor":2,"gold_loss":0,"cards_upgraded":["Rebound"]},{"damage_healed":0,"gold_gain":0,"player_choice":"Forge","damage_taken":0,"max_hp_gain":0,"max_hp_loss":0,"event_name":"Accursed Blacksmith","floor":13,"gold_loss":0,"cards_upgraded":["Dualcast"]},{"cards_removed":["Strike_B"],"damage_healed":0,"gold_gain":0,"player_choice":"Elegance","damage_taken":0,"max_hp_gain":0,"max_hp_loss":0,"event_name":"Back to Basics","floor":20,"gold_loss":0}],"is_beta":false,"boss_relics":[{"not_picked":["SacredBark","SlaversCollar"],"picked":"FrozenCore"}],"items_purged_floors":[4],"is_endless":false,"potions_floor_spawned":[1,3,5,18],"killed_by":"Centurion and Healer","ascension_level":11}}