{"host":"tetk82fuf8thwxol","time":1613279593,"event":{"mods":["AchievementEnabler","BaseMod","BetterRewards","Downfall","GifTheSpireLib","Hermit","Minty Spire (QoL Compilation)","Permanent Neow","Quick Restart","Replay The Spire","Shop Mod","Spicy Shops","StSLib","The Bug Knight","The Cursed","The Runesmith"],"gold_per_floor":[99,99,99,99,99,9068,9068,9068,9083,9098,9123,7941,7941,7957,7971,8069,8069,8069,8089,8106,8119,8119,8119,7054,7054,7130,7130,7163,6460,6360,6374,6392,6402,6419,6514,6514,6514,6514],"floor_reached":36,"language":"ENG","playtime":1627,"items_purged":["champ:Strike","champ:Strike","champ:Defend","Writhe"],"score":582,"play_id":"6f541b26-7d4b-409f-9e81-54fefcda96cf","local_time":"20210213231313","is_ascension_mode":false,"campfire_choices":[{"data":"champ:Taunt","floor":1,"key":"SMITH"},{"data":"champ:HeavySlash","floor":8,"key":"SMITH"},{"data":"champ:UltimateStance","floor":13,"key":"SMITH"},{"data":"champ:Strike","floor":18,"key":"PURGE"},{"floor":30,"key":"RECALL"}],"circlet_count":0,"master_deck":["champ:Strike","champ:Defend","champ:Defend+1","champ:Execute","champ:Taunt+1","champ:Shatter","champ:DeathBlow","champ:PreciseThrust","champ:CalledShot+1","champ:HeavySlash+1","champ:FanOfKnives","champ:TornadoPunch","champ:FanOfKnives","champ:TripleStrike","champ:GladiatorStyle","champ:UltimateStance+1","champ:RecklessLeap","champ:TripleStrike","champ:SteelEdge","champ:DefensiveShout","champ:FaceSlap","champ:GutPunch+1","champ:ShieldWall","champ:Duel+1","champ:FocusedBerserking","champ:Backstep","champ:BerserkersShout"],"relics":["champ:ChampionCrown","downfall:HeartsMalice","champ:LiftRelic","champ:GladiatorsBookOfMartialProwess","Bag of Marbles","champ:FightingForDummies","Medical Kit","Pantograph","Replay:PocketPolymizer","War Paint","Replay:WaspNest","champ:BerserkersGuideToSlaughter","PreservedInsect","Sozu","Vajra","HandDrill","WingedGreaves","Letter Opener","Replay:Bottled Steam","champ:DefensiveTrainingManual","MawBank","Replay:Kaleidoscope","Replay:Mystery Machine","Sling","Happy Flower","Art of War","downfall:HeartBlessingGreen","ChewingGum"],"acts_visited":["Exordium","TheCity","TheBeyond"],"potions_floor_usage":[11,12,15,24],"damage_taken":[{"damage":0,"enemies":"Small Slimes","floor":2,"turns":1},{"damage":0,"enemies":"Jaw Worm","floor":5,"turns":1},{"damage":0,"enemies":"downfall:FleeingMerchant","floor":6,"turns":1},{"damage":10,"enemies":"2 Louse","floor":9,"turns":1},{"damage":12,"enemies":"2 Fungi Beasts","floor":10,"turns":3},{"damage":21,"enemies":"Gremlin Nob","floor":11,"turns":4},{"damage":20,"enemies":"downfall:FleeingMerchant","floor":12,"turns":4},{"damage":0,"enemies":"Gremlin Gang","floor":14,"turns":3},{"damage":0,"enemies":"Red Slaver","floor":15,"turns":2},{"damage":42,"enemies":"IC_STATUS_ARCHETYPE","floor":16,"turns":4},{"damage":26,"enemies":"Chosen","floor":19,"turns":2},{"damage":31,"enemies":"Snecko","floor":20,"turns":3},{"damage":24,"enemies":"Centurion and Healer","floor":21,"turns":3},{"damage":45,"enemies":"downfall:FleeingMerchant","floor":24,"turns":4},{"damage":13,"enemies":"Gremlin Leader","floor":28,"turns":3},{"damage":0,"enemies":"downfall:FleeingMerchant","floor":29,"turns":2},{"damage":16,"enemies":"Shelled Parasite and Fungi","floor":31,"turns":2},{"damage":30,"enemies":"Sentry and Sphere","floor":32,"turns":3},{"damage":0,"enemies":"Snake Plant","floor":33,"turns":1},{"damage":25,"enemies":"Centurion and Healer","floor":34,"turns":2},{"damage":33,"enemies":"DF_ARCHETYPE_CLAW","floor":35,"turns":4}],"seed_played":"6078226460580343999","potions_obtained":[{"floor":10,"key":"Swift Potion"},{"floor":11,"key":"Adrenaline Potion"},{"floor":14,"key":"Guardian:BlockOnCardUsePotion"},{"floor":16,"key":"Fire Potion"}],"is_trial":false,"path_per_floor":["R","M","?","?","M","$","T","R","M","M","E","$","R","M","M","B",null,"R","M","M","M","PTL","PTL","$","?","T","?","E","$","R","M","M","M","M","B",null],"character_chosen":"THE_CHAMP","items_purchased":["champ:GladiatorsBookOfMartialProwess","Bag of Marbles","champ:FightingForDummies","Medical Kit","Pantograph","champ:CalledShot","Replay:WaspNest","champ:BerserkersGuideToSlaughter","PreservedInsect","champ:TripleStrike","champ:GladiatorStyle","champ:UltimateStance","Vajra","HandDrill","WingedGreaves","Letter Opener","champ:ShieldWall","Replay:Kaleidoscope","Replay:Mystery Machine","Sling","Happy Flower","Art of War","champ:FocusedBerserking"],"campfire_rested":0,"item_purchase_floors":[6,6,6,6,6,6,12,12,12,12,12,12,24,24,24,24,24,29,29,29,29,29,29],"current_hp_per_floor":[90,90,95,95,95,95,95,95,95,93,82,72,72,72,72,83,95,95,95,95,91,91,91,86,86,86,86,88,88,88,92,95,95,95,87,95,95,95],"gold":6514,"neow_bonus":"THREE_ENEMY_KILL","is_daily":false,"chose_seed":false,"campfire_upgraded":3,"win_rate":0.0,"timestamp":1613279593,"path_taken":["R","M","?","?","M","$","T","R","M","M","E","$","R","M","M","BOSS","R","M","M","M","PTL","PTL","$","?","T","?","E","$","R","M","M","M","M","BOSS"],"items_purchased_type":["Relic","Relic","Relic","Relic","Relic","Card","Relic","Relic","Relic","Card","Card","Card","Relic","Relic","Relic","Relic","Card","Relic","Relic","Relic","Relic","Relic","Card"],"build_version":"2020-12-22","purchased_purges":4,"victory":false,"max_hp_per_floor":[90,90,95,95,95,95,95,95,95,95,95,95,95,95,95,95,95,95,95,95,95,95,95,95,95,95,95,95,95,95,95,95,95,95,95,95,95,95],"card_choices":[{"not_picked":["champ:PerfectedStrike","champ:FancyFootwork"],"picked":"champ:Shatter","floor":2},{"not_picked":["champ:EnragedBash","champ:EnGarde"],"picked":"champ:DeathBlow","floor":5},{"not_picked":["champ:PerfectedStrike","champ:ShieldWall"],"picked":"champ:PreciseThrust","floor":6},{"not_picked":["champ:Haymaker","champ:FancyFootwork"],"picked":"champ:FanOfKnives","floor":9},{"not_picked":["champ:SetATrap","champ:PerfectedStrike"],"picked":"champ:TornadoPunch","floor":10},{"not_picked":["champ:AdrenalArmor","champ:CrookedStrike"],"picked":"champ:FanOfKnives","floor":11},{"not_picked":["champ:BladeFlurry","champ:FanOfKnives","champ:Lariat"],"picked":"SKIP","floor":12},{"not_picked":["champ:FanOfKnives","champ:Circumvent"],"picked":"champ:RecklessLeap","floor":14},{"not_picked":["champ:DeathBlow","champ:FlashCut"],"picked":"champ:TripleStrike","floor":15},{"not_picked":["champ:ShieldThrow","champ:IgnorePain"],"picked":"champ:SteelEdge","floor":16},{"not_picked":["champ:Lariat","champ:FlashCut+1"],"picked":"champ:DefensiveShout","floor":19},{"not_picked":["champ:BladeFlurry","champ:DefensiveShout+1"],"picked":"champ:FaceSlap","floor":20},{"not_picked":["champ:PreciseThrust","champ:EnragedBash","champ:FanOfKnives"],"picked":"SKIP","floor":21},{"not_picked":["champ:FaceSlap","champ:Parry"],"picked":"champ:GutPunch+1","floor":24},{"not_picked":["champ:SetATrap+1","champ:Encircle"],"picked":"champ:Duel+1","floor":28},{"not_picked":["champ:Circumvent","champ:IronFortress+1","champ:FancyFootwork"],"picked":"SKIP","floor":29},{"not_picked":["champ:EndlessRage","champ:TornadoPunch","champ:StanceDance"],"picked":"SKIP","floor":31},{"not_picked":["champ:ShieldWall+1","champ:EndlessRage","champ:PreciseThrust"],"picked":"SKIP","floor":32},{"not_picked":["champ:GutPunch+1","champ:Shatter"],"picked":"champ:Backstep","floor":33},{"not_picked":["champ:TornadoPunch","champ:HeartStrike"],"picked":"champ:BerserkersShout","floor":34}],"player_experience":219784,"relics_obtained":[{"floor":7,"key":"Replay:PocketPolymizer"},{"floor":11,"key":"War Paint"},{"floor":26,"key":"Replay:Bottled Steam"},{"floor":28,"key":"MawBank"}],"event_choices":[{"damage_healed":0,"gold_gain":0,"player_choice":"Donut","damage_taken":0,"max_hp_gain":5,"max_hp_loss":0,"event_name":"Big Fish","floor":3,"gold_loss":0}],"is_beta":false,"boss_relics":[{"not_picked":["SacredBark","Runic Pyramid"],"picked":"Sozu"},{"not_picked":["Busted Crown","Empty Cage"],"picked":"ChewingGum"}],"items_purged_floors":[6,12,24,29],"is_endless":false,"potions_floor_spawned":[10,11,14,16,19,20,28,31,33],"ascension_level":0}}