{"host":"oehe2dxjvdgux73m","time":1613303940,"event":{"mods":["AchievementEnabler","BaseMod","Colored Map","Colored Powertips","DeckTracker","Keyboard Shortcuts","Minty Spire (QoL Compilation)","Permanent Neow","Quick Restart","StSLib","SuperFastMode"],"gold_per_floor":[116,116,77,2,17,43,57,57,57,76,106,132,144,164,164,240,240,253,265,265,285,295,295,311,311,311],"floor_reached":25,"language":"KOR","playtime":1163,"items_purged":[],"score":534,"play_id":"31cdbc9e-7126-4f17-bd9b-ae28c58a6865","local_time":"20210214205900","is_ascension_mode":true,"campfire_choices":[{"data":"Cloak And Dagger","floor":8.0,"key":"SMITH"},{"data":"Accuracy","floor":15.0,"key":"SMITH"},{"data":"Concentrate","floor":23.0,"key":"SMITH"}],"circlet_count":0,"master_deck":["AscendersBane","Strike_G","Strike_G","Strike_G","Strike_G","Defend_G","Defend_G","Defend_G","Defend_G","Defend_G","Survivor","Neutralize","Cloak And Dagger","Eviscerate","Cloak And Dagger+1","Dodge and Roll","Dash","Accuracy+1","Blade Dance","Blade Dance","Acrobatics","Wraith Form v2","Blur","Accuracy+1","Concentrate+1","Acrobatics+1"],"relics":["Ring of the Snake","NeowsBlessing","CaptainsWheel","Question Card","Odd Mushroom","MealTicket","Cursed Key"],"acts_visited":["Exordium","TheCity"],"potions_floor_usage":[25],"damage_taken":[{"damage":0.0,"enemies":"2 Louse","floor":1.0,"turns":1.0},{"damage":0.0,"enemies":"Cultist","floor":5.0,"turns":1.0},{"damage":0.0,"enemies":"3 Sentries","floor":6.0,"turns":1.0},{"damage":0.0,"enemies":"Small Slimes","floor":7.0,"turns":4.0},{"damage":6.0,"enemies":"Exordium Thugs","floor":10.0,"turns":5.0},{"damage":17.0,"enemies":"The Mushroom Lair","floor":11.0,"turns":6.0},{"damage":0.0,"enemies":"Lagavulin","floor":12.0,"turns":6.0},{"damage":2.0,"enemies":"Blue Slaver","floor":13.0,"turns":4.0},{"damage":0.0,"enemies":"Looter","floor":14.0,"turns":3.0},{"damage":41.0,"enemies":"Hexaghost","floor":16.0,"turns":11.0},{"damage":11.0,"enemies":"Shell Parasite","floor":18.0,"turns":6.0},{"damage":2.0,"enemies":"3 Byrds","floor":19.0,"turns":5.0},{"damage":5.0,"enemies":"Centurion and Healer","floor":21.0,"turns":5.0},{"damage":2.0,"enemies":"3 Cultists","floor":22.0,"turns":6.0},{"damage":13,"enemies":"Snecko","floor":24,"turns":8},{"damage":24,"enemies":"Gremlin Leader","floor":25,"turns":5}],"seed_played":"7793143134809877216","potions_obtained":[{"floor":1.0,"key":"Regen Potion"},{"floor":5.0,"key":"BlessingOfTheForge"},{"floor":12.0,"key":"GamblersBrew"},{"floor":13.0,"key":"Explosive Potion"}],"is_trial":false,"path_per_floor":["M","?","$","?","M","E","M","R","T","M","?","E","M","M","R","B",null,"M","M","?","M","M","R","M","E"],"character_chosen":"THE_SILENT","items_purchased":["Eviscerate"],"campfire_rested":0,"item_purchase_floors":[3],"current_hp_per_floor":[59,59,59,59,59,59,59,59,59,53,51,51,49,49,49,8,52,41,39,39,34,32,32,19,0,0],"gold":311,"neow_bonus":"THREE_ENEMY_KILL","is_daily":false,"chose_seed":false,"campfire_upgraded":3,"win_rate":0.0,"timestamp":1613303940,"path_taken":["M","?","?","?","M","E","M","R","T","M","?","E","M","M","R","BOSS","M","M","?","?","M","R","M","E"],"items_purchased_type":["Card"],"build_version":"2020-12-22","purchased_purges":0,"victory":false,"max_hp_per_floor":[66,66,66,66,66,66,66,66,66,66,66,66,66,66,66,66,66,66,66,66,66,66,66,66,66,66],"card_choices":[{"not_picked":["Choke","Flying Knee","Expertise"],"picked":"SKIP","floor":1.0},{"not_picked":["Escape Plan","Backflip"],"picked":"Cloak And Dagger","floor":5.0},{"not_picked":["Caltrops","Cloak And Dagger"],"picked":"Dodge and Roll","floor":6.0},{"not_picked":["Deadly Poison","Deflect"],"picked":"Dash","floor":7.0},{"not_picked":["Deflect","Sucker Punch","Dodge and Roll"],"picked":"Accuracy","floor":10.0},{"not_picked":["Underhanded Strike","Riddle With Holes","A Thousand Cuts"],"picked":"Blade Dance","floor":11.0},{"not_picked":["Bane","Distraction","Backflip"],"picked":"Blade Dance","floor":12.0},{"not_picked":["Dagger Spray","Blade Dance","Eviscerate"],"picked":"Acrobatics","floor":13.0},{"not_picked":["Masterful Stab","Bouncing Flask","Bane","Distraction"],"picked":"SKIP","floor":14.0},{"not_picked":["Night Terror","Burst","Adrenaline"],"picked":"Wraith Form v2","floor":16.0},{"not_picked":["Heel Hook","Acrobatics","Catalyst","Prepared"],"picked":"SKIP","floor":18.0},{"not_picked":["Masterful Stab","Eviscerate","Cloak And Dagger"],"picked":"Blur","floor":19.0},{"not_picked":["Underhanded Strike+1","Backstab","Caltrops+1"],"picked":"Concentrate","floor":21.0},{"not_picked":["Underhanded Strike","Dagger Throw","Deadly Poison"],"picked":"Acrobatics+1","floor":22.0},{"not_picked":["Dagger Throw","Unload","Sucker Punch","Noxious Fumes"],"picked":"SKIP","floor":24}],"player_experience":465787,"relics_obtained":[{"floor":6.0,"key":"CaptainsWheel"},{"floor":9.0,"key":"Question Card"},{"floor":11.0,"key":"Odd Mushroom"},{"floor":12.0,"key":"MealTicket"}],"event_choices":[{"damage_healed":0.0,"max_hp_gain":0.0,"max_hp_loss":0.0,"gold_gain":0.0,"event_name":"Match and Keep!","player_choice":"1 cards matched","floor":2.0,"gold_loss":0.0,"damage_taken":0.0,"cards_obtained":["Cloak And Dagger"]},{"cards_removed":["Strike_G"],"damage_healed":0.0,"max_hp_gain":0.0,"max_hp_loss":0.0,"gold_gain":0.0,"event_name":"The Cleric","player_choice":"Card Removal","floor":4.0,"gold_loss":75.0,"damage_taken":0.0},{"damage_healed":0.0,"max_hp_gain":0.0,"max_hp_loss":0.0,"gold_gain":0.0,"event_name":"Mushrooms","player_choice":"Fought Mushrooms","floor":11.0,"gold_loss":0.0,"damage_taken":0.0},{"damage_healed":0.0,"max_hp_gain":0.0,"max_hp_loss":0.0,"gold_gain":0.0,"event_name":"Duplicator","player_choice":"Copied","floor":20.0,"gold_loss":0.0,"damage_taken":0.0,"cards_obtained":["Accuracy"]}],"is_beta":false,"boss_relics":[{"not_picked":["Ectoplasm","Coffee Dripper"],"picked":"Cursed Key"}],"items_purged_floors":[],"is_endless":false,"potions_floor_spawned":[1,5,12,13,16,18],"killed_by":"Gremlin Leader","ascension_level":20}}