{"host":"4h8o09gisu0rxdvb","time":1613282962,"event":{"mods":["Act Like it!","BaseMod","Better Third Choice","Downfall","Elementarium","Hermit","Menagerie","Minty Spire (QoL Compilation)","Reliquary","StSLib","The Exalted","The Hierophant","The Runesmith"],"gold_per_floor":[117,117,127,146,25,55,55,87,87,87,106,116,128,139,139,237,237,257,257,276,276,290,318,318,353,423,423,434,465,477,493,493,588,588,605,622,639,393,393,393,428,428,428,453,453,487,487,501,501,501],"floor_reached":51,"language":"ENG","playtime":4367,"items_purged":["Bromod:Strike_Bro","Bromod:Strike_Bro"],"score":1014,"play_id":"47cbed15-404f-4229-a896-bb18efb4ad57","local_time":"20210214010922","is_ascension_mode":true,"campfire_choices":[{"floor":7,"key":"REST"},{"data":"Bromod:SteelFiber","floor":10,"key":"SMITH"},{"data":"Bromod:Thunderbolt","floor":15,"key":"SMITH"},{"floor":27,"key":"REST"},{"floor":32,"key":"REST"},{"data":"Bromod:ToxicBarrage","floor":40,"key":"SMITH"},{"data":"Bromod:Vitality","floor":42,"key":"SMITH"},{"data":"Bromod:HeatedCharge","floor":45,"key":"SMITH"},{"data":"Bromod:Vitality","floor":47,"key":"SMITH"},{"data":"Bromod:RadialJavelin","floor":49,"key":"SMITH"}],"circlet_count":0,"master_deck":["Bromod:Strike_Bro+1","Bromod:Defend_Bro","Bromod:Defend_Bro","Bromod:Defend_Bro","Bromod:Defend_Bro","Bromod:SlashDash+1","Bromod:SlashDash","Bromod:SlashDash+1","Bromod:SlipMagazine","Bromod:ArchwingLauncher","Bromod:Flow","Bromod:SteelFiber+1","Bromod:Reflection","Bromod:HeatedCharge+1","Bromod:Vitality+1","Bromod:ShatteringImpact","Bromod:Rejuvenation","Bromod:Vitality+1","Bromod:Thunderbolt+1","Bromod:DriftingContact","Bromod:SlashDash+1","Dark Shackles","Guardian:FloatingOrbs","Bromod:RadialJavelin+1","Bromod:ReflexCoil+1","Bromod:Stretch","Bromod:Reflection+1","Bromod:ContagiousSpread+1","Bromod:RadialBlind","Bromod:VoltaicStrike","Bromod:ToxicBarrage+1","Bromod:SteelFiber+1","Bromod:SteelFiber+1","Bromod:ArchwingLauncher","Bromod:ExaltedBlade+1","Bromod:SlipMagazine+1","Bromod:ContagiousSpread","Bromod:HeatedCharge+1"],"relics":["Bromod:Ordis","Bromod:AscarisDevice","Prayer Wheel","reliquary:Stiletto","Mummified Hand","Bronze Scales","reliquary:KinkedSpring","Whetstone","Nunchaku","Bromod:ArcaneAwakening","Bromod:ArcaneTempo","Elementarium:ElementariumTrophy","bronze:MakeshiftBattery","Lee\u0027s Waffle","reliquary:Boomerang","Bromod:ArcaneMomentum","Pantograph","Peace Pipe"],"acts_visited":["Exordium","Menagerie:Menagerie","TheBeyond"],"potions_floor_usage":[6,31,36,37,46,50],"damage_taken":[{"damage":2,"enemies":"Menagerie:2_RABBITS","floor":1,"turns":4},{"damage":8,"enemies":"Menagerie:MonstrousExperiment","floor":3,"turns":4},{"damage":1,"enemies":"Menagerie:WhisperingWraith","floor":4,"turns":6},{"damage":10,"enemies":"Menagerie:VoidReaper","floor":6,"turns":10},{"damage":0,"enemies":"Menagerie:Hydra","floor":8,"turns":8},{"damage":0,"enemies":"Menagerie:MENAGERIE_WILDLIFE","floor":11,"turns":3},{"damage":1,"enemies":"Menagerie:RedMage","floor":12,"turns":6},{"damage":0,"enemies":"Menagerie:MeltingSalamander","floor":13,"turns":4},{"damage":0,"enemies":"Menagerie:STYGIAN_BOAR_AND_RABBIT","floor":14,"turns":5},{"damage":0,"enemies":"Menagerie:AVATARS","floor":16,"turns":4},{"damage":14,"enemies":"Elementarium:2_ELEMENTALS","floor":18,"turns":3},{"damage":0,"enemies":"Elementarium:MUD_AND_TAR_GOLEMS","floor":20,"turns":3},{"damage":9,"enemies":"Elementarium:3_ELEMENTALS","floor":22,"turns":4},{"damage":6,"enemies":"Elementarium:ElementalPortal","floor":23,"turns":5},{"damage":11,"enemies":"Elementarium:FIRE_NOBILITY","floor":25,"turns":6},{"damage":9,"enemies":"Elementarium:Hydrostalker","floor":28,"turns":7},{"damage":7,"enemies":"Elementarium:ElementalPortal","floor":29,"turns":4},{"damage":8,"enemies":"Elementarium:STONE_GOLEMS","floor":30,"turns":4},{"damage":11,"enemies":"Elementarium:VoidBeast","floor":31,"turns":4},{"damage":2,"enemies":"Elementarium:GoldenDragon","floor":33,"turns":9},{"damage":0,"enemies":"Orb Walker","floor":35,"turns":2},{"damage":8,"enemies":"3 Darklings","floor":36,"turns":4},{"damage":52,"enemies":"Spire Growth","floor":37,"turns":7},{"damage":0,"enemies":"Nemesis","floor":41,"turns":7},{"damage":0,"enemies":"Reptomancer","floor":44,"turns":4},{"damage":20,"enemies":"Nemesis","floor":46,"turns":7},{"damage":5,"enemies":"Jaw Worm Horde","floor":48,"turns":3},{"damage":66,"enemies":"Awakened One","floor":50,"turns":11}],"seed_played":"-1152519969983078112","potions_obtained":[{"floor":4,"key":"Regen Potion"},{"floor":8,"key":"champ:CounterPotion"},{"floor":11,"key":"Weak Potion"},{"floor":12,"key":"Fire Potion"},{"floor":14,"key":"FairyPotion"},{"floor":20,"key":"DuplicationPotion"},{"floor":28,"key":"Fruit Juice"},{"floor":31,"key":"Swift Potion"},{"floor":41,"key":"Regen Potion"},{"floor":44,"key":"Dexterity Potion"}],"is_trial":false,"path_per_floor":["M","?","M","M","$","E","R","E","T","R","M","M","M","M","R","B",null,"M","?","M","?","M","E","?","E","T","R","M","E","M","M","R","B",null,"M","M","M","$","?","R","E","R","T","E","R","E","R","M","R","B",null],"character_chosen":"THE_EXALTED","items_purchased":["Bromod:SteelFiber","Lee\u0027s Waffle"],"campfire_rested":3,"item_purchase_floors":[5,38],"current_hp_per_floor":[52,52,44,43,43,47,69,69,69,69,69,68,68,68,68,68,75,61,61,61,61,52,46,43,32,32,54,45,38,30,24,48,46,80,80,72,20,87,87,87,87,87,87,87,87,72,72,67,67,21],"gold":501,"neow_bonus":"ONE_RARE_RELIC","is_daily":false,"chose_seed":false,"campfire_upgraded":7,"win_rate":0.0,"timestamp":1613282962,"path_taken":["M","?","M","M","?","E","R","E","T","R","M","?","M","?","R","BOSS","M","?","M","?","M","E","?","E","T","R","M","E","M","?","R","BOSS","M","M","M","$","?","R","E","R","T","E","R","E","R","?","R","BOSS"],"items_purchased_type":["Card","Relic"],"build_version":"2020-12-22","purchased_purges":2,"victory":true,"max_hp_per_floor":[75,75,75,75,75,75,75,75,75,75,75,75,75,75,75,75,75,75,75,75,75,75,75,75,75,75,75,75,75,75,80,80,80,80,80,80,80,87,87,87,87,87,87,87,87,87,87,87,87,87],"card_choices":[{"not_picked":["Bromod:PointStrike","Bromod:RelentlessCombination","Bromod:Foundry"],"picked":"SKIP","floor":1},{"not_picked":["Bromod:Serration","Bromod:PressurePoint","Bromod:Redirection"],"picked":"SKIP","floor":1},{"not_picked":["Bromod:PressurePoint","Bromod:Serration"],"picked":"Bromod:SlipMagazine","floor":3},{"not_picked":["Bromod:RadialBlind","Bromod:PressurePoint"],"picked":"Bromod:ArchwingLauncher","floor":3},{"not_picked":["Bromod:TargetCracker","Bromod:RadialBlind"],"picked":"Bromod:Flow","floor":4},{"not_picked":["Bromod:Fury","Bromod:BulletJump","Bromod:BriefRespite"],"picked":"SKIP","floor":4},{"not_picked":["Bromod:BodyCount","Bromod:Redirection"],"picked":"Bromod:Reflection","floor":6},{"not_picked":["Bromod:Reflection","Bromod:BriefRespite"],"picked":"Bromod:HeatedCharge","floor":8},{"not_picked":["Bromod:SlipMagazine","Bromod:Foundry"],"picked":"Bromod:Vitality","floor":11},{"not_picked":["Bromod:BloodRush","Bromod:Reflection","Bromod:FastHands"],"picked":"SKIP","floor":11},{"not_picked":["Bromod:BulletJump","Bromod:Foundry"],"picked":"Bromod:ShatteringImpact","floor":12},{"not_picked":["Bromod:PointBlank","Bromod:FastHands"],"picked":"Bromod:Rejuvenation","floor":12},{"not_picked":["Bromod:SlipMagazine","Bromod:PressurePoint"],"picked":"Bromod:Vitality","floor":13},{"not_picked":["Bromod:SlipMagazine","Bromod:ShatteringImpact","Bromod:SlashDash"],"picked":"SKIP","floor":13},{"not_picked":["Bromod:Vitality","Bromod:ShatteringImpact"],"picked":"Bromod:Thunderbolt","floor":14},{"not_picked":["Bromod:BriefRespite","Bromod:OrganShatter","Bromod:Redirection"],"picked":"SKIP","floor":14},{"not_picked":["Bromod:HellsChamber","Bromod:ThermiteRounds"],"picked":"Bromod:DriftingContact","floor":16},{"not_picked":["Bromod:PressurePoint","Bromod:SeismicWave"],"picked":"Bromod:SlashDash+1","floor":18},{"not_picked":["Bromod:QuickDraw+1","Bromod:BloodRush","Bromod:Reflection"],"picked":"SKIP","floor":18},{"not_picked":["Mind Blast","Impatience"],"picked":"Dark Shackles","floor":19},{"not_picked":["sneckomod:RainOfDice","Tempest"],"picked":"Guardian:FloatingOrbs","floor":19},{"not_picked":["Bromod:PointStrike","Bromod:FinishingTouch+1"],"picked":"Bromod:RadialJavelin","floor":20},{"not_picked":["Bromod:BodyCount+1","Bromod:Vitality","Bromod:BulletJump+1"],"picked":"SKIP","floor":20},{"not_picked":["Bromod:QuickDraw+1","Bromod:PressurePoint"],"picked":"Bromod:ReflexCoil+1","floor":22},{"not_picked":["Bromod:OrganShatter","Bromod:Redirection"],"picked":"Bromod:Stretch","floor":22},{"not_picked":["Bromod:QuickDraw","Bromod:BodyCount"],"picked":"Bromod:Reflection+1","floor":23},{"not_picked":["Bromod:HornetStrike","Bromod:HellsChamber"],"picked":"Bromod:ContagiousSpread+1","floor":25},{"not_picked":["Bromod:RelentlessCombination","Bromod:SlashDash+1"],"picked":"Bromod:RadialBlind","floor":28},{"not_picked":["Bromod:FastHands","Bromod:PressurePoint+1","Bromod:BulletJump+1"],"picked":"SKIP","floor":28},{"not_picked":["Bromod:BulletJump","Bromod:FastHands","Bromod:PointBlank"],"picked":"SKIP","floor":29},{"not_picked":["Bromod:BodyCount","Bromod:SlipMagazine+1"],"picked":"Bromod:VoltaicStrike","floor":30},{"not_picked":["Bromod:FinishingTouch","Bromod:ShatteringImpact","Bromod:Foundry"],"picked":"SKIP","floor":30},{"not_picked":["Bromod:BulletJump","Bromod:Foundry","Bromod:Patagium"],"picked":"SKIP","floor":31},{"not_picked":["Bromod:SlipMagazine","Bromod:SlashDash+1","Bromod:BulletJump"],"picked":"SKIP","floor":31},{"not_picked":["Bromod:RadialJavelin","Bromod:QuickThinking"],"picked":"Bromod:ToxicBarrage","floor":33},{"not_picked":["Bromod:QuickDraw+1","Bromod:Patagium+1","Bromod:Vitality"],"picked":"SKIP","floor":35},{"not_picked":["Bromod:OrganShatter+1","Bromod:FastHands+1","Bromod:BloodRush"],"picked":"SKIP","floor":35},{"not_picked":["Bromod:SlipMagazine+1","Bromod:FastHands"],"picked":"Bromod:SteelFiber+1","floor":36},{"not_picked":["Bromod:Provoked+1","Bromod:SlipMagazine"],"picked":"Bromod:SteelFiber+1","floor":36},{"not_picked":["Bromod:TargetCracker","Bromod:QuickDraw"],"picked":"Bromod:ArchwingLauncher","floor":37},{"not_picked":["Bromod:OrganShatter+1","Bromod:HornetStrike+1"],"picked":"Bromod:ExaltedBlade","floor":37},{"not_picked":["Bromod:FastHands","Bromod:FinishingTouch+1","Bromod:BulletJump"],"picked":"SKIP","floor":41},{"not_picked":["Bromod:ReflexCoil+1","Bromod:FormaBlueprint+1","Bromod:PressurePoint"],"picked":"SKIP","floor":44},{"not_picked":["Bromod:KillingBlow","Bromod:Foundry+1"],"picked":"Bromod:SlipMagazine+1","floor":46},{"not_picked":["Bromod:EnergySiphon","Bromod:SlipMagazine+1"],"picked":"Bromod:ContagiousSpread","floor":48},{"not_picked":["Bromod:TargetCracker+1","Bromod:SlipMagazine+1"],"picked":"Bromod:HeatedCharge+1","floor":48}],"player_experience":547570,"relics_obtained":[{"floor":6,"key":"reliquary:Stiletto"},{"floor":8,"key":"Mummified Hand"},{"floor":9,"key":"Bronze Scales"},{"floor":23,"key":"Whetstone"},{"floor":25,"key":"Nunchaku"},{"floor":26,"key":"Bromod:ArcaneAwakening"},{"floor":29,"key":"Bromod:ArcaneTempo"},{"floor":41,"key":"reliquary:Boomerang"},{"floor":43,"key":"Bromod:ArcaneMomentum"},{"floor":44,"key":"Pantograph"},{"floor":46,"key":"Peace Pipe"}],"event_choices":[{"damage_healed":0,"gold_gain":0,"player_choice":"Forge","damage_taken":0,"max_hp_gain":0,"max_hp_loss":0,"event_name":"Accursed Blacksmith","floor":2,"gold_loss":0,"cards_upgraded":["Bromod:SlashDash"]},{"damage_healed":0,"gold_gain":0,"player_choice":"Machinery","damage_taken":0,"max_hp_gain":0,"max_hp_loss":0,"event_name":"Elementarium:IncubationChamber","floor":19,"gold_loss":0},{"damage_healed":0,"gold_gain":0,"player_choice":"Ignored","damage_taken":0,"max_hp_gain":0,"max_hp_loss":0,"event_name":"Elementarium:ElementalBlades","floor":21,"gold_loss":0},{"damage_healed":0,"gold_gain":0,"player_choice":"Poke through","damage_taken":3,"max_hp_gain":0,"max_hp_loss":0,"event_name":"Elementarium:GreatTreasure","floor":24,"gold_loss":0},{"damage_healed":0,"gold_gain":0,"player_choice":"Upgraded","damage_taken":0,"max_hp_gain":0,"max_hp_loss":0,"event_name":"Upgrade Shrine","floor":39,"gold_loss":0,"cards_upgraded":["Bromod:ExaltedBlade"]}],"is_beta":false,"boss_relics":[{"not_picked":["Tiny House","Velvet Choker"],"picked":"reliquary:KinkedSpring"},{"not_picked":["Runic Pyramid","reliquary:RedPaperclip"],"picked":"bronze:MakeshiftBattery"}],"items_purged_floors":[5,38],"is_endless":false,"potions_floor_spawned":[4,8,11,12,14,16,20,23,28,29,31,41,44],"ascension_level":2}}