{"host":"kp5m5tbwfn2imaek","time":1613314957,"event":{"mods":["AchievementEnabler","BaseMod","Bestiary","Minty Spire (QoL Compilation)","Relic Stats"],"gold_per_floor":[116,116,144,172,184,221,248,260,260],"floor_reached":8,"language":"ENG","playtime":354,"items_purged":[],"score":116,"play_id":"cb9fd51a-e2a3-4a11-8aff-aea809685605","local_time":"20210214100237","is_ascension_mode":true,"campfire_choices":[],"circlet_count":0,"master_deck":["AscendersBane","Strike_R","Strike_R","Strike_R","Strike_R","Defend_R","Defend_R","Defend_R","Defend_R","Bash","Pommel Strike","Spot Weakness","Feed","Armaments"],"relics":["Burning Blood","MawBank","Pen Nib"],"acts_visited":["Exordium"],"potions_floor_usage":[6],"damage_taken":[{"damage":2,"enemies":"Cultist","floor":1,"turns":4},{"damage":0,"enemies":"2 Louse","floor":3,"turns":4},{"damage":7,"enemies":"Jaw Worm","floor":4,"turns":4},{"damage":48,"enemies":"Lagavulin","floor":6,"turns":8},{"damage":12,"enemies":"Blue Slaver","floor":7,"turns":6},{"damage":34,"enemies":"Gremlin Nob","floor":8,"turns":3}],"seed_played":"1297410744853991131","potions_obtained":[{"floor":4,"key":"EssenceOfSteel"},{"floor":7,"key":"Dexterity Potion"}],"is_trial":false,"path_per_floor":["M","?","M","M","?","E","M","E"],"character_chosen":"IRONCLAD","items_purchased":[],"campfire_rested":0,"item_purchase_floors":[],"current_hp_per_floor":[79,74,80,79,79,37,34,0,0],"gold":260,"neow_bonus":"TEN_PERCENT_HP_BONUS","is_daily":false,"chose_seed":false,"campfire_upgraded":0,"win_rate":0.0,"timestamp":1613314957,"path_taken":["M","?","M","M","?","E","M","E"],"items_purchased_type":[],"build_version":"2020-12-22","purchased_purges":0,"victory":false,"max_hp_per_floor":[82,82,82,82,82,82,85,85,85],"relic_stats":{"counters":[6,29],"Pen Nib":[1],"MawBank":72,"obtain_stats":[{"Pen Nib":6,"MawBank":2,"Burning Blood":0},{"Pen Nib":4,"MawBank":1,"Burning Blood":0},{"Pen Nib":20,"MawBank":4,"Burning Blood":0}],"Burning Blood":30},"card_choices":[{"not_picked":["Dropkick","Armaments"],"picked":"Pommel Strike","floor":1},{"not_picked":["Heavy Blade","Flame Barrier"],"picked":"Spot Weakness","floor":3},{"not_picked":["Body Slam","Intimidate","Clash"],"picked":"SKIP","floor":4},{"not_picked":["Inflame","Body Slam"],"picked":"Feed","floor":6},{"not_picked":["Sword Boomerang","Body Slam"],"picked":"Armaments","floor":7}],"player_experience":735229,"relics_obtained":[{"floor":6,"key":"Pen Nib"}],"event_choices":[{"damage_healed":0,"gold_gain":0,"player_choice":"Success","damage_taken":5,"relics_obtained":["MawBank"],"max_hp_gain":0,"max_hp_loss":0,"event_name":"Scrap Ooze","floor":2,"gold_loss":0},{"cards_removed":["Strike_R"],"damage_healed":0,"gold_gain":0,"player_choice":"Offered Basic","damage_taken":0,"max_hp_gain":0,"max_hp_loss":0,"event_name":"Bonfire Elementals","floor":5,"gold_loss":0}],"is_beta":false,"boss_relics":[],"items_purged_floors":[],"is_endless":false,"potions_floor_spawned":[4,7],"killed_by":"Gremlin Nob","ascension_level":20}}