{"host":"hpn0uxah5qjr7pa6","time":1613291786,"event":{"mods":["2.2 Compatiblity","Act Like it!","Aspiration","BaseMod","Better Third Choice","BetterRewards","Challenge The Spire","Colored Powertips","Conspire","DeckTracker","Downfall","Energized Spire","Hallownest","Hermit","Highlight Path","Hubris","Infinite Spire","Minty Spire (QoL Compilation)","Permanent Neow","Quick Restart","Rare Cards Sparkle","Replay The Spire","Spicy Shops","StSLib","The Bug Knight","The Jungle"],"gold_per_floor":[110,130,130,130,149,149,149,55,69,85,85,96,96,113,113,208,208,218,229,229,248,248,267,313,313,333,333,352,362,191,191,191,286,286,298,309,309,309,309],"floor_reached":37,"language":"ENG","playtime":988,"items_purged":[],"score":557,"play_id":"00b476f3-3c1f-4686-85f7-660f3de7ddd1","local_time":"20210214003626","is_ascension_mode":true,"campfire_choices":[{"floor":6,"key":"REST"},{"floor":11,"key":"REST"},{"data":"bronze:ChosenStrike","floor":13,"key":"SMITH"},{"data":"bronze:BronzeOrb","floor":15,"key":"SMITH"},{"floor":27,"key":"REST"},{"floor":32,"key":"REST"}],"circlet_count":0,"master_deck":["bronze:Strike","bronze:Strike","bronze:Strike","bronze:Strike","bronze:Defend","bronze:Defend","bronze:Defend","bronze:Defend","bronze:Replicate","bronze:DigitalCarnage","bronze:Spike","bronze:BronzeOrb+1","bronze:OilSpill","bronze:ChosenStrike+1","bronze:OilSpill","bronze:OilSpill","bronze:Branch","bronze:DigitalCarnage+1","bronze:OilSpill","bronze:Shield+1"],"relics":["infinitespire:CheckeredPen","hubris:ScarierMask","bronze:PlatinumCore","Boot","Nloth\u0027s Gift","ReplayFunnel","conspire:SlowCooker"],"acts_visited":["Exordium","TheCity","TheBeyond"],"potions_floor_usage":[3,16,16,26,26,30,33,33,33,35],"damage_taken":[{"damage":3,"enemies":"Jaw Worm","floor":1,"turns":5},{"damage":22,"enemies":"Small Slimes","floor":2,"turns":6},{"damage":4,"enemies":"Small Slimes","floor":3,"turns":3},{"damage":0,"enemies":"Cultist","floor":5,"turns":2},{"damage":0,"enemies":"downfall:FleeingMerchant","floor":8,"turns":4},{"damage":1,"enemies":"3 Louse","floor":9,"turns":2},{"damage":8,"enemies":"Red Slaver","floor":10,"turns":2},{"damage":0,"enemies":"Large Slime","floor":12,"turns":2},{"damage":0,"enemies":"Gremlin Gang","floor":14,"turns":2},{"damage":14,"enemies":"SI_SHIV_ARCHETYPE","floor":16,"turns":5},{"damage":0,"enemies":"Chosen","floor":18,"turns":3},{"damage":0,"enemies":"3 Byrds","floor":19,"turns":3},{"damage":6,"enemies":"3 Cultists","floor":21,"turns":3},{"damage":7,"enemies":"Shelled Parasite and Fungi","floor":23,"turns":3},{"damage":10,"enemies":"Snake Plant","floor":26,"turns":2},{"damage":0,"enemies":"3 Cultists","floor":28,"turns":2},{"damage":16,"enemies":"Centurion and Healer","floor":29,"turns":3},{"damage":0,"enemies":"downfall:FleeingMerchant","floor":30,"turns":4},{"damage":28,"enemies":"IC_MUSHROOM_ARCHETYPE","floor":33,"turns":6},{"damage":31,"enemies":"3 Shapes","floor":35,"turns":4},{"damage":2,"enemies":"Orb Walker","floor":36,"turns":2},{"damage":69,"enemies":"Writhing Mass","floor":37,"turns":4}],"seed_played":"-2035476299067326047","potions_obtained":[{"floor":2,"key":"SkillPotion"},{"floor":10,"key":"hexamod:SoulburnPotion"},{"floor":14,"key":"SneckoOil"},{"floor":16,"key":"ColorlessPotion"},{"floor":19,"key":"bronze:FreeFunctionsPotion"},{"floor":26,"key":"infinitespire:BlackPotion"},{"floor":29,"key":"Languid Potion"},{"floor":31,"key":"LifebloodPotion"},{"floor":31,"key":"PowerPotion"},{"floor":33,"key":"Strength Potion"}],"is_trial":false,"path_per_floor":["M","M","?","?","M","R","T","$","M","M","R","M","R","M","R","B",null,"M","M","?","M","AVR","M","T","?","M","R","M","M","$","?","R","B",null,"M","M","M"],"character_chosen":"THE_AUTOMATON","items_purchased":["bronze:ChosenStrike","ReplayFunnel"],"campfire_rested":4,"item_purchase_floors":[8,30],"current_hp_per_floor":[67,45,41,41,41,64,64,64,63,55,77,77,77,77,77,63,74,74,74,74,68,68,61,61,61,51,74,74,58,58,58,77,49,70,39,37,0,0,0],"gold":309,"neow_bonus":"TEN_PERCENT_HP_BONUS","is_daily":false,"chose_seed":false,"campfire_upgraded":2,"win_rate":0.0,"timestamp":1613291786,"path_taken":["M","M","?","?","M","R","T","$","?","M","R","M","R","M","R","BOSS","M","M","?","?","AVR","M","T","?","M","R","M","?","$","?","R","BOSS","M","M","M"],"items_purchased_type":["Card","Relic"],"build_version":"2020-12-22","purchased_purges":0,"victory":false,"max_hp_per_floor":[77,77,77,77,77,77,77,77,77,77,77,77,77,77,77,77,77,77,77,77,77,77,77,77,77,77,77,77,77,77,77,77,77,77,77,77,77,77,77],"card_choices":[{"not_picked":["bronze:Iterate","bronze:ChildClass","bronze:NullPointer"],"picked":"SKIP","floor":1},{"not_picked":["bronze:Frontload","bronze:Separator"],"picked":"bronze:DigitalCarnage","floor":2},{"not_picked":[],"picked":"bronze:Spike","floor":3},{"not_picked":["bronze:Overheat","bronze:WhirlingStrike"],"picked":"bronze:BronzeOrb","floor":3},{"not_picked":["bronze:Fortify","bronze:Frontload","bronze:DarkDash"],"picked":"SKIP","floor":5},{"not_picked":["bronze:CutThrough","bronze:Separator"],"picked":"bronze:OilSpill","floor":8},{"not_picked":["bronze:Allocate","bronze:MaxOutput","bronze:CutThrough"],"picked":"SKIP","floor":9},{"not_picked":["bronze:NullPointer","bronze:AlphaBuild"],"picked":"bronze:OilSpill","floor":10},{"not_picked":["bronze:Shield","bronze:Invalidate","bronze:Frontload"],"picked":"SKIP","floor":12},{"not_picked":["bronze:Turbo","bronze:Shield","bronze:MaxOutput"],"picked":"SKIP","floor":14},{"not_picked":["bronze:Frontload","bronze:InfiniteBeams","bronze:Separator"],"picked":"SKIP","floor":18},{"not_picked":["bronze:BitShift","bronze:BuggyMess+1"],"picked":"bronze:OilSpill","floor":19},{"not_picked":["bronze:WhirlingStrike","bronze:Invalidate+1","bronze:FindAndReplace"],"picked":"SKIP","floor":21},{"not_picked":["bronze:Allocate","bronze:CutThrough"],"picked":"bronze:Branch","floor":23},{"not_picked":["bronze:Safeguard","bronze:CutThrough"],"picked":"bronze:DigitalCarnage+1","floor":26},{"not_picked":["bronze:Return","bronze:Backtrace"],"picked":"bronze:OilSpill","floor":28},{"not_picked":["bronze:Mutator","bronze:GetLatest","bronze:Repulsor+1"],"picked":"SKIP","floor":29},{"not_picked":["bronze:AlphaBuild","bronze:BugBarrage+1","bronze:Overload"],"picked":"SKIP","floor":30},{"not_picked":["bronze:FineTuning+1","bronze:Frontload+1"],"picked":"bronze:Shield+1","floor":35},{"not_picked":["bronze:DelayedSlice+1","bronze:Shell","bronze:FineTuning+1"],"picked":"SKIP","floor":36}],"player_experience":245043,"relics_obtained":[{"floor":7,"key":"infinitespire:CheckeredPen"},{"floor":24,"key":"Boot"}],"event_choices":[{"damage_healed":0,"gold_gain":0,"player_choice":"Got Potions","damage_taken":0,"max_hp_gain":0,"max_hp_loss":0,"event_name":"Lab","floor":31,"gold_loss":0}],"is_beta":false,"boss_relics":[{"not_picked":["Runic Pyramid","ReplayTheSpireMod:SealedPack"],"picked":"hubris:ScarierMask"},{"not_picked":["Replay:Fungal Core","Snecko Eye"],"picked":"conspire:SlowCooker"}],"items_purged_floors":[],"is_endless":false,"potions_floor_spawned":[2,10,14,16,19,26,29,33],"killed_by":"Writhing Mass","ascension_level":9}}