{"host":"5dk97cf2ubw2v967","time":1613326126,"event":{"mods":["AlwaysNeverKeys","BaseMod","Better Altar","Better Vampires","Block Reminder","Card Filter","Colored Powertips","Downfall","Googly Eyes","Highlight Path","Minty Spire (QoL Compilation)","Permanent Neow","Potion Indicator Mod","Quick Restart","Relic Filter","Relic Stats","Say the Spire","Spicy Shops","StSLib","Waifu the Spire","everything is the same but u backflip on backflip"],"gold_per_floor":[362,372,19,19,169,198,198,198,198],"floor_reached":8,"language":"ENG","playtime":282,"items_purged":["Bash"],"score":108,"play_id":"212732b0-2d95-4652-8975-f6ebd661e3f1","local_time":"20210214180846","is_ascension_mode":true,"campfire_choices":[{"floor":7,"key":"REST"}],"circlet_count":0,"master_deck":["AscendersBane","Strike_R+1","Strike_R","Strike_R","Strike_R","Strike_R","Defend_R","Defend_R","Defend_R","Defend_R","Fire Breathing","Whirlwind","Shrug It Off","Fire Breathing","Flame Barrier+1","Doubt"],"relics":["Burning Blood","DollysMirror","CeramicFish"],"acts_visited":["Exordium"],"potions_floor_usage":[6],"damage_taken":[{"damage":14,"enemies":"Jaw Worm","floor":1,"turns":3},{"damage":4,"enemies":"2 Louse","floor":2,"turns":3},{"damage":10,"enemies":"3 Sentries","floor":6,"turns":4},{"damage":20,"enemies":"Gremlin Nob","floor":8,"turns":4}],"seed_played":"-4665305053741666836","potions_obtained":[{"floor":1,"key":"LiquidMemories"}],"is_trial":false,"path_per_floor":["M","M","$","?","?","E","R","E"],"character_chosen":"IRONCLAD","items_purchased":["Shrug It Off","DollysMirror","Flame Barrier"],"campfire_rested":1,"item_purchase_floors":[3,3,3],"current_hp_per_floor":[42,44,44,21,21,17,39,19,19],"gold":198,"neow_bonus":"TWO_FIFTY_GOLD","is_daily":false,"chose_seed":false,"campfire_upgraded":0,"win_rate":0.0,"timestamp":1613326126,"path_taken":["M","M","$","?","?","E","R","E"],"items_purchased_type":["Card","Relic","Card"],"build_version":"2020-12-22","purchased_purges":1,"victory":false,"max_hp_per_floor":[75,75,75,75,75,75,75,75,75],"relic_stats":{"counters":[4,14],"CeramicFish":0,"obtain_stats":[{"DollysMirror":3,"CeramicFish":6,"Burning Blood":0},{"DollysMirror":2,"CeramicFish":3,"Burning Blood":0},{"DollysMirror":6,"CeramicFish":10,"Burning Blood":0}],"Burning Blood":18},"card_choices":[{"not_picked":["Pommel Strike","Perfected Strike"],"picked":"Fire Breathing","floor":1},{"not_picked":["Body Slam","Clash"],"picked":"Whirlwind","floor":2},{"not_picked":["Flex","Rampage","Twin Strike"],"picked":"SKIP","floor":6}],"player_experience":1319327,"relics_obtained":[{"floor":6,"key":"CeramicFish"}],"event_choices":[{"damage_healed":0,"gold_gain":0,"player_choice":"Entered Light","damage_taken":23,"max_hp_gain":0,"max_hp_loss":0,"event_name":"Shining Light","floor":4,"gold_loss":0,"cards_upgraded":["Strike_R","Flame Barrier"]},{"damage_healed":0,"gold_gain":150,"player_choice":"AGREE","damage_taken":0,"max_hp_gain":0,"max_hp_loss":0,"event_name":"Liars Game","floor":5,"gold_loss":0,"cards_obtained":["Doubt"]}],"is_beta":false,"boss_relics":[],"items_purged_floors":[3],"is_endless":false,"potions_floor_spawned":[1],"killed_by":"Gremlin Nob","ascension_level":20}}