{"host":"6xsbn6ynqlzwllfm","time":1613338359,"event":{"mods":["2.2 Compatiblity","BaseMod","Bestiary","Colored Map","Colored Powertips","Curses Come First","Downfall","Highlight Path","Keyboard Shortcuts","Minty Spire (QoL Compilation)","Relic Stats","Slay the Relics Exporter","StSLib","SuperFastMode"],"gold_per_floor":[99,110,126,146,146,146,146,46,46,46,65,65,50,63,80,80,80,80],"floor_reached":16,"language":"ENG","playtime":538,"items_purged":[],"score":168,"play_id":"2deed453-5fb4-4cb1-9241-f8385d320fc0","local_time":"20210214163239","is_ascension_mode":true,"campfire_choices":[{"floor":1,"key":"DIG"},{"floor":8,"key":"DIG"},{"floor":10,"key":"DIG"}],"circlet_count":0,"master_deck":["AscendersBane","bronze:Strike","bronze:Strike","bronze:Strike","bronze:Defend","bronze:Defend","bronze:Defend","bronze:Replicate","bronze:Goto","bronze:Deprecate","bronze:ChildClass","bronze:Philosophize","bronze:RecursiveStrike","bronze:FineTuning","bronze:Assembly","bronze:Return"],"relics":["bronze:BronzeCore","Shovel","Potion Belt","downfall:HeartBlessingBlue","Gambling Chip","StrikeDummy","Kunai"],"acts_visited":["Exordium"],"potions_floor_usage":[14,16,16],"damage_taken":[{"damage":0,"enemies":"2 Louse","floor":2,"turns":3},{"damage":7,"enemies":"Jaw Worm","floor":3,"turns":5},{"damage":0,"enemies":"Cultist","floor":4,"turns":4},{"damage":5,"enemies":"3 Louse","floor":11,"turns":3},{"damage":0,"enemies":"downfall:FleeingMerchant","floor":13,"turns":4},{"damage":4,"enemies":"Exordium Wildlife","floor":14,"turns":4},{"damage":0,"enemies":"Large Slime","floor":15,"turns":1},{"damage":44,"enemies":"IC_STATUS_ARCHETYPE","floor":16,"turns":4}],"seed_played":"3882038729038582860","potions_obtained":[{"floor":3,"key":"BlessingOfTheForge"},{"floor":11,"key":"CultistPotion"},{"floor":14,"key":"ColorlessPotion"}],"is_trial":false,"path_per_floor":["R","M","M","M","?","?","T","R","T","R","M","?","$","M","M","B"],"character_chosen":"THE_AUTOMATON","items_purchased":[],"campfire_rested":0,"item_purchase_floors":[],"current_hp_per_floor":[45,45,38,38,43,43,43,53,53,53,48,48,48,44,44,0,0,0],"gold":80,"neow_bonus":"ONE_RARE_RELIC","is_daily":false,"chose_seed":false,"campfire_upgraded":0,"win_rate":0.0,"timestamp":1613338359,"path_taken":["R","M","M","M","?","?","T","R","?","R","?","?","?","M","M","BOSS"],"items_purchased_type":[],"build_version":"2020-12-22","purchased_purges":0,"victory":false,"max_hp_per_floor":[70,70,70,70,75,75,75,85,85,85,85,85,85,85,85,85,85,85],"relic_stats":{"Shovel":3,"counters":[8,28],"Gambling Chip":[12],"Kunai":[9],"obtain_stats":[{"Potion Belt":1,"bronze:BronzeCore":0,"Shovel":0,"downfall:HeartBlessingBlue":8,"Gambling Chip":8,"Kunai":10,"StrikeDummy":9},{"Potion Belt":0,"bronze:BronzeCore":0,"Shovel":0,"downfall:HeartBlessingBlue":3,"Gambling Chip":3,"Kunai":3,"StrikeDummy":3},{"Potion Belt":0,"bronze:BronzeCore":0,"Shovel":0,"downfall:HeartBlessingBlue":12,"Gambling Chip":12,"Kunai":12,"StrikeDummy":12}]},"card_choices":[{"not_picked":["bronze:Iterate","bronze:OilSpill"],"picked":"bronze:Deprecate","floor":2},{"not_picked":["bronze:Turbo","bronze:BitShift"],"picked":"bronze:ChildClass","floor":3},{"not_picked":["bronze:OilSpill","bronze:ChildClass"],"picked":"bronze:Philosophize","floor":4},{"not_picked":["bronze:BugBarrage","bronze:Constructor","bronze:WhirlingStrike"],"picked":"SKIP","floor":11},{"not_picked":["bronze:Shield","bronze:BuggyMess"],"picked":"bronze:FineTuning","floor":13},{"not_picked":["bronze:Optimize","bronze:Allocate"],"picked":"bronze:Assembly","floor":14},{"not_picked":["bronze:Separator","bronze:Constructor"],"picked":"bronze:Return","floor":15}],"player_experience":1784270,"relics_obtained":[{"floor":1,"key":"Potion Belt"},{"floor":8,"key":"Gambling Chip"},{"floor":9,"key":"StrikeDummy"},{"floor":10,"key":"Kunai"}],"event_choices":[{"damage_healed":0,"gold_gain":0,"player_choice":"Donut","damage_taken":0,"max_hp_gain":5,"max_hp_loss":0,"event_name":"Big Fish","floor":5,"gold_loss":0},{"damage_healed":0,"gold_gain":0,"cards_transformed":["bronze:Strike"],"player_choice":"Change","damage_taken":0,"max_hp_gain":0,"max_hp_loss":0,"event_name":"Living Wall","floor":6,"gold_loss":0,"cards_obtained":["bronze:RecursiveStrike"]},{"cards_removed":["bronze:Defend"],"damage_healed":0,"gold_gain":0,"player_choice":"Card Removal","damage_taken":0,"max_hp_gain":0,"max_hp_loss":0,"event_name":"The Cleric","floor":12,"gold_loss":0}],"is_beta":false,"boss_relics":[],"items_purged_floors":[],"is_endless":false,"potions_floor_spawned":[3,11,14],"killed_by":"IC_STATUS_ARCHETYPE","ascension_level":11}}