{"host":"sctafptk02a6u9c8","time":1613276136,"event":{"mods":["BaseMod","Chen","Friendly Minions","KinomotoSakuraMod(ƒæ÷Æ±æ”£)","Kiyohime£®«Âºß£©","Koishi","Marisa£®ÏF”Í°°ƒß¿Ì…≥£©","Minty Spire (QoL Compilation)","Prisma Mod","READ ME - Guardian Mod","Reimu£®≤©¿ˆ¡È√Œ£©","Remilia£®¿Ÿ√◊¿Ú—«£©","RumiaBox-¬∂√◊Ê´µƒ…Ò√ÿ∫–◊”","StSLib","Td1madao Mod","The Alterego","The Servant 0.9.4","WarShipGirlsR/’ΩΩ¢…Ÿ≈ÆR mod","Yakumo Yukari mod","Youmu£®ªÍ∆«—˝√Œ£©","Yuyuko"],"gold_per_floor":[110,110,127,142,92,118,137,172,199,199,225,126,126,144,144,246,246,257,277,33,49,49,49,81,95,95,129,129,142,176,192,192,292,342,353,404,418,121,121,153,173,186,186,214,214,233,261,271,271,271,271,271,115,146,146],"floor_reached":56,"language":"ZHS","playtime":4330,"items_purged":["Defend_RM","Defend_RM"],"score":1574,"play_id":"3362989d-5e4f-4595-8444-4bbeae80bbb4","local_time":"20210214121536","is_ascension_mode":true,"campfire_choices":[{"data":"ChaoticDestiny","floor":10,"key":"SMITH"},{"data":"VampireKiss","floor":15,"key":"SMITH"},{"floor":23,"key":"REST"},{"data":"HeartBreak","floor":32,"key":"SMITH"},{"floor":49,"key":"RECALL"},{"floor":52,"key":"DIG"}],"circlet_count":0,"master_deck":["Strike_RM","Strike_RM","Strike_RM+1","Strike_RM","Defend_RM+1","RedMoon","ScarletShoot+1","Bandage Up","ScarletDevil","AfternoonTea","VampireClaw+1","MiserableFate","BlasphemousPunishment","ChaoticDestiny+1","VampireKiss+1","BloodHunter","KillingBlow","ScarletImprint","MastersStateliness","NightDance+1","HeartBreak+1","TwelveNightmare+1","BombardNight","EmergencyRegeneration+1","MastersStateliness+1","Stigmanizer+1","EquivalentExchange","RedRainbow+1","BloodAndWine+1","VampireKiss+1","DiffusionOfMisfortune+1","SuperhumanBloodyKnife+1","VampireFantasy+1","BloodHunter+1","Stigmanizer+1","ScarletShoot+1"],"relics":["ScarletHat","Sundial","Orichalcum","Nunchaku","Pantograph","Cursed Key","Omamori","Enchiridion","MagicDraw1","TypeBBloodRedTea","SSSystem","Blood Vial","RedBat","Tiny House","Shovel","HandDrill","Strawberry","Pocketwatch","Boot","Torii","Prayer Wheel","MagicDraw2","DollysMirror","Whetstone"],"acts_visited":["Exordium","TheCity","TheBeyond","TheEnding"],"potions_floor_usage":[16,16,24,27,33],"damage_taken":[{"damage":0,"enemies":"Cultist","floor":1,"turns":4},{"damage":0,"enemies":"Small Slimes","floor":3,"turns":3},{"damage":0,"enemies":"Jaw Worm","floor":4,"turns":4},{"damage":27,"enemies":"Gremlin Nob","floor":6,"turns":6},{"damage":0,"enemies":"Exordium Wildlife","floor":7,"turns":4},{"damage":16,"enemies":"3 Sentries","floor":8,"turns":8},{"damage":11,"enemies":"Gremlin Nob","floor":11,"turns":4},{"damage":8,"enemies":"Lots of Slimes","floor":14,"turns":3},{"damage":46,"enemies":"The Guardian","floor":16,"turns":9},{"damage":31,"enemies":"2 Thieves","floor":18,"turns":5},{"damage":13,"enemies":"Shell Parasite","floor":19,"turns":3},{"damage":22,"enemies":"Chosen and Byrds","floor":21,"turns":5},{"damage":10,"enemies":"Gremlin Leader","floor":24,"turns":4},{"damage":10,"enemies":"Centurion and Healer","floor":25,"turns":5},{"damage":16,"enemies":"Book of Stabbing","floor":27,"turns":5},{"damage":10,"enemies":"Sentry and Sphere","floor":29,"turns":2},{"damage":25,"enemies":"Slavers","floor":30,"turns":2},{"damage":56,"enemies":"Snake Plant","floor":31,"turns":5},{"damage":94,"enemies":"Champ","floor":33,"turns":4},{"damage":25,"enemies":"3 Shapes","floor":35,"turns":6},{"damage":35,"enemies":"2 Orb Walkers","floor":36,"turns":4},{"damage":0,"enemies":"Orb Walker","floor":37,"turns":4},{"damage":15,"enemies":"Reptomancer","floor":40,"turns":3},{"damage":51,"enemies":"Sphere and 2 Shapes","floor":41,"turns":5},{"damage":10,"enemies":"Spire Growth","floor":42,"turns":3},{"damage":23,"enemies":"Nemesis","floor":44,"turns":5},{"damage":49,"enemies":"Transient","floor":46,"turns":5},{"damage":13,"enemies":"Reptomancer","floor":47,"turns":4},{"damage":1,"enemies":"Jaw Worm Horde","floor":48,"turns":3},{"damage":52,"enemies":"Donu and Deca","floor":50,"turns":5},{"damage":88,"enemies":"Shield and Spear","floor":54,"turns":6},{"damage":90,"enemies":"The Heart","floor":55,"turns":3}],"seed_played":"2387817151667130033","potions_obtained":[{"floor":4,"key":"Swift Potion"},{"floor":7,"key":"PowerPotion"},{"floor":8,"key":"Regen Potion"},{"floor":14,"key":"DestinyDice"},{"floor":18,"key":"SmokeBomb"},{"floor":19,"key":"DuplicationPotion"},{"floor":21,"key":"SpeedPotion"},{"floor":27,"key":"ColorlessPotion"},{"floor":33,"key":"GrandPatriotsElixir:ReiMu"},{"floor":34,"key":"DestinyDice"},{"floor":40,"key":"SneckoOil"},{"floor":44,"key":"Block Potion"}],"is_trial":false,"path_per_floor":["M","?","M","M","?","E","M","E","T","R","E","$","T","M","R","B",null,"M","M","$","M","?","R","E","M","T","E","?","M","E","M","R","B",null,"M","?","M","$","?","E","M","M","T","E","?","M","E","M","R","B",null,"R","$","E","B",null],"character_chosen":"REMILIA","items_purchased":["BloodHunter","Omamori","HandDrill","Strawberry","DollysMirror"],"campfire_rested":1,"item_purchase_floors":[12,20,38,38,53],"current_hp_per_floor":[75,60,64,68,68,50,54,44,44,44,38,38,38,35,35,31,64,38,31,31,22,6,29,40,36,36,36,36,31,23,41,41,48,80,75,71,92,99,99,99,62,82,82,84,84,99,99,99,99,99,99,99,99,69,86],"gold":146,"neow_bonus":"RANDOM_COLORLESS","is_daily":false,"chose_seed":false,"campfire_upgraded":3,"win_rate":0.0,"timestamp":1613276136,"path_taken":["M","?","M","M","?","E","M","E","T","R","E","$","?","?","R","BOSS","M","?","$","M","?","R","E","M","T","E","?","M","E","M","R","BOSS","M","?","M","$","?","E","?","M","T","E","?","M","E","M","R","BOSS","R","$","E","BOSS"],"items_purchased_type":["Card","Relic","Relic","Relic","Relic"],"build_version":"2020-12-22","purchased_purges":2,"victory":true,"max_hp_per_floor":[75,75,75,75,75,75,75,75,75,75,75,75,75,75,75,75,75,75,75,75,78,78,78,78,78,78,78,78,78,84,84,84,84,89,89,92,92,99,99,99,99,99,99,99,99,99,99,99,99,99,99,99,99,99,99],"card_choices":[{"not_picked":["Finesse","Jack Of All Trades"],"picked":"Bandage Up","floor":0},{"not_picked":["BadLadyScramble","VampirishNight"],"picked":"ScarletDevil","floor":1},{"not_picked":["BombardNight","BlasphemousPunishment"],"picked":"AfternoonTea","floor":3},{"not_picked":["NightDance","FavorOfDestiny"],"picked":"VampireClaw","floor":4},{"not_picked":["ScarletDevil","RedNightlessCastle"],"picked":"MiserableFate","floor":6},{"not_picked":["EndlessAdversity","ChaoticDestiny"],"picked":"BlasphemousPunishment","floor":7},{"not_picked":["CharismaGuard","EndlessAdversity"],"picked":"ChaoticDestiny","floor":8},{"not_picked":["ScarletDevil","Stigmanizer"],"picked":"VampireKiss","floor":11},{"not_picked":["BloodyTrap","Septette"],"picked":"CharismaGuard","floor":14},{"not_picked":["BloodyHallows","BloodRain"],"picked":"KillingBlow","floor":16},{"not_picked":["RedMagic","ScarletDevil"],"picked":"ScarletImprint","floor":18},{"not_picked":["FavorOfDestiny","BlasphemousPunishment"],"picked":"MastersStateliness","floor":19},{"not_picked":["CharismaGuard","LeisurelyOfLord"],"picked":"NightDance+1","floor":21},{"not_picked":["StarOfDavid","VampireClaw"],"picked":"HeartBreak","floor":24},{"not_picked":["RedRainbow","DiffusionOfMisfortune"],"picked":"TwelveNightmare","floor":25},{"not_picked":["DiffusionOfMisfortune","BloodyTrap"],"picked":"BombardNight","floor":27},{"not_picked":["HunterOfTheNight","BloodHunter"],"picked":"EmergencyRegeneration+1","floor":29},{"not_picked":["RedNightlessCastle+1","DiffusionOfMisfortune+1"],"picked":"MastersStateliness+1","floor":30},{"not_picked":["EndlessAdversity","SuperhumanBloodyKnife"],"picked":"Stigmanizer+1","floor":31},{"not_picked":["TransientEternity","ForecastOfChange"],"picked":"EquivalentExchange","floor":33},{"not_picked":["ScarletDevil","ReincarnationDial"],"picked":"RedRainbow+1","floor":34},{"not_picked":["ScarletGensokyo+1","UnderTheZenith"],"picked":"BloodAndWine+1","floor":35},{"not_picked":["ReincarnationDial","BlasphemousPunishment+1"],"picked":"VampireKiss+1","floor":36},{"not_picked":["FavorOfDestiny+1","ScarletImprint"],"picked":"DiffusionOfMisfortune+1","floor":37},{"not_picked":["BombardNight+1","EmergencyRegeneration+1"],"picked":"SuperhumanBloodyKnife+1","floor":40},{"not_picked":["BombardNight+1","UnderTheZenith"],"picked":"VampireFantasy+1","floor":41},{"not_picked":["DiffusionOfMisfortune","ScarletImprint+1"],"picked":"BloodHunter+1","floor":42},{"not_picked":["BatForm","NightDance+1","EndlessAdversity"],"picked":"SKIP","floor":44},{"not_picked":["Maim","RedRainbow+1","DiffusionOfMisfortune"],"picked":"SKIP","floor":46},{"not_picked":["CharismaGuard","RedNightlessCastle"],"picked":"Stigmanizer+1","floor":47},{"not_picked":["RedMagic","UnderTheZenith+1","RedNightlessCastle+1"],"picked":"SKIP","floor":48},{"not_picked":["StarOfDavid","BombardNight+1","RedMagic"],"picked":"SKIP","floor":48},{"not_picked":["AfternoonTea","ForbiddenFruit","RedRainbow+1"],"picked":"SKIP","floor":54}],"player_experience":400801,"relics_obtained":[{"floor":6,"key":"Sundial"},{"floor":8,"key":"Orichalcum"},{"floor":11,"key":"Nunchaku"},{"floor":13,"key":"Pantograph"},{"floor":22,"key":"Enchiridion"},{"floor":24,"key":"MagicDraw1"},{"floor":26,"key":"TypeBBloodRedTea"},{"floor":27,"key":"SSSystem"},{"floor":30,"key":"RedBat"},{"floor":36,"key":"Shovel"},{"floor":40,"key":"Pocketwatch"},{"floor":43,"key":"Boot"},{"floor":44,"key":"Torii"},{"floor":47,"key":"Prayer Wheel"},{"floor":52,"key":"MagicDraw2"},{"floor":54,"key":"Whetstone"}],"event_choices":[{"damage_healed":0,"gold_gain":0,"player_choice":"Entered Light","damage_taken":15,"max_hp_gain":0,"max_hp_loss":0,"event_name":"Shining Light","floor":2,"gold_loss":0,"cards_upgraded":["Defend_RM","ScarletShoot"]},{"cards_removed":["Defend_RM"],"damage_healed":0,"gold_gain":0,"player_choice":"Card Removal","damage_taken":0,"max_hp_gain":0,"max_hp_loss":0,"event_name":"The Cleric","floor":5,"gold_loss":50},{"damage_healed":0,"gold_gain":0,"player_choice":"Obtained Book","damage_taken":16,"max_hp_gain":0,"max_hp_loss":0,"event_name":"Cursed Tome","floor":22,"gold_loss":0},{"damage_healed":0,"gold_gain":0,"player_choice":"Opened","damage_taken":0,"relics_obtained":["Blood Vial"],"max_hp_gain":0,"max_hp_loss":0,"event_name":"The Mausoleum","floor":28,"gold_loss":0},{"damage_healed":0,"gold_gain":0,"player_choice":"Fight","damage_taken":0,"max_hp_gain":0,"max_hp_loss":0,"event_name":"Mysterious Sphere","floor":36,"gold_loss":0},{"damage_healed":0,"gold_gain":0,"player_choice":"Ignored","damage_taken":0,"max_hp_gain":0,"max_hp_loss":0,"event_name":"SecretPortal","floor":39,"gold_loss":0},{"cards_removed":["CharismaGuard"],"damage_healed":0,"gold_gain":0,"player_choice":"Removed Power","damage_taken":0,"max_hp_gain":0,"max_hp_loss":0,"event_name":"Falling","floor":45,"gold_loss":0}],"is_beta":false,"boss_relics":[{"not_picked":["Velvet Choker","Ectoplasm"],"picked":"Cursed Key"},{"not_picked":["Empty Cage","Busted Crown"],"picked":"Tiny House"}],"items_purged_floors":[12,20],"is_endless":false,"potions_floor_spawned":[4,7,8,14,18,19,21,27,33,40,41,44,46,54],"ascension_level":5}}