{"host":"t7mx8yfj1no5p62f","time":1613275560,"event":{"mods":["BaseMod","Colored Map","Colored Powertips","Curses Come First","Minty Spire (QoL Compilation)","Relic Stats","StSLib"],"gold_per_floor":[119,119,136,155,96,96,122,122,122,122,138,158,177,177,177],"floor_reached":14,"language":"ENG","playtime":551,"items_purged":[],"score":184,"play_id":"44a732e8-b875-4cae-bcfa-3b9d3b19a9a6","local_time":"20210213230600","is_ascension_mode":true,"campfire_choices":[{"data":"Bane","floor":6,"key":"SMITH"},{"data":"Noxious Fumes","floor":8,"key":"SMITH"},{"data":"Neutralize","floor":10,"key":"SMITH"}],"circlet_count":0,"master_deck":["AscendersBane","Strike_G","Strike_G","Strike_G","Strike_G","Defend_G","Defend_G","Defend_G","Defend_G","Survivor","Neutralize+1","Dagger Throw+1","Noxious Fumes+1","Bane+1","Blur","Catalyst","Backstab","Footwork"],"relics":["Ring of the Snake","Girya"],"acts_visited":["Exordium"],"potions_floor_usage":[7,7,14],"damage_taken":[{"damage":11,"enemies":"Small Slimes","floor":1,"turns":6},{"damage":0,"enemies":"Cultist","floor":3,"turns":3},{"damage":3,"enemies":"Jaw Worm","floor":4,"turns":4},{"damage":22,"enemies":"3 Sentries","floor":7,"turns":8},{"damage":0,"enemies":"Blue Slaver","floor":11,"turns":5},{"damage":0,"enemies":"2 Fungi Beasts","floor":12,"turns":4},{"damage":6,"enemies":"Exordium Wildlife","floor":13,"turns":3},{"damage":24,"enemies":"Gremlin Nob","floor":14,"turns":3}],"seed_played":"-3551958277202886226","potions_obtained":[{"floor":1,"key":"Explosive Potion"},{"floor":4,"key":"Swift Potion"},{"floor":13,"key":"ColorlessPotion"}],"is_trial":false,"path_per_floor":["M","?","M","M","$","R","E","R","T","R","M","M","M","E"],"character_chosen":"THE_SILENT","items_purchased":["Bane"],"campfire_rested":0,"item_purchase_floors":[5],"current_hp_per_floor":[48,48,48,45,45,45,23,23,23,23,23,23,17,0,0],"gold":177,"neow_bonus":"REMOVE_TWO","is_daily":false,"chose_seed":false,"campfire_upgraded":3,"win_rate":0.0,"timestamp":1613275560,"path_taken":["M","?","M","?","?","R","E","R","T","R","M","M","M","E"],"items_purchased_type":["Card"],"build_version":"2020-12-22","purchased_purges":0,"victory":false,"max_hp_per_floor":[60,60,60,60,60,60,60,60,60,60,60,60,60,60,60],"relic_stats":{"counters":[8,36],"obtain_stats":[{"Girya":7,"Ring of the Snake":0},{"Girya":4,"Ring of the Snake":0},{"Girya":21,"Ring of the Snake":0}],"Ring of the Snake":[16]},"card_choices":[{"not_picked":["Footwork","Caltrops"],"picked":"Dagger Throw","floor":1},{"not_picked":["Infinite Blades","Crippling Poison"],"picked":"Noxious Fumes","floor":3},{"not_picked":["Dagger Throw","Quick Slash","Footwork"],"picked":"SKIP","floor":4},{"not_picked":["Dodge and Roll","Expertise"],"picked":"Blur","floor":7},{"not_picked":["Choke","Slice"],"picked":"Catalyst","floor":11},{"not_picked":["Bouncing Flask","Well Laid Plans"],"picked":"Backstab","floor":12},{"not_picked":["Concentrate","Bane"],"picked":"Footwork","floor":13}],"player_experience":1964533,"relics_obtained":[{"floor":7,"key":"Girya"}],"event_choices":[{"damage_healed":0,"gold_gain":0,"player_choice":"Upgraded","damage_taken":0,"max_hp_gain":0,"max_hp_loss":0,"event_name":"Upgrade Shrine","floor":2,"gold_loss":0,"cards_upgraded":["Dagger Throw"]}],"is_beta":false,"boss_relics":[],"items_purged_floors":[],"is_endless":false,"potions_floor_spawned":[1,4,13],"killed_by":"Gremlin Nob","ascension_level":20}}