{"host":"Koishi","time":1613330066,"event":{"mods":["2.2 Compatiblity","AchievementEnabler","Act Like it!","BaseMod","Better Match","Better Note","Better Sensory Stone","Better Third Choice","Colored Powertips","Minty Spire (QoL Compilation)","Quick Restart","Relic Stats","StSLib","everything is the same but u backflip on backflip","slay the spire mod where everything is the same but ironclad has a cowboy hat"],"gold_per_floor":[317,332,332,350,350,376,376,46,46,98,98,98],"floor_reached":11,"language":"ENG","playtime":357,"items_purged":[],"score":146,"play_id":"ad8455d4-aa02-496c-800a-16ca59951033","local_time":"20210214141426","is_ascension_mode":true,"campfire_choices":[{"floor":7,"key":"REST"}],"circlet_count":0,"master_deck":["AscendersBane","Strike_P","Strike_P","Strike_P","Strike_P","Defend_P","Defend_P","Defend_P","Defend_P","Eruption","Vigilance","ForeignInfluence","FearNoEvil","BowlingBash+1","Protect","Quick Slash"],"relics":["PureWater","Old Coin","Calipers","Tiny Chest","PrismaticShard","Damaru","Thread and Needle"],"acts_visited":["Exordium"],"potions_floor_usage":[6,10],"damage_taken":[{"damage":2,"enemies":"Cultist","floor":1,"turns":4},{"damage":1,"enemies":"Small Slimes","floor":2,"turns":3},{"damage":0,"enemies":"2 Louse","floor":4,"turns":1},{"damage":12,"enemies":"3 Sentries","floor":6,"turns":12},{"damage":0,"enemies":"Lots of Slimes","floor":10,"turns":4},{"damage":34,"enemies":"Lagavulin","floor":11,"turns":8}],"seed_played":"2706731425982079187","potions_obtained":[{"floor":1,"key":"EssenceOfSteel"},{"floor":6,"key":"SkillPotion"}],"is_trial":false,"path_per_floor":["M","M","?","M","?","E","R","$","T","M","E"],"character_chosen":"WATCHER","items_purchased":["PrismaticShard","Damaru"],"campfire_rested":1,"item_purchase_floors":[8,8],"current_hp_per_floor":[59,58,58,58,23,11,31,31,31,31,0,0],"gold":98,"neow_bonus":"ONE_RARE_RELIC","is_daily":false,"chose_seed":false,"campfire_upgraded":0,"win_rate":0.0,"timestamp":1613330066,"path_taken":["M","M","?","M","?","E","R","$","T","M","E"],"items_purchased_type":["Relic","Relic"],"build_version":"2020-12-18","purchased_purges":0,"victory":false,"max_hp_per_floor":[68,68,68,68,68,68,68,68,68,68,68,68],"relic_stats":{"counters":[6,32],"Tiny Chest":0,"obtain_stats":[{"Calipers":5,"Damaru":8,"Tiny Chest":6,"Thread and Needle":9,"PureWater":0,"PrismaticShard":8,"Old Coin":0},{"Calipers":3,"Damaru":4,"Tiny Chest":4,"Thread and Needle":4,"PureWater":0,"PrismaticShard":4,"Old Coin":0},{"Calipers":8,"Damaru":20,"Tiny Chest":20,"Thread and Needle":20,"PureWater":0,"PrismaticShard":20,"Old Coin":0}]},"card_choices":[{"not_picked":["ClearTheMind","EmptyFist"],"picked":"ForeignInfluence","floor":1},{"not_picked":["PathToVictory","ClearTheMind"],"picked":"FearNoEvil","floor":2},{"not_picked":["FollowUp+1","Protect+1"],"picked":"BowlingBash+1","floor":3},{"not_picked":["PathToVictory","ReachHeaven"],"picked":"Protect","floor":4},{"not_picked":["JustLucky","WreathOfFlame","SandsOfTime"],"picked":"SKIP","floor":6},{"not_picked":["Burning Pact","Steam"],"picked":"Quick Slash","floor":10}],"player_experience":142609,"relics_obtained":[{"floor":6,"key":"Tiny Chest"},{"floor":9,"key":"Thread and Needle"}],"event_choices":[{"damage_healed":0,"gold_gain":0,"player_choice":"2","damage_taken":0,"max_hp_gain":0,"max_hp_loss":0,"event_name":"betterMatch:BetterMatch","floor":3,"gold_loss":0,"cards_obtained":["betterMatch:CommonCard"]},{"damage_healed":0,"gold_gain":1,"player_choice":"Relic ","damage_taken":35,"max_hp_gain":0,"max_hp_loss":0,"event_name":"betterThird:BetterScrap","floor":5,"gold_loss":0,"cards_obtained":["Choke"]}],"is_beta":true,"boss_relics":[],"items_purged_floors":[],"is_endless":false,"potions_floor_spawned":[1,6],"killed_by":"Lagavulin","ascension_level":20}}