{"host":"7yyoe0ei0fseceei","time":1613318990,"event":{"mods":["BaseMod","Colored Map","Highlight Path","Minty Spire (QoL Compilation)","Quick Restart"],"gold_per_floor":[113,128,128,278,278,311,330,330,330,340,413,440,493,365,365,448,448,468,468,207,207,207,207],"floor_reached":22,"language":"ENG","playtime":486,"items_purged":["Regret","Doubt"],"score":373,"play_id":"462470cc-6f52-4a29-a93a-59815d1804db","local_time":"20210214170950","is_ascension_mode":true,"campfire_choices":[{"data":"CarveReality","floor":8.0,"key":"SMITH"},{"floor":15.0,"key":"REST"}],"circlet_count":0,"master_deck":["AscendersBane","Strike_P+1","Strike_P+1","Strike_P+1","Strike_P+1","Defend_P+1","Defend_P+1","Defend_P+1","Defend_P+1","Eruption+1","Vigilance","Indignation","CarveReality+1","Swivel","Tantrum","Consecrate","Consecrate","LikeWater","MasterReality","FlyingSleeves+1"],"relics":["PureWater","NeowsBlessing","Vajra","Ornamental Fan","Eternal Feather","CeramicFish","Anchor","VioletLotus","Strawberry","Enchiridion"],"acts_visited":["Exordium","TheCity"],"potions_floor_usage":[16,16],"damage_taken":[{"damage":0.0,"enemies":"Jaw Worm","floor":1.0,"turns":1.0},{"damage":0.0,"enemies":"Small Slimes","floor":2.0,"turns":1.0},{"damage":0.0,"enemies":"3 Sentries","floor":6.0,"turns":2.0},{"damage":7.0,"enemies":"2 Louse","floor":7.0,"turns":2.0},{"damage":4.0,"enemies":"Blue Slaver","floor":10.0,"turns":3.0},{"damage":34.0,"enemies":"Lagavulin Event","floor":11.0,"turns":3.0},{"damage":4.0,"enemies":"Exordium Wildlife","floor":12.0,"turns":2.0},{"damage":28,"enemies":"Slime Boss","floor":16,"turns":5},{"damage":21,"enemies":"2 Thieves","floor":18,"turns":4},{"damage":20,"enemies":"3 Byrds","floor":22,"turns":2}],"seed_played":"1097110968351863298","potions_obtained":[{"floor":2.0,"key":"SpeedPotion"},{"floor":10.0,"key":"SkillPotion"},{"floor":12.0,"key":"SteroidPotion"},{"floor":16,"key":"LiquidMemories"},{"floor":18,"key":"FearPotion"}],"is_trial":false,"path_per_floor":["M","M","?","?","?","E","M","R","T","M","?","M","T","$","R","B",null,"M","?","$","?","M"],"character_chosen":"WATCHER","items_purchased":["AttackPotion","Strawberry"],"campfire_rested":1,"item_purchase_floors":[14,20],"current_hp_per_floor":[61,61,61,61,61,61,54,54,54,50,16,12,12,12,41,13,54,33,33,40,19,0,0],"gold":207,"neow_bonus":"THREE_ENEMY_KILL","is_daily":false,"chose_seed":false,"campfire_upgraded":1,"win_rate":0.0,"timestamp":1613318990,"path_taken":["M","M","?","?","?","E","M","R","T","M","?","?","?","$","R","BOSS","M","?","$","?","M"],"items_purchased_type":["Potion","Relic"],"build_version":"2020-12-22","purchased_purges":2,"victory":false,"max_hp_per_floor":[68,68,68,68,68,68,68,68,68,68,68,68,68,68,68,68,68,68,68,75,75,75,75],"card_choices":[{"not_picked":["CutThroughFate","PathToVictory"],"picked":"Indignation","floor":1.0},{"not_picked":["Nirvana","SashWhip"],"picked":"CarveReality","floor":2.0},{"not_picked":["Wireheading","Omniscience"],"picked":"Swivel","floor":6.0},{"not_picked":["WaveOfTheHand","PathToVictory"],"picked":"Tantrum","floor":7.0},{"not_picked":["Halt","ThirdEye"],"picked":"Consecrate","floor":10.0},{"not_picked":["Evaluate","PathToVictory"],"picked":"Consecrate","floor":11.0},{"not_picked":["Halt","CutThroughFate"],"picked":"LikeWater","floor":12.0},{"not_picked":["Blasphemy","SpiritShield"],"picked":"MasterReality","floor":16},{"not_picked":["Consecrate","TalkToTheHand"],"picked":"FlyingSleeves+1","floor":18}],"player_experience":924791,"relics_obtained":[{"floor":6.0,"key":"Ornamental Fan"},{"floor":9.0,"key":"Eternal Feather"},{"floor":11.0,"key":"CeramicFish"},{"floor":13.0,"key":"Anchor"},{"floor":21,"key":"Enchiridion"}],"event_choices":[{"damage_healed":0.0,"max_hp_gain":0.0,"max_hp_loss":0.0,"gold_gain":0.0,"event_name":"Living Wall","player_choice":"Grow","floor":3.0,"gold_loss":0.0,"damage_taken":0.0,"cards_upgraded":["Eruption"]},{"damage_healed":0.0,"max_hp_gain":0.0,"max_hp_loss":0.0,"gold_gain":150.0,"event_name":"Liars Game","player_choice":"AGREE","floor":4.0,"gold_loss":0.0,"damage_taken":0.0,"cards_obtained":["Doubt"]},{"damage_healed":0.0,"max_hp_gain":0.0,"max_hp_loss":0.0,"gold_gain":0.0,"event_name":"Big Fish","player_choice":"Box","floor":5.0,"gold_loss":0.0,"damage_taken":0.0,"relics_obtained":["Vajra"],"cards_obtained":["Regret"]},{"damage_healed":0.0,"max_hp_gain":0.0,"max_hp_loss":0.0,"gold_gain":0.0,"event_name":"Dead Adventurer","player_choice":"Searched \u00271\u0027 times","floor":11.0,"gold_loss":0.0,"damage_taken":0.0},{"damage_healed":0,"gold_gain":0,"player_choice":"Simplicity","damage_taken":0,"max_hp_gain":0,"max_hp_loss":0,"event_name":"Back to Basics","floor":19,"gold_loss":0,"cards_upgraded":["Strike_P","Strike_P","Strike_P","Strike_P","Defend_P","Defend_P","Defend_P","Defend_P"]},{"damage_healed":0,"gold_gain":0,"player_choice":"Obtained Book","damage_taken":21,"max_hp_gain":0,"max_hp_loss":0,"event_name":"Cursed Tome","floor":21,"gold_loss":0}],"is_beta":false,"boss_relics":[{"not_picked":["Black Star","Calling Bell"],"picked":"VioletLotus"}],"items_purged_floors":[14,20],"is_endless":false,"potions_floor_spawned":[2,10,12,16,18],"killed_by":"3 Byrds","ascension_level":16}}