{"host":"xo0glkmxta74xh34","time":1613333112,"event":{"mods":["BaseMod","Downfall","Minty Spire (QoL Compilation)","Reliquary","Replay The Spire","StSLib"],"gold_per_floor":[199,209,309,334,349,349,349,349,26,26,46,77,77,177,187,291,291,291,309,309,39,39,50,77,77,127,127,191,88,88,24,55,75,75,75],"floor_reached":33,"language":"ENG","playtime":1704,"items_purged":["sneckomod:Strike","sneckomod:Strike"],"score":315,"play_id":"773264b2-1a7d-48bb-96c7-bd10d9b1e70a","local_time":"20210214140512","is_ascension_mode":true,"campfire_choices":[{"floor":6.0,"key":"REST"},{"data":"sneckomod:WideSting","floor":8.0,"key":"SMITH"},{"data":"sneckomod:TailWhip","floor":13.0,"key":"SMITH"},{"data":"sneckomod:UnknownBoss","floor":18,"key":"SMITH"},{"floor":25,"key":"REST"},{"floor":30,"key":"REST"}],"circlet_count":0,"master_deck":["sneckomod:Strike","sneckomod:Defend","sneckomod:Defend","sneckomod:Defend","sneckomod:TailWhip+1","sneckomod:SnekBite","sneckomod:Unknown","sneckomod:Unknown","sneckomod:WideSting+1","sneckomod:Cheat","Dramatic Entrance","sneckomod:Nope","sneckomod:UnknownBoss+1","sneckomod:IronFang","sneckomod:Transmogrify","sneckomod:DiceBoulder","downfall:Icky"],"relics":["bronze:MakeshiftBattery","downfall:GremlinWheel","Guardian:GemstoneGun","Ring of Chaos","downfall:RedIOU","Golden Egg","Gambling Chip","Ring of Greed","ReplayTheSpireMod:Ring of Exchange","Replay:Bandana","Blue Doll","sneckomod:LoadedDie","Anchor"],"acts_visited":["Exordium","TheCity"],"potions_floor_usage":[16,19,28,29,33,33],"damage_taken":[{"damage":7.0,"floor":1.0,"turns":3.0},{"damage":0.0,"enemies":"Cultist","floor":2.0,"turns":3.0},{"damage":0.0,"enemies":"2 Louse","floor":5.0,"turns":1.0},{"damage":0.0,"enemies":"downfall:FleeingMerchant","floor":9.0,"turns":4.0},{"damage":0.0,"enemies":"Jaw Worm","floor":11.0,"turns":1.0},{"damage":0.0,"enemies":"3 Sentries","floor":12.0,"turns":3.0},{"damage":0,"enemies":"Blue Slaver","floor":15,"turns":2},{"damage":17,"enemies":"WA_ARCHETYPE_RETAIN","floor":16,"turns":5},{"damage":15,"enemies":"Spheric Guardian","floor":19,"turns":4},{"damage":17,"enemies":"downfall:FleeingMerchant","floor":21,"turns":4},{"damage":1,"enemies":"3 Byrds","floor":23,"turns":4},{"damage":25,"enemies":"Slavers","floor":28,"turns":3},{"damage":15,"enemies":"downfall:FleeingMerchant","floor":29,"turns":5},{"damage":27,"enemies":"Centurion and Healer","floor":31,"turns":4},{"damage":15,"enemies":"Snecko","floor":32,"turns":3},{"damage":107,"enemies":"DF_ARCHETYPE_CLAW","floor":33,"turns":8}],"seed_played":"-72412320002181569","potions_obtained":[{"floor":5.0,"key":"LiquidBronze"},{"floor":11.0,"key":"Flashbang"},{"floor":12.0,"key":"Block Potion"},{"floor":27,"key":"ColorlessPotion"},{"floor":27,"key":"Flashbang"},{"floor":31,"key":"Death Potion"},{"floor":32,"key":"Explosive Potion"}],"is_trial":false,"path_per_floor":["R","M","?","?","M","R","T","R","$","?","M","E","R","?","M","B",null,"R","M","?","$","?","M","T","R","?","?","E","$","R","M","M","B"],"character_chosen":"THE_SNECKO","items_purchased":["sneckomod:LoadedDie","Dramatic Entrance","Golden Egg"],"campfire_rested":3,"item_purchase_floors":[9,9,21],"current_hp_per_floor":[83,83,83,61,61,88,88,88,88,88,88,88,88,88,88,71,90,90,75,75,63,63,62,62,89,89,89,64,49,76,49,34,0,0,0],"gold":75,"neow_bonus":"BOSS_RELIC","is_daily":false,"chose_seed":false,"campfire_upgraded":3,"win_rate":0.0,"timestamp":1613333112,"path_taken":["R","M","?","?","?","R","T","R","$","?","M","E","R","?","M","BOSS","R","M","?","$","?","M","T","R","?","?","E","$","R","?","M","BOSS"],"items_purchased_type":["Relic","Card","Relic"],"build_version":"2020-12-22","purchased_purges":2,"victory":false,"max_hp_per_floor":[90,90,90,90,90,90,90,90,90,90,90,90,90,90,90,90,90,90,90,90,90,90,90,90,90,90,90,90,90,90,90,90,90,90,90],"card_choices":[{"not_picked":["sneckomod:Nope","sneckomod:UnknownBlock"],"picked":"sneckomod:WideSting","floor":2.0},{"not_picked":["sneckomod:QuickBite","sneckomod:CheapStock","sneckomod:QuickMove"],"picked":"SKIP","floor":5.0},{"not_picked":["sneckomod:UnknownCommonSkill","sneckomod:Unknown0Cost"],"picked":"sneckomod:Cheat","floor":9.0},{"not_picked":["sneckomod:QuickBite","sneckomod:UnknownBlock","sneckomod:UnknownVulnerable"],"picked":"SKIP","floor":11.0},{"not_picked":["sneckomod:QuickBite","sneckomod:UnknownCommonAttack","sneckomod:IronFang"],"picked":"SKIP","floor":12.0},{"not_picked":["sneckomod:UnknownClassRED","sneckomod:WideSting"],"picked":"sneckomod:Nope","floor":15},{"not_picked":["sneckomod:Cheat","sneckomod:SerpentMind"],"picked":"sneckomod:UnknownBoss","floor":16},{"not_picked":["sneckomod:Unknown1Cost","sneckomod:UnknownClassTHE_CHAMP_GRAY"],"picked":"sneckomod:IronFang","floor":19},{"not_picked":["sneckomod:ImprovisedGuard","sneckomod:SlitherStrike"],"picked":"sneckomod:Transmogrify","floor":21},{"not_picked":["sneckomod:DiceBoulder+1","sneckomod:SoulDraw","sneckomod:DiceCrush"],"picked":"SKIP","floor":23},{"not_picked":["sneckomod:TrashToTreasure","sneckomod:ImprovisedAttack"],"picked":"sneckomod:DiceBoulder","floor":28},{"not_picked":["sneckomod:Unknown0Cost","sneckomod:UnknownCommonAttack","sneckomod:SoulRoll"],"picked":"SKIP","floor":29},{"not_picked":["sneckomod:QuickBite+1","sneckomod:Nope","sneckomod:MixItUp"],"picked":"SKIP","floor":31},{"not_picked":["sneckomod:SoulRoll+1","sneckomod:UnknownCommonAttack","sneckomod:Unknown1Cost"],"picked":"SKIP","floor":32}],"player_experience":470082,"relics_obtained":[{"floor":1.0,"key":"downfall:GremlinWheel"},{"floor":4.0,"key":"Guardian:GemstoneGun"},{"floor":7.0,"key":"reliquary:PartyBalloon"},{"floor":12.0,"key":"Gambling Chip"},{"floor":23,"key":"Gambling Chip"},{"floor":24,"key":"Anchor"},{"floor":26,"key":"Ring of Greed"},{"floor":26,"key":"ReplayTheSpireMod:Ring of Exchange"},{"floor":26,"key":"Replay:Bandana"},{"floor":26,"key":"Blue Doll"},{"floor":28,"key":"Lizard Tail"},{"floor":29,"key":"sneckomod:LoadedDie"},{"floor":31,"key":"Anchor"}],"event_choices":[{"damage_healed":0,"gold_gain":0,"player_choice":"Ignored","damage_taken":0,"max_hp_gain":0,"max_hp_loss":0,"event_name":"Ghosts","floor":22,"gold_loss":0},{"damage_healed":0,"gold_gain":0,"player_choice":"Got Potions","damage_taken":0,"max_hp_gain":0,"max_hp_loss":0,"event_name":"Lab","floor":27,"gold_loss":0}],"is_beta":false,"boss_relics":[{"not_picked":["Velvet Choker","Replay:Wanted Poster"],"picked":"Ring of Chaos"}],"items_purged_floors":[9,29],"is_endless":false,"potions_floor_spawned":[5,11,12,31,32],"killed_by":"DF_ARCHETYPE_CLAW","ascension_level":2}}