{"host":"k97npy6own8k4xam","time":1613336468,"event":{"mods":["BaseMod","Bestiary","Minty Spire (QoL Compilation)","Relic Stats","StSLib","ojb\u0027s Better Paths Mod"],"gold_per_floor":[361,371,28,28,47,72,72,100,100,19,49,49,67,125,125,125,125],"floor_reached":16,"language":"ITA","playtime":641,"items_purged":["Writhe","Strike_G"],"score":216,"play_id":"8dfc59e5-5218-4bb5-afd7-6026c0b74e31","local_time":"20210214220108","is_ascension_mode":true,"campfire_choices":[{"data":"Neutralize","floor":7,"key":"SMITH"},{"data":"1","floor":15,"key":"LIFT"}],"circlet_count":0,"master_deck":["AscendersBane","Strike_G","Strike_G","Strike_G","Strike_G","Defend_G","Defend_G","Defend_G","Defend_G","Defend_G","Survivor","Neutralize+1","Endless Agony","Backstab","Deadly Poison","Dagger Spray+1","Blade Dance","Dagger Spray+1","Blade Dance","Dagger Spray+1"],"relics":["Ring of the Snake","Membership Card","Molten Egg 2","HornCleat","Girya","The Courier","Mercury Hourglass","Frozen Egg 2"],"acts_visited":["Exordium"],"potions_floor_usage":[6,6,16],"damage_taken":[{"damage":0,"enemies":"2 Louse","floor":1,"turns":4},{"damage":0,"enemies":"Cultist","floor":2,"turns":4},{"damage":0,"enemies":"Jaw Worm","floor":5,"turns":6},{"damage":29,"enemies":"Gremlin Nob","floor":6,"turns":4},{"damage":12,"enemies":"3 Sentries","floor":8,"turns":7},{"damage":0,"enemies":"Exordium Wildlife","floor":13,"turns":1},{"damage":26,"enemies":"The Guardian","floor":16,"turns":7}],"seed_played":"534682165264162014","potions_obtained":[{"floor":1,"key":"Swift Potion"},{"floor":4,"key":"CultistPotion"},{"floor":8,"key":"Block Potion"}],"is_trial":false,"path_per_floor":["M","M","$","?","M","E","R","E","T","$","?","T","M","?","R","B"],"character_chosen":"THE_SILENT","items_purchased":["Membership Card","Molten Egg 2","Dagger Spray+1","Blade Dance"],"campfire_rested":0,"item_purchase_floors":[3,3,10,10],"current_hp_per_floor":[59,59,59,59,59,30,30,18,18,18,18,18,18,18,18,0,0],"gold":125,"neow_bonus":"TWO_FIFTY_GOLD","is_daily":false,"chose_seed":false,"campfire_upgraded":1,"win_rate":0.0,"timestamp":1613336468,"path_taken":["M","M","$","?","?","E","R","E","T","$","?","?","M","?","R","BOSS"],"items_purchased_type":["Relic","Relic","Card","Card"],"build_version":"2020-12-22","purchased_purges":2,"victory":false,"max_hp_per_floor":[66,66,66,66,66,66,66,66,66,66,66,66,66,66,66,66,66],"relic_stats":{"counters":[7,33],"obtain_stats":[{"Girya":8,"HornCleat":6,"Molten Egg 2":3,"The Courier":9,"Membership Card":3,"Frozen Egg 2":12,"Ring of the Snake":0,"Mercury Hourglass":11},{"Girya":5,"HornCleat":4,"Molten Egg 2":2,"The Courier":5,"Membership Card":2,"Frozen Egg 2":5,"Ring of the Snake":0,"Mercury Hourglass":5},{"Girya":25,"HornCleat":18,"Molten Egg 2":8,"The Courier":25,"Membership Card":8,"Frozen Egg 2":25,"Ring of the Snake":0,"Mercury Hourglass":25}],"Ring of the Snake":[15],"Mercury Hourglass":[24]},"card_choices":[{"not_picked":["Underhanded Strike","Deadly Poison"],"picked":"Endless Agony","floor":1},{"not_picked":["Dagger Throw","Calculated Gamble"],"picked":"Backstab","floor":2},{"not_picked":["Bane+1","Caltrops"],"picked":"Deadly Poison","floor":5},{"not_picked":["Bouncing Flask","Quick Slash+1"],"picked":"Dagger Spray+1","floor":6},{"not_picked":["Reflex","Phantasmal Killer"],"picked":"Blade Dance","floor":8},{"not_picked":["PiercingWail","Caltrops+1"],"picked":"Dagger Spray+1","floor":13}],"player_experience":448286,"relics_obtained":[{"floor":6,"key":"HornCleat"},{"floor":8,"key":"Girya"},{"floor":9,"key":"The Courier"},{"floor":12,"key":"Frozen Egg 2"}],"event_choices":[{"damage_healed":0,"gold_gain":0,"player_choice":"Got Potions","damage_taken":0,"max_hp_gain":0,"max_hp_loss":0,"event_name":"Lab","floor":4,"gold_loss":0},{"damage_healed":0,"gold_gain":30,"player_choice":"Searched \u00272\u0027 times","damage_taken":0,"relics_obtained":["Mercury Hourglass"],"max_hp_gain":0,"max_hp_loss":0,"event_name":"Dead Adventurer","floor":11,"gold_loss":0},{"damage_healed":0,"gold_gain":58,"player_choice":"Gained Gold","damage_taken":0,"max_hp_gain":0,"max_hp_loss":0,"event_name":"Golden Wing","floor":14,"gold_loss":0}],"is_beta":false,"boss_relics":[],"items_purged_floors":[3,10],"is_endless":false,"potions_floor_spawned":[1,8],"killed_by":"The Guardian","ascension_level":20}}