{"host":"8ztb9kwpjc2zof9s","time":1613286080,"event":{"mods":["BaseMod","Block Reminder","Curses Come First","Minty Spire (QoL Compilation)","Relic Stats","StSLib"],"gold_per_floor":[115,115,38,48,48,78,9,40,67,67,84,98,98,128,128,233,233,253,253,253,267,267,283,283,283],"floor_reached":24,"language":"ENG","playtime":669,"items_purged":[],"score":370,"play_id":"687ddf64-8182-47fb-8dda-f2ea43d70e43","local_time":"20210213230120","is_ascension_mode":true,"campfire_choices":[{"floor":10,"key":"REST"},{"floor":15,"key":"REST"}],"circlet_count":0,"master_deck":["AscendersBane","Strike_G","Strike_G","Strike_G","Strike_G","Strike_G","Defend_G","Defend_G","Defend_G","Defend_G","Defend_G","Survivor","Neutralize","Dodge and Roll","Accuracy","Backflip+1","Accuracy","Blade Dance","Blade Dance","Dash","A Thousand Cuts","Backflip+1","Decay"],"relics":["Ring of the Snake","NeowsBlessing","Dream Catcher","Anchor","Toy Ornithopter","Bronze Scales","Black Star"],"acts_visited":["Exordium","TheCity"],"potions_floor_usage":[2,8,14,14,18,21],"damage_taken":[{"damage":0,"enemies":"Small Slimes","floor":1,"turns":1},{"damage":0,"enemies":"Cultist","floor":4,"turns":1},{"damage":0,"enemies":"3 Sentries","floor":6,"turns":1},{"damage":53,"enemies":"Lagavulin","floor":8,"turns":10},{"damage":0,"enemies":"2 Louse","floor":11,"turns":3},{"damage":0,"enemies":"Exordium Wildlife","floor":12,"turns":2},{"damage":13,"enemies":"Gremlin Nob","floor":14,"turns":4},{"damage":50,"enemies":"The Guardian","floor":16,"turns":12},{"damage":12,"enemies":"Shell Parasite","floor":18,"turns":7},{"damage":10,"enemies":"Chosen","floor":21,"turns":6},{"damage":35,"enemies":"Shelled Parasite and Fungi","floor":23,"turns":6},{"damage":16,"enemies":"Cultist and Chosen","floor":24,"turns":4}],"seed_played":"-6643014577705464767","potions_obtained":[{"floor":2,"key":"Fruit Juice"},{"floor":2,"key":"GamblersBrew"},{"floor":2,"key":"CultistPotion"},{"floor":11,"key":"ColorlessPotion"},{"floor":16,"key":"Weak Potion"},{"floor":18,"key":"Regen Potion"},{"floor":23,"key":"FearPotion"}],"is_trial":false,"path_per_floor":["M","?","$","M","$","E","$","E","T","R","M","M","?","E","R","B",null,"M","?","?","M","?","M","M"],"character_chosen":"THE_SILENT","items_purchased":["Accuracy","Accuracy"],"campfire_rested":2,"item_purchase_floors":[3,7],"current_hp_per_floor":[63,68,68,68,68,68,68,15,15,37,37,37,37,34,56,6,58,51,35,35,44,44,9,0,0],"gold":283,"neow_bonus":"THREE_ENEMY_KILL","is_daily":false,"chose_seed":false,"campfire_upgraded":0,"win_rate":0.0,"timestamp":1613286080,"path_taken":["M","?","$","?","$","E","$","E","T","R","M","M","?","E","R","BOSS","M","?","?","?","?","M","M"],"items_purchased_type":["Card","Card"],"build_version":"2020-12-22","purchased_purges":0,"victory":false,"max_hp_per_floor":[70,75,75,75,75,75,75,75,75,75,75,75,75,75,75,75,75,75,75,75,75,75,75,75,75],"relic_stats":{"Dream Catcher":2,"counters":[12,57],"Bronze Scales":[129],"Black Star":0,"obtain_stats":[{"Dream Catcher":6,"Anchor":8,"NeowsBlessing":0,"Bronze Scales":14,"Black Star":17,"Toy Ornithopter":9,"Ring of the Snake":0},{"Dream Catcher":3,"Anchor":4,"NeowsBlessing":0,"Bronze Scales":7,"Black Star":8,"Toy Ornithopter":4,"Ring of the Snake":0},{"Dream Catcher":3,"Anchor":13,"NeowsBlessing":0,"Bronze Scales":22,"Black Star":34,"Toy Ornithopter":13,"Ring of the Snake":0}],"Toy Ornithopter":20,"Ring of the Snake":[24]},"card_choices":[{"not_picked":["Dagger Throw","Tactician"],"picked":"Dodge and Roll","floor":1},{"not_picked":["Prepared","Catalyst"],"picked":"Backflip","floor":4},{"not_picked":["Bane","Riddle With Holes","Eviscerate"],"picked":"SKIP","floor":6},{"not_picked":["Backflip","PiercingWail"],"picked":"Blade Dance","floor":8},{"not_picked":["Underhanded Strike","Prepared"],"picked":"Blade Dance","floor":11},{"not_picked":["Slice","Concentrate","Burst"],"picked":"SKIP","floor":12},{"not_picked":["Dodge and Roll","Tactician"],"picked":"Dash","floor":14},{"not_picked":["Doppelganger","Malaise"],"picked":"A Thousand Cuts","floor":16},{"not_picked":["Bane+1","Slice","Underhanded Strike"],"picked":"SKIP","floor":18},{"not_picked":["Outmaneuver","Poisoned Stab+1","Backstab+1"],"picked":"SKIP","floor":21},{"not_picked":["Riddle With Holes","Backstab","Prepared"],"picked":"SKIP","floor":23}],"player_experience":334096,"relics_obtained":[{"floor":6,"key":"Dream Catcher"},{"floor":8,"key":"Anchor"},{"floor":9,"key":"Toy Ornithopter"},{"floor":14,"key":"Bronze Scales"}],"event_choices":[{"damage_healed":0,"gold_gain":0,"player_choice":"Got Potions","damage_taken":0,"max_hp_gain":0,"max_hp_loss":0,"event_name":"Lab","floor":2,"gold_loss":0},{"damage_healed":0,"gold_gain":0,"player_choice":"Grow","damage_taken":0,"max_hp_gain":0,"max_hp_loss":0,"event_name":"Living Wall","floor":13,"gold_loss":0,"cards_upgraded":["Backflip"]},{"damage_healed":0,"gold_gain":0,"player_choice":"Obtained Book","damage_taken":16,"max_hp_gain":0,"max_hp_loss":0,"event_name":"Cursed Tome","floor":19,"gold_loss":0},{"damage_healed":0,"gold_gain":0,"player_choice":"Copied","damage_taken":0,"max_hp_gain":0,"max_hp_loss":0,"event_name":"Duplicator","floor":20,"gold_loss":0,"cards_obtained":["Backflip"]},{"damage_healed":0,"gold_gain":0,"player_choice":"Smashed Altar","damage_taken":0,"max_hp_gain":0,"max_hp_loss":0,"event_name":"Forgotten Altar","floor":22,"gold_loss":0,"cards_obtained":["Decay"]}],"is_beta":false,"boss_relics":[{"not_picked":["Snecko Eye","Sozu"],"picked":"Black Star"}],"items_purged_floors":[],"is_endless":false,"potions_floor_spawned":[4,6,11,16,18,23],"killed_by":"Cultist and Chosen","ascension_level":11}}