{"host":"o88u0awh8mkwl1l8","time":1613288346,"event":{"mods":["BaseMod","Colored Map","Highlight Path","Minty Spire (QoL Compilation)"],"gold_per_floor":[111,126,136,61,81,81,112,131,131,131,48,48,66,66,66,139,139,158,168,168,179,207,207,18,44,90,107,107,132,132,132,132,132,132],"floor_reached":33,"language":"JPN","playtime":1938,"items_purged":["Defend_P","Defend_P"],"score":620,"play_id":"09cc9292-214e-4661-885c-096f0eb9f9e2","local_time":"20210214163906","is_ascension_mode":true,"campfire_choices":[{"data":"Eruption","floor":6.0,"key":"SMITH"},{"data":"JustLucky","floor":10.0,"key":"SMITH"},{"data":"Wallop","floor":12.0,"key":"SMITH"},{"data":"MentalFortress","floor":15.0,"key":"SMITH"},{"floor":23.0,"key":"REST"},{"data":"MentalFortress","floor":28.0,"key":"SMITH"},{"floor":32,"key":"REST"}],"circlet_count":0,"master_deck":["AscendersBane","Strike_P","Strike_P","Strike_P","Defend_P","Defend_P","Eruption+1","Vigilance","BowlingBash","Protect","Crescendo","Adaptation","JustLucky+1","Wallop+1","MentalFortress+1","Judgement","FlurryOfBlows","MentalFortress+1","FearNoEvil","Injury","Collect+1","Writhe","Adaptation","Wallop+1"],"relics":["PureWater","Dream Catcher","Meat on the Bone","Cursed Key","Red Mask","Turnip","Shuriken","Du-Vu Doll"],"acts_visited":["Exordium","TheCity"],"potions_floor_usage":[29,29],"damage_taken":[{"damage":2.0,"enemies":"Jaw Worm","floor":1.0,"turns":5.0},{"damage":10.0,"enemies":"2 Louse","floor":2.0,"turns":3.0},{"damage":0.0,"enemies":"Small Slimes","floor":3.0,"turns":3.0},{"damage":0.0,"enemies":"3 Louse","floor":5.0,"turns":2.0},{"damage":10.0,"enemies":"Lagavulin","floor":7.0,"turns":7.0},{"damage":11.0,"enemies":"Looter","floor":8.0,"turns":3.0},{"damage":4.0,"enemies":"2 Fungi Beasts","floor":13.0,"turns":3.0},{"damage":5.0,"enemies":"Hexaghost","floor":16.0,"turns":9.0},{"damage":4.0,"enemies":"Shell Parasite","floor":18.0,"turns":4.0},{"damage":0.0,"enemies":"2 Thieves","floor":19.0,"turns":4.0},{"damage":7.0,"enemies":"Snecko","floor":21.0,"turns":7.0},{"damage":35.0,"enemies":"Masked Bandits","floor":22.0,"turns":3.0},{"damage":0.0,"enemies":"Gremlin Leader","floor":25.0,"turns":4.0},{"damage":19.0,"enemies":"Cultist and Chosen","floor":27.0,"turns":7.0},{"damage":24,"enemies":"Slavers","floor":29,"turns":4},{"damage":112,"enemies":"Collector","floor":33,"turns":6}],"seed_played":"4795586463956440559","potions_obtained":[{"floor":3.0,"key":"Explosive Potion"},{"floor":5.0,"key":"ColorlessPotion"},{"floor":8.0,"key":"FearPotion"},{"floor":13.0,"key":"LiquidBronze"},{"floor":18.0,"key":"LiquidMemories"},{"floor":22.0,"key":"DuplicationPotion"},{"floor":25.0,"key":"Strength Potion"},{"floor":27.0,"key":"EntropicBrew"}],"is_trial":false,"path_per_floor":["M","M","M","$","M","R","E","M","T","R","$","R","M","?","R","B",null,"M","M","?","M","?","R","$","E","T","M","R","E","?","?","R","B"],"character_chosen":"WATCHER","items_purchased":["Wallop","FearNoEvil"],"campfire_rested":2,"item_purchase_floors":[11,24],"current_hp_per_floor":[65,55,55,55,55,55,45,34,34,34,34,34,42,47,47,42,70,66,66,66,59,36,59,59,59,59,40,40,28,28,28,51,0,0],"gold":132,"neow_bonus":"TEN_PERCENT_HP_BONUS","is_daily":false,"chose_seed":false,"campfire_upgraded":5,"win_rate":0.0,"timestamp":1613288346,"path_taken":["M","M","M","$","M","R","E","M","T","R","$","R","M","?","R","BOSS","M","M","?","M","?","R","$","E","T","M","R","E","?","?","R","BOSS"],"items_purchased_type":["Card","Card"],"build_version":"2020-12-22","purchased_purges":2,"victory":false,"max_hp_per_floor":[74,74,74,74,74,74,74,74,74,74,74,74,74,79,79,79,79,79,79,79,79,79,79,79,79,79,79,79,79,79,79,79,79,79],"card_choices":[{"not_picked":["FlyingSleeves","LikeWater"],"picked":"BowlingBash","floor":1.0},{"not_picked":["Conclude","FlyingSleeves"],"picked":"Protect","floor":2.0},{"not_picked":["Conclude","Evaluate","LikeWater"],"picked":"SKIP","floor":3.0},{"not_picked":["WaveOfTheHand","ForeignInfluence"],"picked":"Crescendo","floor":5.0},{"not_picked":["ForeignInfluence","FlurryOfBlows"],"picked":"Adaptation","floor":7.0},{"not_picked":["ThirdEye","Brilliance"],"picked":"JustLucky","floor":8.0},{"not_picked":["FollowUp","FearNoEvil"],"picked":"MentalFortress","floor":13.0},{"not_picked":["Ragnarok","Brilliance"],"picked":"Judgement","floor":16.0},{"not_picked":["JustLucky","FlyingSleeves","Sanctity"],"picked":"SKIP","floor":18.0},{"not_picked":["EmptyFist","Crescendo"],"picked":"FlurryOfBlows","floor":19.0},{"not_picked":["FlurryOfBlows","WaveOfTheHand+1"],"picked":"MentalFortress","floor":21.0},{"not_picked":["Worship","CarveReality","Judgement"],"picked":"SKIP","floor":25.0},{"not_picked":["ThirdEye","CrushJoints"],"picked":"Collect+1","floor":27.0},{"not_picked":["BowlingBash","DeceiveReality","Crescendo"],"picked":"SKIP","floor":29},{"not_picked":["FollowUp","Crescendo"],"picked":"Wallop+1","floor":32}],"player_experience":1206389,"relics_obtained":[{"floor":7.0,"key":"Dream Catcher"},{"floor":9.0,"key":"Meat on the Bone"},{"floor":22.0,"key":"Red Mask"},{"floor":25.0,"key":"Turnip"},{"floor":29,"key":"Shuriken"}],"event_choices":[{"damage_healed":0.0,"max_hp_gain":5.0,"max_hp_loss":0.0,"gold_gain":0.0,"event_name":"Big Fish","player_choice":"Donut","floor":14.0,"gold_loss":0.0,"damage_taken":0.0},{"cards_removed":["Strike_P"],"damage_healed":0.0,"max_hp_gain":0.0,"max_hp_loss":0.0,"gold_gain":0.0,"event_name":"Back to Basics","player_choice":"Elegance","floor":20.0,"gold_loss":0.0,"damage_taken":0.0},{"damage_healed":0.0,"max_hp_gain":0.0,"max_hp_loss":0.0,"gold_gain":0.0,"event_name":"Masked Bandits","player_choice":"Fought Bandits","floor":22.0,"gold_loss":0.0,"damage_taken":0.0},{"damage_healed":0,"gold_gain":0,"player_choice":"Opened","damage_taken":0,"relics_obtained":["Du-Vu Doll"],"max_hp_gain":0,"max_hp_loss":0,"event_name":"The Mausoleum","floor":30,"gold_loss":0,"cards_obtained":["Writhe"]},{"damage_healed":0,"gold_gain":0,"player_choice":"Read","damage_taken":0,"max_hp_gain":0,"max_hp_loss":0,"event_name":"The Library","floor":31,"gold_loss":0,"cards_obtained":["Adaptation"]}],"is_beta":false,"boss_relics":[{"not_picked":["Astrolabe","Coffee Dripper"],"picked":"Cursed Key"}],"items_purged_floors":[4,24],"is_endless":false,"potions_floor_spawned":[3,5,8,13,18,22,25,27],"killed_by":"Collector","ascension_level":20}}