{"host":"m9osufisr3agwk96","time":1613279189,"event":{"mods":["AchievementEnabler","Aspiration","BaseMod","Colored Map","Colored Powertips","Downfall","Duelist Mod","Friendly Minions","GifTheSpireLib","Gremlin Mod","Hermit","Highlight Path","Hubris","Minty Spire (QoL Compilation)","Rare Cards Sparkle","Reliquary","Replay The Spire","Shop Mod","StSLib"],"gold_per_floor":[109,129,129,129,149,149,182,196,223,223,223,238,238,308,308,406,433,469,5,55,30,60,60,10,69,69,142,142,219,242,269,269,380,380,401,2,21,80,109,148,148,230,230,230,259,309,359,359],"floor_reached":47,"language":"ENG","playtime":2114,"items_purged":["Writhe","ReplayTheSpireMod:Splinters"],"score":530,"play_id":"271a1e53-e96b-44ea-ae9e-091c298138b0","local_time":"20210213210629","is_ascension_mode":false,"campfire_choices":[{"data":"Eruption","floor":6,"key":"SMITH"},{"floor":11,"key":"REST"},{"floor":13,"key":"REST"},{"floor":15,"key":"REST"},{"floor":23,"key":"RECALL"},{"data":"Crescendo","floor":28,"key":"SMITH"},{"floor":32,"key":"REST"},{"floor":41,"key":"REST"},{"floor":44,"key":"REST"}],"circlet_count":0,"master_deck":["Strike_P","Strike_P","Strike_P","Defend_P","Defend_P","Defend_P","Defend_P","Eruption+1","Vigilance","WindmillStrike","Protect+1","TalkToTheHand","Indignation","FlyingSleeves","Judgement+1","Crescendo+1","Protect","Swivel","CarveReality","Replay:Anticipation+1","Replay:Anticipation+1","Wish","ReplayTheSpireMod:IOU","EmptyFist+1","SandsOfTime+1","Ragnarok+1","Writhe","Strike_G+1","Die Die Die+1","Strike_G+1","Wallop+1","WaveOfTheHand","DevaForm","Evaluate+1","Collect+1","ReplayTheSpireMod:Uncanny Aura","Scrawl","SandsOfTime+1","Ragnarok+1","Sanctity+1","Devotion"],"relics":["PureWater","Prayer Wheel","hubris:AstralHammer","reliquary:Buckler","SsserpentHead","Replay:Ancient Bell","CeramicFish","Molten Egg 2","hubris:FunFungus","aspiration:SeaSaltIceCream","reliquary:Firecrackers","ReplayTheSpireMod:CursedCoin","hubris:DisguiseKit","reliquary:PartyBalloon","Meat on the Bone","hubris:Backtick","Replay:Bottled Eggs","Du-Vu Doll","Blood Vial","Mango"],"acts_visited":["Exordium","TheCity","TheBeyond"],"potions_floor_usage":[5,5,7,8,16,33,35,35,36,37,42,45],"damage_taken":[{"damage":0,"enemies":"Cultist","floor":1,"turns":4},{"damage":0,"enemies":"Small Slimes","floor":2,"turns":3},{"damage":0,"enemies":"Jaw Worm","floor":5,"turns":3},{"damage":30,"enemies":"Gremlin Nob","floor":7,"turns":3},{"damage":10,"enemies":"Lots of Slimes","floor":8,"turns":3},{"damage":14,"enemies":"3 Louse","floor":12,"turns":3},{"damage":2,"enemies":"Blue Slaver","floor":14,"turns":3},{"damage":12,"enemies":"The Guardian","floor":16,"turns":12},{"damage":0,"enemies":"Shell Parasite","floor":18,"turns":4},{"damage":4,"enemies":"Chosen","floor":22,"turns":3},{"damage":3,"enemies":"Snecko","floor":30,"turns":4},{"damage":37,"enemies":"Snake Plant","floor":31,"turns":3},{"damage":16,"enemies":"Champ","floor":33,"turns":8},{"damage":65,"enemies":"3 Darklings","floor":35,"turns":6},{"damage":10,"enemies":"Orb Walker","floor":37,"turns":4},{"damage":13,"enemies":"Sphere and 2 Shapes","floor":39,"turns":9},{"damage":31,"enemies":"R_Hoarder","floor":40,"turns":11},{"damage":19,"enemies":"Spire Growth","floor":42,"turns":6},{"damage":60,"enemies":"4 Shapes","floor":45,"turns":11},{"damage":40,"enemies":"Maw","floor":47,"turns":6}],"seed_played":"-4482267902523545702","potions_obtained":[{"floor":2,"key":"BlessingOfTheForge"},{"floor":3,"key":"Energy Potion"},{"floor":3,"key":"Adrenaline Potion"},{"floor":3,"key":"Cursed Concoction"},{"floor":7,"key":"Ancient Potion"},{"floor":14,"key":"sneckomod:MuddlingPotion"},{"floor":22,"key":"SpeedPotion"},{"floor":31,"key":"Languid Potion"},{"floor":33,"key":"SteroidPotion"},{"floor":35,"key":"Elixir"},{"floor":40,"key":"DistilledChaos"},{"floor":42,"key":"Flashbang"}],"is_trial":false,"path_per_floor":["M","M","?","$","M","R","E","M","T","?","R","M","R","M","R","B",null,"M","$","?","?","M","R","$","?","T","T","R","?","M","M","R","B",null,"M","$","M","?","M","E","R","M","T","R","M","?","M"],"character_chosen":"WATCHER","items_purchased":["aspiration:SeaSaltIceCream","CutThroughFate+1","ReplayTheSpireMod:CursedCoin","hubris:DisguiseKit","Du-Vu Doll","Fruit Juice"],"campfire_rested":6,"item_purchase_floors":[19,19,19,19,36,36],"current_hp_per_floor":[65,65,65,65,65,65,35,25,25,25,44,30,49,47,65,53,65,65,65,65,65,61,61,61,61,61,61,61,61,60,35,54,39,65,17,22,24,24,38,40,61,44,58,83,38,30,0,0],"gold":359,"neow_bonus":"ONE_RARE_RELIC","is_daily":false,"chose_seed":false,"campfire_upgraded":2,"win_rate":0.0,"timestamp":1613279189,"path_taken":["M","?","?","?","M","R","E","?","T","?","R","M","R","?","R","BOSS","M","$","?","?","M","R","?","?","T","?","R","?","M","M","R","BOSS","M","$","M","?","M","E","R","?","T","R","M","?","?"],"items_purchased_type":["Relic","Card","Relic","Relic","Relic","Potion"],"build_version":"2020-12-22","purchased_purges":2,"victory":false,"max_hp_per_floor":[65,65,65,65,65,65,65,65,65,65,65,65,65,65,65,65,65,65,65,65,65,65,65,65,65,65,65,65,65,65,65,65,65,65,65,70,70,70,70,70,70,70,84,84,84,84,84,84],"card_choices":[{"not_picked":["CutThroughFate","Replay:BluntJabs"],"picked":"WindmillStrike","floor":1},{"not_picked":["EmptyFist","Halt"],"picked":"Protect","floor":1},{"not_picked":["Replay:BluntJabs","EmptyFist"],"picked":"TalkToTheHand","floor":2},{"not_picked":["JustLucky","Replay:BluntJabs","ThirdEye"],"picked":"SKIP","floor":2},{"not_picked":["BowlingBash","Replay:AtTheReady"],"picked":"Indignation","floor":5},{"not_picked":["Replay:Cycle","Replay:AtTheReady"],"picked":"FlyingSleeves","floor":5},{"not_picked":["ForeignInfluence","EmptyBody"],"picked":"Judgement","floor":7},{"not_picked":["FollowUp","Meditate"],"picked":"Crescendo","floor":8},{"not_picked":["Crescendo","SashWhip"],"picked":"Protect","floor":8},{"not_picked":["FlurryOfBlows","ThirdEye"],"picked":"Swivel","floor":12},{"not_picked":["Replay:ManipulateFuture","Replay:Vibes"],"picked":"CarveReality","floor":12},{"not_picked":["Perseverance","ConjureBlade"],"picked":"Replay:Anticipation","floor":14},{"not_picked":["FlyingSleeves","Nirvana"],"picked":"Replay:Anticipation","floor":14},{"not_picked":["Scrawl","Replay:LoomingThreat"],"picked":"Wish","floor":16},{"not_picked":["Looming Evil","theDuelist:CurseArmaments"],"picked":"ReplayTheSpireMod:Splinters","floor":17},{"not_picked":["downfall:Malfunctioning","hubris:Lust"],"picked":"ReplayTheSpireMod:IOU","floor":17},{"not_picked":["Amnesia","ReplayTheSpireMod:Faulty Equipment"],"picked":"Writhe","floor":17},{"not_picked":["Replay:Anticipation","Consecrate+1"],"picked":"EmptyFist+1","floor":18},{"not_picked":["FollowUp+1","ThirdEye"],"picked":"Consecrate+1","floor":18},{"not_picked":["Crescendo","ThirdEye"],"picked":"SandsOfTime+1","floor":22},{"not_picked":["LikeWater+1","PathToVictory"],"picked":"Ragnarok+1","floor":22},{"not_picked":["Pray","Replay:BluntJabs+1"],"picked":"Wallop+1","floor":30},{"not_picked":["CrushJoints+1","JustLucky+1","Replay:Cycle"],"picked":"SKIP","floor":30},{"not_picked":["Protect","BattleHymn"],"picked":"WaveOfTheHand","floor":31},{"not_picked":["PathToVictory","Replay:BluntJabs+1","FollowUp+1"],"picked":"SKIP","floor":31},{"not_picked":["Replay:AllIn","DeusExMachina"],"picked":"DevaForm","floor":33},{"not_picked":["ThirdEye+1","JustLucky+1"],"picked":"Evaluate+1","floor":35},{"not_picked":["Replay:BluntJabs+1","Protect+1","Crescendo"],"picked":"SKIP","floor":35},{"not_picked":["Halt","Weave+1"],"picked":"Collect+1","floor":37},{"not_picked":["Replay:AtTheReady","PathToVictory","FollowUp+1"],"picked":"SKIP","floor":37},{"not_picked":["Swivel+1","Protect"],"picked":"Scrawl","floor":39},{"not_picked":["FlyingSleeves+1","BowlingBash+1","EmptyFist+1"],"picked":"SKIP","floor":39},{"not_picked":["WindmillStrike+1","Collect"],"picked":"SandsOfTime+1","floor":40},{"not_picked":["PathToVictory+1","Consecrate+1"],"picked":"Ragnarok+1","floor":42},{"not_picked":["FlyingSleeves+1","Replay:Cycle"],"picked":"Sanctity+1","floor":42},{"not_picked":["EmptyBody+1","Replay:BluntJabs+1"],"picked":"Devotion","floor":45},{"not_picked":["BowlingBash+1","Replay:AtTheReady+1","Crescendo"],"picked":"SKIP","floor":45}],"player_experience":484014,"relics_obtained":[{"floor":7,"key":"hubris:AstralHammer"},{"floor":9,"key":"reliquary:Buckler"},{"floor":26,"key":"Meat on the Bone"},{"floor":40,"key":"Blood Vial"},{"floor":43,"key":"Mango"}],"event_choices":[{"damage_healed":0,"gold_gain":0,"player_choice":"Got Potions","damage_taken":0,"max_hp_gain":0,"max_hp_loss":0,"event_name":"Lab","floor":3,"gold_loss":0},{"damage_healed":0,"gold_gain":0,"player_choice":"Trade","damage_taken":0,"relics_obtained":["SsserpentHead"],"max_hp_gain":0,"max_hp_loss":0,"event_name":"FaceTrader","floor":10,"gold_loss":0},{"cards_removed":["Doubt"],"damage_healed":0,"gold_gain":0,"player_choice":"Gave Gold","damage_taken":0,"max_hp_gain":0,"max_hp_loss":0,"event_name":"Beggar","floor":21,"gold_loss":75},{"damage_healed":0,"gold_gain":0,"player_choice":"Opened","damage_taken":0,"relics_obtained":["reliquary:PartyBalloon"],"max_hp_gain":0,"max_hp_loss":0,"event_name":"The Mausoleum","floor":25,"gold_loss":0,"cards_obtained":["Writhe"]},{"damage_healed":0,"gold_gain":0,"player_choice":"1 cards matched","damage_taken":0,"max_hp_gain":0,"max_hp_loss":0,"event_name":"Match and Keep!","floor":38,"gold_loss":0,"cards_obtained":["ReplayTheSpireMod:Uncanny Aura"]},{"damage_healed":0,"gold_gain":0,"player_choice":"Damaged","damage_taken":8,"max_hp_gain":0,"max_hp_loss":0,"event_name":"Wheel of Change","floor":46,"gold_loss":0}],"is_beta":false,"boss_relics":[{"not_picked":["Coffee Dripper","SacredBark"],"picked":"Replay:Ancient Bell"},{"not_picked":["hubris:ToyBattleship","Potion Belt"],"picked":"CeramicFish"},{"not_picked":["Replay:Bottled Snecko","reliquary:QuartzCube"],"picked":"Molten Egg 2"},{"not_picked":["hubris:64BitClover","Unceasing Top"],"picked":"hubris:FunFungus"},{"not_picked":["reliquary:Ember","Tiny House"],"picked":"hubris:Backtick"}],"items_purged_floors":[19,24],"is_endless":false,"potions_floor_spawned":[2,7,14,22,31,33,35,40,42],"killed_by":"Maw","ascension_level":0}}