{"host":"06t6i6dwlvtvdxau","time":1613322607,"event":{"mods":["BaseMod","Colored Map","Colored Powertips","GifTheSpireLib","Minty Spire (QoL Compilation)","Quick Restart","Shop Mod","StSLib"],"gold_per_floor":[118,133,133,145,181,227,239,268,307,319,361,445,39,54,54,130,130,147,197,213,213,213],"floor_reached":21,"language":"FRA","playtime":1060,"items_purged":["Defend_G"],"score":371,"play_id":"73974089-c0a7-4f7b-b65d-c683e0cddc68","local_time":"20210214181007","is_ascension_mode":true,"campfire_choices":[{"floor":7.0,"key":"REST"},{"data":"Neutralize","floor":10.0,"key":"SMITH"},{"data":"Blur","floor":15.0,"key":"SMITH"}],"circlet_count":0,"master_deck":["AscendersBane","Strike_G","Strike_G","Strike_G","Strike_G","Defend_G","Defend_G","Defend_G","Defend_G","Survivor","Neutralize+1","Deadly Poison","Backstab","Blur+1","Finesse","Adrenaline","Accuracy"],"relics":["Ring of the Snake","MawBank","Regal Pillow","Kunai","Strawberry","Potion Belt","Lee\u0027s Waffle","SlaversCollar"],"acts_visited":["Exordium","TheCity"],"potions_floor_usage":[20,21],"damage_taken":[{"damage":1.0,"enemies":"Cultist","floor":1.0,"turns":5.0},{"damage":0.0,"enemies":"Jaw Worm","floor":2.0,"turns":4.0},{"damage":51.0,"enemies":"Gremlin Nob","floor":6.0,"turns":5.0},{"damage":0.0,"enemies":"Small Slimes","floor":8.0,"turns":3.0},{"damage":40.0,"enemies":"3 Sentries","floor":11.0,"turns":15.0},{"damage":0.0,"enemies":"Blue Slaver","floor":14.0,"turns":4.0},{"damage":23.0,"enemies":"Hexaghost","floor":16.0,"turns":15.0},{"damage":15,"enemies":"Spheric Guardian","floor":18,"turns":8},{"damage":18,"enemies":"3 Byrds","floor":20,"turns":11},{"damage":46,"enemies":"Masked Bandits","floor":21,"turns":4}],"seed_played":"4554278339613308964","potions_obtained":[{"floor":2.0,"key":"Dexterity Potion"},{"floor":8.0,"key":"Weak Potion"},{"floor":11.0,"key":"Ancient Potion"},{"floor":14.0,"key":"Ancient Potion"}],"is_trial":false,"path_per_floor":["M","M","?","?","T","E","R","M","T","R","E","?","$","M","R","B",null,"M","?","M","?"],"character_chosen":"THE_SILENT","items_purchased":["Lee\u0027s Waffle","Blur","Finesse"],"campfire_rested":1,"item_purchase_floors":[13,13,13],"current_hp_per_floor":[64,64,53,53,53,2,38,38,45,45,5,5,86,86,86,63,80,65,65,47,1,1],"gold":213,"neow_bonus":"TEN_PERCENT_HP_BONUS","is_daily":false,"chose_seed":false,"campfire_upgraded":2,"win_rate":0.0,"timestamp":1613322607,"path_taken":["M","?","?","?","?","E","R","?","T","R","E","?","$","M","R","BOSS","M","?","M","?"],"items_purchased_type":["Relic","Card","Card"],"build_version":"2020-12-22","purchased_purges":1,"victory":false,"max_hp_per_floor":[72,72,72,72,72,72,72,72,79,79,79,79,86,86,86,86,86,86,86,86,86,86],"card_choices":[{"not_picked":["Expertise","Dagger Spray"],"picked":"Deadly Poison","floor":1.0},{"not_picked":["Acrobatics","Cloak And Dagger","PiercingWail"],"picked":"SKIP","floor":2.0},{"not_picked":["Bouncing Flask","Underhanded Strike"],"picked":"Backstab","floor":6.0},{"not_picked":["Flying Knee","Bouncing Flask","Outmaneuver"],"picked":"SKIP","floor":8.0},{"not_picked":["Reflex","Flying Knee","Deflect"],"picked":"SKIP","floor":11.0},{"not_picked":["Quick Slash","Poisoned Stab","Predator"],"picked":"SKIP","floor":14.0},{"not_picked":["Malaise","Wraith Form v2"],"picked":"Adrenaline","floor":16.0},{"not_picked":["Dash","Backflip+1","Dodge and Roll+1"],"picked":"SKIP","floor":18},{"not_picked":["Outmaneuver","Cloak And Dagger"],"picked":"Accuracy","floor":20}],"player_experience":787471,"relics_obtained":[{"floor":5.0,"key":"Regal Pillow"},{"floor":6.0,"key":"Kunai"},{"floor":9.0,"key":"Strawberry"},{"floor":11.0,"key":"Potion Belt"}],"event_choices":[{"damage_healed":0.0,"max_hp_gain":0.0,"max_hp_loss":0.0,"gold_gain":0.0,"event_name":"Scrap Ooze","player_choice":"Success","floor":3.0,"gold_loss":0.0,"damage_taken":11.0,"relics_obtained":["MawBank"]},{"cards_removed":["Strike_G"],"damage_healed":0.0,"max_hp_gain":0.0,"max_hp_loss":0.0,"gold_gain":0.0,"event_name":"Living Wall","player_choice":"Forget","floor":4.0,"gold_loss":0.0,"damage_taken":0.0},{"damage_healed":0.0,"max_hp_gain":0.0,"max_hp_loss":0.0,"gold_gain":72.0,"event_name":"Golden Wing","player_choice":"Gained Gold","floor":12.0,"gold_loss":0.0,"damage_taken":0.0},{"damage_healed":0,"gold_gain":50,"player_choice":"Stole From Cult","damage_taken":0,"max_hp_gain":0,"max_hp_loss":0,"event_name":"Nest","floor":19,"gold_loss":0},{"damage_healed":0,"gold_gain":0,"player_choice":"Fought Bandits","damage_taken":0,"max_hp_gain":0,"max_hp_loss":0,"event_name":"Masked Bandits","floor":21,"gold_loss":0}],"is_beta":false,"boss_relics":[{"not_picked":["Velvet Choker","Calling Bell"],"picked":"SlaversCollar"}],"items_purged_floors":[13],"is_endless":false,"potions_floor_spawned":[2,8,11,14],"killed_by":"Masked Bandits","ascension_level":17}}