{"host":"i8x3uekhioq8aaet","time":1613290363,"event":{"mods":["AchievementEnabler","BaseMod","Colored Map","Colored Powertips","DeckTracker","Minty Spire (QoL Compilation)","Relic Sorter","StSLib"],"gold_per_floor":[113,113,62,10,26,57,70,84,164,182,182,197,212,229,229,333,383,399,399,399,69,83,83,33,51,51,65,65,65,81,81,81,81,81],"floor_reached":33,"language":"ZHT","playtime":1113,"items_purged":["Strike_G"],"score":276,"play_id":"3a551364-bb77-4c72-99e2-960eb8ddfa21","local_time":"20210214161243","is_ascension_mode":true,"campfire_choices":[{"floor":11.0,"key":"REST"},{"data":"Blade Dance","floor":15,"key":"SMITH"},{"floor":23,"key":"REST"},{"floor":28,"key":"REST"},{"floor":32,"key":"REST"}],"circlet_count":0,"master_deck":["Strike_G","Strike_G","Defend_G","Defend_G","Defend_G","Defend_G","Defend_G","Survivor","Neutralize","Terror","Flying Knee","Corpse Explosion","Blade Dance+1","Distraction","Dodge and Roll","Cloak And Dagger","Infinite Blades","Bouncing Flask+1","Unload","Blade Dance","Underhanded Strike+1","Deflect","Deflect","Dash","Caltrops","PiercingWail"],"relics":["HoveringKite","StoneCalendar","Art of War","Mercury Hourglass","Tiny House","Bag of Preparation","Pantograph","Lizard Tail"],"acts_visited":["Exordium","TheCity"],"potions_floor_usage":[14,16,22,22,33],"damage_taken":[{"damage":2.0,"enemies":"Small Slimes","floor":1.0,"turns":3.0},{"damage":2.0,"enemies":"Jaw Worm","floor":5.0,"turns":4.0},{"damage":13.0,"enemies":"3 Sentries","floor":6.0,"turns":7.0},{"damage":1.0,"enemies":"Cultist","floor":7.0,"turns":3.0},{"damage":6.0,"enemies":"Gremlin Gang","floor":8.0,"turns":3.0},{"damage":1.0,"enemies":"Looter","floor":10.0,"turns":3.0},{"damage":2.0,"enemies":"2 Fungi Beasts","floor":12.0,"turns":2.0},{"damage":0.0,"enemies":"Red Slaver","floor":13.0,"turns":2.0},{"damage":0,"enemies":"3 Louse","floor":14,"turns":1},{"damage":7,"enemies":"Hexaghost","floor":16,"turns":7},{"damage":31,"enemies":"Shell Parasite","floor":18,"turns":6},{"damage":8,"enemies":"2 Thieves","floor":22,"turns":2},{"damage":36,"enemies":"Chosen and Byrds","floor":25,"turns":6},{"damage":31,"enemies":"Cultist and Chosen","floor":27,"turns":6},{"damage":23,"enemies":"Centurion and Healer","floor":30,"turns":4},{"damage":128,"enemies":"Champ","floor":33,"turns":13}],"seed_played":"-1948724130446815296","potions_obtained":[{"floor":6.0,"key":"FairyPotion"},{"floor":10.0,"key":"GhostInAJar"},{"floor":12.0,"key":"CunningPotion"},{"floor":14,"key":"Fire Potion"},{"floor":17,"key":"SpeedPotion"},{"floor":20,"key":"DistilledChaos"},{"floor":30,"key":"SkillPotion"}],"is_trial":false,"path_per_floor":["M","?","?","$","M","E","M","M","T","M","R","M","M","M","R","B",null,"M","?","?","$","M","R","$","M","T","M","R","?","M","?","R","B"],"character_chosen":"THE_SILENT","items_purchased":["Explosive Potion","Pantograph","Deflect"],"campfire_rested":4,"item_purchase_floors":[4,21,24],"current_hp_per_floor":[68,68,68,68,66,53,52,46,46,45,66,64,64,64,64,57,75,44,44,44,44,36,58,58,22,22,22,44,30,7,7,31,0,0],"gold":81,"neow_bonus":"BOSS_RELIC","is_daily":false,"chose_seed":false,"campfire_upgraded":1,"win_rate":0.0,"timestamp":1613290363,"path_taken":["M","?","?","$","?","E","M","?","T","M","R","M","M","M","R","BOSS","M","?","?","$","?","R","$","M","T","M","R","?","M","?","R","BOSS"],"items_purchased_type":["Potion","Relic","Card"],"build_version":"2020-12-22","purchased_purges":1,"victory":false,"max_hp_per_floor":[70,70,70,70,70,70,70,70,70,70,70,70,70,70,70,70,75,75,75,75,75,75,75,75,75,75,75,75,80,80,80,80,80,80],"card_choices":[{"not_picked":["Slice","Prepared"],"picked":"Terror","floor":1.0},{"not_picked":["Dodge and Roll","Deadly Poison"],"picked":"Flying Knee","floor":5.0},{"not_picked":["Deflect","Masterful Stab"],"picked":"Corpse Explosion","floor":6.0},{"not_picked":["Cloak And Dagger","Heel Hook"],"picked":"Blade Dance","floor":7.0},{"not_picked":["Flying Knee","PiercingWail"],"picked":"Distraction","floor":8.0},{"not_picked":["Poisoned Stab","Bane"],"picked":"Dodge and Roll","floor":10.0},{"not_picked":["Backflip","Dodge and Roll"],"picked":"Cloak And Dagger","floor":12.0},{"not_picked":["Flying Knee","Backstab"],"picked":"Infinite Blades","floor":13.0},{"not_picked":["PiercingWail","Reflex"],"picked":"Bouncing Flask","floor":14},{"not_picked":["Envenom","After Image"],"picked":"Unload","floor":16},{"not_picked":["Slice","Prepared"],"picked":"Blade Dance","floor":17},{"not_picked":["Flying Knee","Deadly Poison+1"],"picked":"Underhanded Strike+1","floor":18},{"not_picked":["All Out Attack","Underhanded Strike+1","Dagger Spray"],"picked":"SKIP","floor":22},{"not_picked":["Expertise+1","Dagger Spray"],"picked":"Deflect","floor":25},{"not_picked":["Prepared","Riddle With Holes","Sucker Punch"],"picked":"SKIP","floor":27},{"not_picked":["Slice","Expertise"],"picked":"Dash","floor":30}],"player_experience":330559,"relics_obtained":[{"floor":6.0,"key":"Art of War"},{"floor":9.0,"key":"Mercury Hourglass"},{"floor":26,"key":"Lizard Tail"}],"event_choices":[{"damage_healed":0.0,"max_hp_gain":0.0,"max_hp_loss":0.0,"gold_gain":0.0,"event_name":"Golden Wing","player_choice":"Ignored","floor":2.0,"gold_loss":0.0,"damage_taken":0.0},{"damage_healed":0.0,"max_hp_gain":0.0,"max_hp_loss":0.0,"gold_gain":0.0,"event_name":"WeMeetAgain","player_choice":"Paid Gold","floor":3.0,"gold_loss":51.0,"damage_taken":0.0,"relics_obtained":["StoneCalendar"]},{"damage_healed":0,"gold_gain":0,"player_choice":"Opened","damage_taken":0,"relics_obtained":["Bag of Preparation"],"max_hp_gain":0,"max_hp_loss":0,"event_name":"The Mausoleum","floor":19,"gold_loss":0},{"damage_healed":0,"gold_gain":0,"player_choice":"Got Potions","damage_taken":0,"max_hp_gain":0,"max_hp_loss":0,"event_name":"Lab","floor":20,"gold_loss":0},{"damage_healed":0,"gold_gain":0,"player_choice":"Shed Blood","damage_taken":19,"max_hp_gain":5,"max_hp_loss":0,"event_name":"Forgotten Altar","floor":29,"gold_loss":0},{"damage_healed":0,"gold_gain":0,"cards_transformed":["Strike_G","Strike_G"],"player_choice":"Became Test Subject","damage_taken":0,"max_hp_gain":0,"max_hp_loss":0,"event_name":"Drug Dealer","floor":31,"gold_loss":0,"cards_obtained":["Caltrops","PiercingWail"]}],"is_beta":false,"boss_relics":[{"not_picked":["Coffee Dripper","Fusion Hammer"],"picked":"Tiny House"}],"items_purged_floors":[21],"is_endless":false,"potions_floor_spawned":[6,10,12,13,14,30],"killed_by":"Champ","ascension_level":2}}