{"host":"jwpp8hxpigr0nknu","time":1613272131,"event":{"mods":["BaseMod","BetterRewards","Colored Map","Colored Powertips","Minty Spire (QoL Compilation)","Rare Cards Sparkle","Shop Mod","StSLib"],"gold_per_floor":[116,116,132,152,16,41,51,80,103,103,129,129,148,183,183,256,306,306],"floor_reached":17,"language":"ENG","playtime":812,"items_purged":[],"score":357,"play_id":"0f8645c5-9611-4f43-bb2d-c455a0dac909","local_time":"20210213210851","daily_mods":["Draft"],"is_ascension_mode":true,"campfire_choices":[{"data":"Double Tap","floor":15,"key":"SMITH"}],"circlet_count":0,"master_deck":["AscendersBane","Flex","Sword Boomerang","Whirlwind","Twin Strike","Heavy Blade","Dropkick","Shrug It Off","Shockwave","Dropkick","Ghostly Armor","Bloodletting","Shrug It Off","Shrug It Off+1","Thunderclap","Havoc+1","Flex","Double Tap","Double Tap+1","Burning Pact","Infernal Blade","Limit Break"],"relics":["Burning Blood","Centennial Puzzle","Lantern","Tiny Chest","Bag of Preparation","Nunchaku","Tiny House"],"acts_visited":["Exordium","TheCity"],"potions_floor_usage":[14],"damage_taken":[{"damage":0.0,"enemies":"Cultist","floor":1.0,"turns":4.0},{"damage":12.0,"enemies":"Small Slimes","floor":3.0,"turns":3.0},{"damage":0.0,"enemies":"2 Louse","floor":4.0,"turns":3.0},{"damage":16,"enemies":"Lagavulin","floor":6,"turns":7},{"damage":3,"enemies":"Gremlin Gang","floor":7,"turns":2},{"damage":15,"enemies":"3 Sentries","floor":8,"turns":4},{"damage":13,"enemies":"Gremlin Nob","floor":11,"turns":3},{"damage":0,"enemies":"3 Louse","floor":13,"turns":2},{"damage":3,"enemies":"3 Sentries","floor":14,"turns":1},{"damage":78,"enemies":"The Guardian","floor":16,"turns":10}],"seed_played":"-3724892693948908614","potions_obtained":[{"floor":3.0,"key":"BloodPotion"},{"floor":8,"key":"SmokeBomb"},{"floor":11,"key":"Energy Potion"},{"floor":16,"key":"Dexterity Potion"},{"floor":17,"key":"Energy Potion"}],"is_trial":true,"path_per_floor":["M","?","M","M","$","E","M","E","T","?","E","?","M","E","R","B",null],"character_chosen":"IRONCLAD","items_purchased":["Double Tap"],"campfire_rested":0,"item_purchase_floors":[5],"current_hp_per_floor":[74,74,68,74,74,64,67,58,58,63,56,80,80,80,80,8,67,67],"gold":306,"neow_bonus":"","is_daily":false,"chose_seed":true,"campfire_upgraded":1,"win_rate":0.0,"timestamp":1613272131,"path_taken":["M","?","M","?","?","E","?","E","T","?","E","?","?","E","R","BOSS"],"items_purchased_type":["Card"],"build_version":"2020-12-22","purchased_purges":0,"victory":false,"max_hp_per_floor":[75,75,75,75,75,75,75,75,75,80,80,80,80,80,80,80,85,85],"card_choices":[{"not_picked":["Pommel Strike","Sword Boomerang"],"picked":"Flex","floor":0.0},{"not_picked":["Entrench","Combust"],"picked":"Sword Boomerang","floor":0.0},{"not_picked":["Blood for Blood","Fire Breathing"],"picked":"Whirlwind","floor":0.0},{"not_picked":["Flame Barrier","Warcry"],"picked":"Twin Strike","floor":0.0},{"not_picked":["Hemokinesis","Thunderclap"],"picked":"Heavy Blade","floor":0.0},{"not_picked":["Clash","Havoc"],"picked":"Dropkick","floor":0.0},{"not_picked":["Iron Wave","Twin Strike"],"picked":"Shrug It Off","floor":0.0},{"not_picked":["Pommel Strike","Reckless Charge"],"picked":"Shockwave","floor":0.0},{"not_picked":["Heavy Blade","Reckless Charge"],"picked":"Dropkick","floor":0.0},{"not_picked":["Warcry","Headbutt"],"picked":"Ghostly Armor","floor":0.0},{"not_picked":["Shrug It Off","Hemokinesis"],"picked":"Bloodletting","floor":0.0},{"not_picked":["Warcry","Clash"],"picked":"Shrug It Off","floor":0.0},{"not_picked":["Flex","Thunderclap"],"picked":"Shrug It Off","floor":0.0},{"not_picked":["Armaments","Iron Wave"],"picked":"Thunderclap","floor":0.0},{"not_picked":["True Grit","Clash"],"picked":"Havoc","floor":0.0},{"not_picked":["Clothesline","Cleave"],"picked":"Flex","floor":1.0},{"not_picked":["Metallicize","Iron Wave","Shrug It Off"],"picked":"SKIP","floor":3.0},{"not_picked":["Shrug It Off","Metallicize","True Grit"],"picked":"SKIP","floor":4.0},{"not_picked":["Brutality","Iron Wave","Havoc"],"picked":"SKIP","floor":6},{"not_picked":["Anger","True Grit"],"picked":"Spot Weakness","floor":7},{"not_picked":["Thunderclap","Flex"],"picked":"Double Tap","floor":8},{"not_picked":["Cleave","Anger"],"picked":"Burning Pact","floor":11},{"not_picked":["Clash","Headbutt"],"picked":"Infernal Blade","floor":13},{"not_picked":["Headbutt","Rupture","Dark Embrace"],"picked":"SKIP","floor":14},{"not_picked":["Demon Form","Bludgeon"],"picked":"Limit Break","floor":16}],"player_experience":344277,"relics_obtained":[{"floor":6,"key":"Centennial Puzzle"},{"floor":8,"key":"Lantern"},{"floor":9,"key":"Tiny Chest"},{"floor":11,"key":"Bag of Preparation"},{"floor":14,"key":"Nunchaku"}],"event_choices":[{"damage_healed":0.0,"max_hp_gain":0.0,"max_hp_loss":0.0,"gold_gain":0.0,"event_name":"Upgrade Shrine","player_choice":"Upgraded","floor":2.0,"gold_loss":0.0,"damage_taken":0.0,"cards_upgraded":["Havoc"]},{"damage_healed":0,"gold_gain":0,"player_choice":"Donut","damage_taken":0,"max_hp_gain":5,"max_hp_loss":0,"event_name":"Big Fish","floor":10,"gold_loss":0},{"cards_removed":["Spot Weakness"],"damage_healed":24,"gold_gain":0,"player_choice":"Offered Uncommon","damage_taken":0,"max_hp_gain":0,"max_hp_loss":0,"event_name":"Bonfire Elementals","floor":12,"gold_loss":0}],"is_beta":false,"boss_relics":[{"not_picked":["Velvet Choker","SlaversCollar"],"picked":"Tiny House"}],"items_purged_floors":[],"is_endless":false,"potions_floor_spawned":[3,8,11,16],"ascension_level":14}}