{"host":"7kv6jur089hrzttt","time":1613263416,"event":{"mods":["Act Like it!","BaseMod","Better Note","Better Third Choice","CapriCore","Downfall","Gensokyo","Hermit","Minty Spire (QoL Compilation)","Relic Stats","Reliquary","Remilia??????","Replay The Spire","Robot Space Explorer","StSLib","The Bug Knight","The Cursed","The Servant 0.9.4"],"gold_per_floor":[119,133,89,2,0,34,34,46,119,119,35,35,63,17,17,17,17],"floor_reached":16,"language":"ENG","playtime":1309,"items_purged":[],"score":110,"play_id":"6fc595ff-e833-4b42-88dd-ef59286ed3db","local_time":"20210213164336","is_ascension_mode":true,"campfire_choices":[{"data":"KidneyShot","floor":7,"key":"SMITH"},{"data":"Moonlight","floor":10,"key":"SMITH"},{"data":"Exchange","floor":12,"key":"SMITH"},{"data":"Revamp","floor":15,"key":"SMITH"}],"circlet_count":0,"master_deck":["Strike_S","Strike_S","Strike_S","Strike_S","Defend_S","Defend_S","Defend_S","Defend_S","KidneyShot+1","Exchange+1","Ricochet","Misdirection","StarChef","Rearm","Unruled","Moonlight+1","Defy","FastForward","FastForward","Snipe","Revamp+1"],"relics":["Uniform","reliquary:Stiletto","Nunchaku","HornCleat","reliquary:HotPoker"],"acts_visited":["Exordium"],"potions_floor_usage":[16],"damage_taken":[{"damage":0,"enemies":"Gensokyo:Python","floor":1,"turns":4},{"damage":1,"enemies":"Gensokyo:2_Kodama","floor":2,"turns":2},{"damage":12,"enemies":"Gensokyo:Mamizou","floor":6,"turns":10},{"damage":2,"enemies":"Gensokyo:3_Fairies","floor":8,"turns":3},{"damage":3,"enemies":"Gensokyo:Aya","floor":13,"turns":6},{"damage":60,"enemies":"Gensokyo:Reimu","floor":16,"turns":14}],"seed_played":"1529946045819483269","potions_obtained":[{"floor":13,"key":"Explosive Potion"}],"is_trial":false,"path_per_floor":["M","M","COS","$","?","E","R","M","T","R","$","R","E","$","R","B"],"character_chosen":"THE_SERVANT","items_purchased":["StarChef","Rearm","Defy","FastForward","Revamp"],"campfire_rested":0,"item_purchase_floors":[4,4,11,11,14],"current_hp_per_floor":[71,70,70,70,71,59,59,57,57,57,57,57,54,54,54,0,0],"gold":17,"neow_bonus":"TEN_PERCENT_HP_BONUS","is_daily":false,"chose_seed":false,"campfire_upgraded":4,"win_rate":0.0,"timestamp":1613263416,"path_taken":["M","M","COS","?","?","E","R","M","T","R","$","R","E","$","R","BOSS"],"items_purchased_type":["Card","Card","Card","Card","Card"],"build_version":"2020-12-22","purchased_purges":0,"victory":false,"max_hp_per_floor":[71,71,71,71,71,71,71,71,71,71,71,71,71,71,71,71,71],"relic_stats":{"Nunchaku":[3],"counters":[6,39],"obtain_stats":[{"Nunchaku":8,"reliquary:HotPoker":13,"HornCleat":9,"reliquary:Stiletto":6,"Uniform":0},{"Nunchaku":4,"reliquary:HotPoker":5,"HornCleat":4,"reliquary:Stiletto":3,"Uniform":0},{"Nunchaku":17,"reliquary:HotPoker":25,"HornCleat":19,"reliquary:Stiletto":16,"Uniform":0}]},"card_choices":[{"not_picked":["Alleviate","BottledTime"],"picked":"Ricochet","floor":1},{"not_picked":["Rewind","Alleviate"],"picked":"Misdirection","floor":2},{"not_picked":["Spin","Desolation"],"picked":"Unruled","floor":6},{"not_picked":["ShatteredReality","FloweringNight"],"picked":"Moonlight","floor":8},{"not_picked":["ReturningBlade","TimeWarp"],"picked":"Snipe","floor":13}],"player_experience":265725,"relics_obtained":[{"floor":6,"key":"reliquary:Stiletto"},{"floor":9,"key":"HornCleat"},{"floor":13,"key":"reliquary:HotPoker"}],"event_choices":[],"is_beta":false,"boss_relics":[],"items_purged_floors":[],"is_endless":false,"potions_floor_spawned":[13],"killed_by":"Gensokyo:Reimu","ascension_level":1}}