{"host":"x1d9cj1vze2ie4yu","time":1613325099,"event":{"mods":["Act Like it!","BaseMod","Better Vampires","Conspire","Minty Spire (QoL Compilation)","Pale of the Ancients","Permanent Neow","Relic Stats","Reliquary","Replay The Spire","Spicy Shops","StSLib","[IsaacMod]以撒尖塔","【功能Mod】聪明的最终Boss"],"gold_per_floor":[132,132,143,161,161,206,223,173,248,248,281,291,291,291,291,391,391,411,421,18,34,34,34,34],"floor_reached":23,"language":"ZHS","playtime":771,"items_purged":["Strike_R","Strike_R"],"score":280,"play_id":"2f6dc0f0-0e93-4617-bf5f-e6247f251bd2","local_time":"20210215015139","is_ascension_mode":true,"campfire_choices":[{"data":"Rampage","floor":10,"key":"SMITH"},{"data":"Metallicize","floor":13,"key":"SMITH"},{"data":"BettingIsNotGood","floor":15,"key":"SMITH"}],"circlet_count":0,"master_deck":["Strike_R","Defend_R","Defend_R","Defend_R","Defend_R","Bash","BettingIsNotGood+1","Metallicize+1","Rampage+1","Demon Form","AbeCurse","Spot Weakness+1"],"relics":["Burning Blood","HushsDoor","Leech","NeowsBlessing","Thread and Needle","reliquary:FeatherDuster","GuppysPaw","Abe\u0027s Treasure","Regal Pillow","BookOfRevelations"],"acts_visited":["Exordium","TheCity"],"potions_floor_usage":[6,11,19,21,23],"damage_taken":[{"damage":0.0,"enemies":"Small Slimes","floor":1.0,"turns":1.0},{"damage":0.0,"enemies":"2 Louse","floor":3.0,"turns":1.0},{"damage":0.0,"enemies":"Cultist","floor":4.0,"turns":1.0},{"damage":22,"enemies":"Lagavulin","floor":6,"turns":6},{"damage":25,"enemies":"Exordium Wildlife","floor":7,"turns":6},{"damage":0,"enemies":"Large Slime","floor":11,"turns":3},{"damage":0,"enemies":"Looter","floor":12,"turns":2},{"damage":49,"enemies":"Fading Forest","floor":16,"turns":11},{"damage":7,"enemies":"Chosen","floor":18,"turns":4},{"damage":18,"enemies":"3 Byrds","floor":19,"turns":3},{"damage":66,"enemies":"Centurion and Healer","floor":21,"turns":7},{"damage":21,"enemies":"Replay:Snechameleon","floor":23,"turns":3}],"seed_played":"-6157310064189329065","potions_obtained":[{"floor":3.0,"key":"Weak Potion"},{"floor":4.0,"key":"EssenceOfSteel"},{"floor":7,"key":"LiquidMemories"},{"floor":11,"key":"DuplicationPotion"},{"floor":16,"key":"Strength Potion"},{"floor":21,"key":"ColorlessPotion"}],"is_trial":false,"path_per_floor":["M","?","M","M","?","E","M","?","T","R","M","M","R","T","R","B",null,"M","M","$","M","?","E"],"character_chosen":"IRONCLAD","items_purchased":["Regal Pillow","BookOfRevelations"],"campfire_rested":0,"item_purchase_floors":[20,20],"current_hp_per_floor":[78,78,80,80,80,67,54,54,54,54,63,71,71,71,71,55,74,76,66,66,32,17,0,0],"gold":34,"neow_bonus":"THREE_ENEMY_KILL","is_daily":false,"chose_seed":false,"campfire_upgraded":3,"win_rate":0.0,"timestamp":1613325099,"path_taken":["M","?","?","M","?","E","M","?","T","R","M","M","R","?","R","BOSS","M","M","$","M","?","E"],"items_purchased_type":["Relic","Relic"],"build_version":"2020-12-22","purchased_purges":2,"victory":false,"max_hp_per_floor":[80,80,80,80,80,80,80,80,80,80,80,80,80,80,80,80,80,80,80,80,80,85,85,85],"relic_stats":{"Regal Pillow":0,"counters":[12,48],"obtain_stats":[{"KeepersGift":0,"reliquary:FeatherDuster":9,"Regal Pillow":20,"NeowsBlessing":0,"GuppysPaw":14,"BookOfRevelations":20,"Thread and Needle":6,"HushsDoor":0,"Burning Blood":0,"Abe\u0027s Treasure":17,"Leech":0},{"KeepersGift":0,"reliquary:FeatherDuster":5,"Regal Pillow":10,"NeowsBlessing":0,"GuppysPaw":7,"BookOfRevelations":10,"Thread and Needle":4,"HushsDoor":0,"Burning Blood":0,"Abe\u0027s Treasure":8,"Leech":0},{"KeepersGift":0,"reliquary:FeatherDuster":15,"Regal Pillow":38,"NeowsBlessing":0,"GuppysPaw":20,"BookOfRevelations":38,"Thread and Needle":9,"HushsDoor":0,"Burning Blood":0,"Abe\u0027s Treasure":31,"Leech":0}],"Burning Blood":56},"card_choices":[{"not_picked":[],"picked":"BettingIsNotGood","floor":0.0},{"not_picked":["Pommel Strike","Rage","Combust"],"picked":"SKIP","floor":1.0},{"not_picked":["Heavy Blade","Fire Breathing"],"picked":"Flex","floor":3.0},{"not_picked":["Run Through","Replay:Undeath\u0027s Touch"],"picked":"Metallicize","floor":4.0},{"not_picked":["Thunderclap","True Grit","Exhume"],"picked":"SKIP","floor":6},{"not_picked":["Body Slam","Havoc"],"picked":"Rampage","floor":7},{"not_picked":["Replay:Undeath\u0027s Touch","Flex","Twin Strike"],"picked":"SKIP","floor":11},{"not_picked":["Heavy Blade","ReplayTheSpireMod:Muscle Training","Intimidate"],"picked":"SKIP","floor":12},{"not_picked":["Double Tap","Immolate"],"picked":"Demon Form","floor":16},{"not_picked":["Dual Wield+1","Blood for Blood"],"picked":"Spot Weakness+1","floor":18},{"not_picked":["Replay:Undeath\u0027s Touch+1","Spot Weakness","Rage"],"picked":"SKIP","floor":19},{"not_picked":["Wild Strike","Defy Death","Shrug It Off"],"picked":"SKIP","floor":21}],"player_experience":79545,"relics_obtained":[{"floor":6,"key":"Thread and Needle"},{"floor":9,"key":"reliquary:FeatherDuster"},{"floor":14,"key":"GuppysPaw"}],"event_choices":[{"damage_healed":0,"gold_gain":0,"player_choice":"Fled","damage_taken":0,"max_hp_gain":0,"max_hp_loss":0,"event_name":"Scrap Ooze","floor":5,"gold_loss":0},{"cards_removed":["Strike_R"],"damage_healed":0,"gold_gain":0,"player_choice":"Card Removal","damage_taken":0,"max_hp_gain":0,"max_hp_loss":0,"event_name":"The Cleric","floor":8,"gold_loss":50},{"damage_healed":0,"gold_gain":0,"player_choice":"Shed Blood","damage_taken":20,"max_hp_gain":5,"max_hp_loss":0,"event_name":"Forgotten Altar","floor":22,"gold_loss":0}],"is_beta":false,"boss_relics":[{"not_picked":["conspire:SlowCooker","Velvet Choker"],"picked":"Abe\u0027s Treasure"},{"not_picked":[]}],"items_purged_floors":[20,20],"is_endless":false,"potions_floor_spawned":[3,4,7,11,16,21],"killed_by":"Replay:Snechameleon","ascension_level":9}}