{"host":"ywa7jah0kefkv8nt","time":1613274230,"event":{"mods":["ATMod(°¢èªMod)","Act Like it!","Arknights","BaseMod","Better Note","Better Third Choice","Minty Spire (QoL Compilation)","MostiFishMod","Reliquary","Replay The Spire","Spicy Shops","StSLib","¡¾ÒÅÎï¿¨ÅÆ¡¿REMEMod","²ÐÁôÖ®Îï"],"gold_per_floor":[119,148,160,6,20,20,20],"floor_reached":6,"language":"ZHS","playtime":232,"items_purged":[],"score":72,"play_id":"7cc40709-1654-46ad-8959-18a47a803b90","local_time":"20210213214350","is_ascension_mode":true,"campfire_choices":[],"circlet_count":0,"master_deck":["AscendersBane","Strike_B","Strike_B","Strike_B","Strike_B","Defend_B","Defend_B","Defend_B","Defend_B","Zap","Dualcast","All For One","AT_StudyProgram","MostiFishMod:PushDownKick","REME_Shoggoth","ReplayTheSpireMod:Reroute Power","BasicCrystalCard"],"relics":["Cracked Core","AT_ATBox","REME_ComplimentaryCards","DaveBox","SynthV:C4","NeowsBlessing","SynthV:TestCard"],"acts_visited":["Exordium"],"potions_floor_usage":[6],"damage_taken":[{"damage":0.0,"enemies":"Jaw Worm","floor":1.0,"turns":1.0},{"damage":0.0,"enemies":"Small Slimes","floor":3.0,"turns":1.0},{"damage":0.0,"enemies":"Cultist","floor":5.0,"turns":1.0},{"damage":50,"enemies":"Lagavulin","floor":6,"turns":7}],"seed_played":"3671273659087677397","potions_obtained":[{"floor":2.0,"key":"Doom Potion"},{"floor":2.0,"key":"Explosive Potion"},{"floor":3.0,"key":"DistilledChaos"}],"is_trial":false,"path_per_floor":["M","?","M","$","M","E"],"character_chosen":"DEFECT","items_purchased":["ReplayTheSpireMod:Reroute Power"],"campfire_rested":0,"item_purchase_floors":[4],"current_hp_per_floor":[64,41,41,41,41,0,0],"gold":20,"neow_bonus":"THREE_ENEMY_KILL","is_daily":false,"chose_seed":false,"campfire_upgraded":0,"win_rate":0.0,"timestamp":1613274230,"path_taken":["M","?","M","?","M","E"],"items_purchased_type":["Card"],"build_version":"2020-12-22","purchased_purges":0,"victory":false,"max_hp_per_floor":[71,71,71,71,71,71,71],"card_choices":[{"not_picked":["Darkness","Beam Cell","Sweeping Beam"],"picked":"SKIP","floor":1.0},{"not_picked":["Gash","Hello World","Chill","Self Repair"],"picked":"MostiFishMod:PushDownKick","floor":2.0},{"not_picked":["Capacitor","Cold Snap","Double Energy","MostiFishMod:FluxCapactior"],"picked":"REME_Shoggoth","floor":3.0},{"not_picked":["Glacier","Cold Snap","REME_DataAnalysis","Compile Driver"],"picked":"BasicCrystalCard","floor":5.0}],"player_experience":251118,"relics_obtained":[{"floor":1.0,"key":"SynthV:TestCard"}],"event_choices":[],"is_beta":false,"boss_relics":[],"items_purged_floors":[],"is_endless":false,"potions_floor_spawned":[3,5],"killed_by":"Lagavulin","ascension_level":20}}