{"host":"jq8d8epkoknfq6em","time":1613346888,"event":{"mods":["AchievementEnabler","BaseMod","Colored Map","Colored Powertips","Highlight Path","Minty Spire (QoL Compilation)","Quick Restart","StSLib"],"gold_per_floor":[113,113,133,42,42,42,72,72,72,92,109,135,152,183,183,283,283,301,45,56,89,108,108,136,151,178,192,192,202,202,230,230,328,328,341,301,313,313,329,329,355,355,378,404,101,116,128,350,350,350],"floor_reached":51,"language":"ENG","playtime":4027,"items_purged":["Defend_R"],"score":1292,"play_id":"5ea85077-276d-4603-97f0-1e7b804c8593","local_time":"20210215005448","is_ascension_mode":true,"campfire_choices":[{"data":"Combust","floor":6,"key":"SMITH"},{"data":"Blood for Blood","floor":8,"key":"SMITH"},{"data":"Blood for Blood","floor":15,"key":"SMITH"},{"data":"Blood for Blood","floor":23,"key":"SMITH"},{"data":"Offering","floor":28,"key":"SMITH"},{"data":"Fiend Fire","floor":30,"key":"SMITH"},{"data":"Shockwave","floor":32,"key":"SMITH"},{"data":"Flame Barrier","floor":40,"key":"SMITH"},{"data":"Shrug It Off","floor":42,"key":"SMITH"},{"floor":49,"key":"REST"}],"circlet_count":0,"master_deck":["AscendersBane","Strike_R","Strike_R","Strike_R","Strike_R","Defend_R","Defend_R","Defend_R","Bash","Combust+1","Shrug It Off","Blood for Blood+1","Shrug It Off","Twin Strike","Headbutt","Cleave","Blood for Blood+1","Offering+1","Flame Barrier+1","Anger","Flame Barrier+1","Blood for Blood+1","Shockwave+1","Fiend Fire+1","Demon Form+1","Shrug It Off","Shrug It Off+1","Reaper","Hemokinesis"],"relics":["Burning Blood","NeowsBlessing","Bottled Tornado","Kunai","White Beast Statue","Toy Ornithopter","InkBottle","SlaversCollar","Gremlin Horn","Red Mask","TungstenRod","Strawberry","Lizard Tail","SacredBark","Dream Catcher","Potion Belt","Pen Nib"],"acts_visited":["Exordium","TheCity","TheBeyond"],"potions_floor_usage":[10,12,12,14,16,18,21,22,24,24,29,31,33,33,39,41,41,44,46,47,50,50,50],"damage_taken":[{"damage":0,"enemies":"Jaw Worm","floor":1,"turns":1},{"damage":0,"enemies":"Cultist","floor":3,"turns":1},{"damage":1,"enemies":"Lagavulin","floor":7,"turns":1},{"damage":2,"enemies":"Small Slimes","floor":10,"turns":3},{"damage":8,"enemies":"Exordium Thugs","floor":11,"turns":3},{"damage":2,"enemies":"Gremlin Nob","floor":12,"turns":2},{"damage":5,"enemies":"Large Slime","floor":13,"turns":3},{"damage":9,"enemies":"3 Sentries","floor":14,"turns":4},{"damage":37,"enemies":"Hexaghost","floor":16,"turns":6},{"damage":10,"enemies":"Chosen","floor":18,"turns":3},{"damage":8,"enemies":"3 Byrds","floor":20,"turns":3},{"damage":10,"enemies":"Masked Bandits","floor":21,"turns":3},{"damage":17,"enemies":"Snake Plant","floor":22,"turns":3},{"damage":9,"enemies":"Gremlin Leader","floor":24,"turns":4},{"damage":5,"enemies":"Snecko","floor":25,"turns":3},{"damage":22,"enemies":"Sentry and Sphere","floor":27,"turns":5},{"damage":8,"enemies":"Snake Plant","floor":29,"turns":4},{"damage":17,"enemies":"Book of Stabbing","floor":31,"turns":4},{"damage":21,"enemies":"Collector","floor":33,"turns":9},{"damage":7,"enemies":"3 Shapes","floor":35,"turns":3},{"damage":17,"enemies":"Orb Walker","floor":37,"turns":4},{"damage":20,"enemies":"Maw","floor":39,"turns":6},{"damage":45,"enemies":"Reptomancer","floor":41,"turns":5},{"damage":30,"enemies":"Nemesis","floor":44,"turns":7},{"damage":13,"enemies":"4 Shapes","floor":46,"turns":5},{"damage":64,"enemies":"Spire Growth","floor":47,"turns":7},{"damage":21,"enemies":"Awakened One","floor":50,"turns":8}],"seed_played":"5401282732199225381","potions_obtained":[{"floor":1,"key":"ColorlessPotion"},{"floor":7,"key":"FearPotion"},{"floor":10,"key":"ElixirPotion"},{"floor":11,"key":"AttackPotion"},{"floor":12,"key":"SmokeBomb"},{"floor":13,"key":"EssenceOfSteel"},{"floor":14,"key":"PowerPotion"},{"floor":16,"key":"DistilledChaos"},{"floor":18,"key":"SteroidPotion"},{"floor":20,"key":"SteroidPotion"},{"floor":21,"key":"EssenceOfSteel"},{"floor":22,"key":"Fruit Juice"},{"floor":24,"key":"AttackPotion"},{"floor":25,"key":"AttackPotion"},{"floor":29,"key":"LiquidBronze"},{"floor":31,"key":"ElixirPotion"},{"floor":33,"key":"GamblersBrew"},{"floor":35,"key":"SteroidPotion"},{"floor":37,"key":"Energy Potion"},{"floor":39,"key":"Regen Potion"},{"floor":41,"key":"ElixirPotion"},{"floor":44,"key":"FairyPotion"},{"floor":46,"key":"ColorlessPotion"},{"floor":47,"key":"HeartOfIron"}],"is_trial":false,"path_per_floor":["M","?","M","$","T","R","E","R","T","M","M","E","M","E","R","B",null,"M","$","M","?","M","R","E","M","T","M","R","M","R","E","R","B",null,"M","?","M","?","M","R","E","R","T","E","$","M","M","?","R","B",null],"character_chosen":"IRONCLAD","items_purchased":["Blood for Blood","Shrug It Off","Gremlin Horn","AttackPotion","PowerPotion","Hemokinesis","Explosive Potion"],"campfire_rested":1,"item_purchase_floors":[4,4,19,45,45,45,45],"current_hp_per_floor":[78,78,80,80,80,80,80,80,80,80,78,80,80,80,80,49,72,73,73,71,72,66,66,78,79,86,70,70,73,73,67,67,62,85,84,84,73,73,64,64,69,69,69,50,50,64,11,11,38,62],"gold":350,"neow_bonus":"THREE_ENEMY_KILL","is_daily":false,"chose_seed":false,"campfire_upgraded":9,"win_rate":0.0,"timestamp":1613346888,"path_taken":["M","?","?","?","?","R","E","R","T","M","M","E","M","E","R","BOSS","M","$","M","?","M","R","E","M","T","M","R","M","R","E","R","BOSS","M","?","?","?","M","R","E","R","T","E","$","M","?","?","R","BOSS"],"items_purchased_type":["Card","Card","Relic","Potion","Potion","Card","Potion"],"build_version":"2020-12-22","purchased_purges":1,"victory":true,"max_hp_per_floor":[80,80,80,80,80,80,80,80,80,80,80,80,80,80,80,80,80,80,80,80,80,80,80,85,85,92,92,92,92,92,92,92,92,92,92,92,92,92,92,92,92,92,92,92,92,92,92,92,92,92],"card_choices":[{"not_picked":["Armaments","Sword Boomerang"],"picked":"Combust","floor":1},{"not_picked":["Ghostly Armor","Clash"],"picked":"Shrug It Off","floor":3},{"not_picked":["Clothesline","Sword Boomerang"],"picked":"Twin Strike","floor":7},{"not_picked":["Metallicize","Immolate","Rampage"],"picked":"SKIP","floor":10},{"not_picked":["True Grit","Power Through","Thunderclap"],"picked":"SKIP","floor":11},{"not_picked":["Rage","Pommel Strike"],"picked":"Headbutt","floor":12},{"not_picked":["Body Slam","Shrug It Off"],"picked":"Cleave","floor":13},{"not_picked":["Corruption","Warcry"],"picked":"Blood for Blood","floor":14},{"not_picked":["Immolate","Berserk"],"picked":"Offering","floor":16},{"not_picked":["Havoc","Twin Strike"],"picked":"Flame Barrier","floor":18},{"not_picked":["Body Slam","Heavy Blade"],"picked":"Anger","floor":20},{"not_picked":["Evolve+1","Body Slam"],"picked":"Flame Barrier+1","floor":21},{"not_picked":["Warcry","Cleave"],"picked":"Blood for Blood","floor":22},{"not_picked":["Fire Breathing","Clash"],"picked":"Shockwave","floor":24},{"not_picked":["Clothesline","Dark Embrace","Cleave"],"picked":"SKIP","floor":25},{"not_picked":["Iron Wave","Reckless Charge","Rampage+1"],"picked":"SKIP","floor":27},{"not_picked":["Anger","Headbutt"],"picked":"Fiend Fire","floor":29},{"not_picked":["Rampage","Thunderclap+1","Armaments"],"picked":"SKIP","floor":31},{"not_picked":["Feed","Immolate"],"picked":"Demon Form","floor":33},{"not_picked":["Sword Boomerang","Cleave","Inflame"],"picked":"SKIP","floor":35},{"not_picked":["Intimidate","Perfected Strike"],"picked":"Shrug It Off","floor":37},{"not_picked":["Blood for Blood","Burning Pact"],"picked":"Shrug It Off","floor":39},{"not_picked":["Perfected Strike","Dropkick","Sentinel"],"picked":"SKIP","floor":41},{"not_picked":["Rage","Flame Barrier+1"],"picked":"Reaper","floor":44},{"not_picked":["Ghostly Armor","Thunderclap","Dark Embrace"],"picked":"SKIP","floor":46},{"not_picked":["Iron Wave","Sword Boomerang","Bludgeon"],"picked":"SKIP","floor":47}],"player_experience":999629,"relics_obtained":[{"floor":5,"key":"Bottled Tornado"},{"floor":7,"key":"Kunai"},{"floor":9,"key":"White Beast Statue"},{"floor":12,"key":"Toy Ornithopter"},{"floor":14,"key":"InkBottle"},{"floor":21,"key":"Red Mask"},{"floor":24,"key":"TungstenRod"},{"floor":26,"key":"Strawberry"},{"floor":31,"key":"Lizard Tail"},{"floor":41,"key":"Dream Catcher"},{"floor":43,"key":"Potion Belt"},{"floor":44,"key":"Pen Nib"}],"event_choices":[{"cards_removed":["Strike_R"],"damage_healed":0,"gold_gain":0,"player_choice":"Purged","damage_taken":0,"max_hp_gain":0,"max_hp_loss":0,"event_name":"Purifier","floor":2,"gold_loss":0},{"damage_healed":0,"gold_gain":0,"player_choice":"Fought Bandits","damage_taken":0,"max_hp_gain":0,"max_hp_loss":0,"event_name":"Masked Bandits","floor":21,"gold_loss":0},{"damage_healed":0,"gold_gain":0,"player_choice":"Upgrade","damage_taken":0,"max_hp_gain":0,"max_hp_loss":0,"event_name":"Designer","floor":36,"gold_loss":40,"cards_upgraded":["Demon Form"]},{"damage_healed":0,"gold_gain":0,"player_choice":"Ignored","damage_taken":0,"max_hp_gain":0,"max_hp_loss":0,"event_name":"SecretPortal","floor":38,"gold_loss":0},{"damage_healed":0,"gold_gain":222,"player_choice":"Wore Mask","damage_taken":0,"max_hp_gain":0,"max_hp_loss":0,"event_name":"Tomb of Lord Red Mask","floor":48,"gold_loss":0}],"is_beta":false,"boss_relics":[{"not_picked":["Runic Dome","Cursed Key"],"picked":"SlaversCollar"},{"not_picked":["Sozu","Runic Pyramid"],"picked":"SacredBark"}],"items_purged_floors":[45],"is_endless":false,"potions_floor_spawned":[1,7,10,11,12,13,14,16,18,20,21,22,24,25,27,29,31,33,35,37,39,41,44,46,47],"ascension_level":12}}