{"host":"16x737ox6kf7h9su","time":1613271384,"event":{"mods":["BaseMod","Minty Spire (QoL Compilation)","Rare Cards Sparkle"],"gold_per_floor":[110,59,59,59,59,59,94,110,110,126,126,140,140,178,178,304,367,390,300,316,16,16,16,54,72,117,18,56,56,56,56,56,152,152,167,167,167,183,202,233,283,294,319,336,353,368,396,396,396,396,396,396,48,80,80],"floor_reached":56,"language":"ENG","playtime":2428,"items_purged":[],"score":1578,"play_id":"c036b5b5-31b9-4ad0-8a42-0d7c30c17c8c","local_time":"20210213215624","is_ascension_mode":true,"campfire_choices":[{"floor":6,"key":"REST"},{"data":"Accuracy","floor":11,"key":"SMITH"},{"floor":15,"key":"REST"},{"floor":23,"key":"REST"},{"floor":32,"key":"REST"},{"floor":49,"key":"RECALL"},{"data":"Cloak And Dagger","floor":52,"key":"SMITH"}],"circlet_count":0,"master_deck":["Strike_G+1","Strike_G+1","Strike_G","Strike_G","Defend_G","Defend_G","Defend_G","Defend_G+1","Defend_G+1","Survivor","Neutralize","Cloak And Dagger","Blade Dance+1","Accuracy+1","Cloak And Dagger+1","Finisher","Blade Dance+1","Adrenaline+1","Outmaneuver+1","Accuracy+1","Accuracy+1","Cloak And Dagger+1","Blade Dance+1","Cloak And Dagger+1","Transmutation+1","Cloak And Dagger+1","Deflect+1","Blade Dance+1","Parasite","Slice+1","Terror+1","Pain"],"relics":["Ring of the Snake","NeowsBlessing","Vajra","Sundial","Matryoshka","Bloody Idol","Toxic Egg 2","Tiny House","DollysMirror","Blood Vial","Mummified Hand","Potion Belt","Bag of Preparation","The Courier","InkBottle","Whetstone","SacredBark","Kunai","Lizard Tail","Happy Flower","Ancient Tea Set","WarpedTongs","Calipers","Cauldron","Pen Nib"],"acts_visited":["Exordium","TheCity","TheBeyond","TheEnding"],"potions_floor_usage":[16,16,16,24,24,33,39,50,50,50,54,55,55,55,55],"damage_taken":[{"damage":0,"enemies":"Cultist","floor":1,"turns":1},{"damage":0,"enemies":"Gremlin Nob","floor":7,"turns":1},{"damage":0,"enemies":"Jaw Worm","floor":8,"turns":1},{"damage":0,"enemies":"2 Louse","floor":10,"turns":1},{"damage":0,"enemies":"Large Slime","floor":12,"turns":4},{"damage":20,"enemies":"Lagavulin","floor":14,"turns":6},{"damage":36,"enemies":"The Guardian","floor":16,"turns":6},{"damage":38,"enemies":"Shell Parasite","floor":18,"turns":5},{"damage":6,"enemies":"3 Byrds","floor":20,"turns":3},{"damage":15,"enemies":"Book of Stabbing","floor":24,"turns":3},{"damage":0,"enemies":"Cultist and Chosen","floor":25,"turns":3},{"damage":15,"enemies":"Gremlin Leader","floor":28,"turns":5},{"damage":14,"enemies":"Champ","floor":33,"turns":6},{"damage":0,"enemies":"3 Darklings","floor":35,"turns":2},{"damage":0,"enemies":"3 Shapes","floor":38,"turns":2},{"damage":29,"enemies":"Transient","floor":39,"turns":5},{"damage":16,"enemies":"Giant Head","floor":40,"turns":4},{"damage":8,"enemies":"Mind Bloom Boss Battle","floor":41,"turns":4},{"damage":0,"enemies":"Writhing Mass","floor":42,"turns":2},{"damage":0,"enemies":"Spire Growth","floor":44,"turns":2},{"damage":0,"enemies":"Transient","floor":45,"turns":5},{"damage":11,"enemies":"4 Shapes","floor":46,"turns":3},{"damage":5,"enemies":"Nemesis","floor":47,"turns":4},{"damage":27,"enemies":"Awakened One","floor":50,"turns":6},{"damage":9,"enemies":"Shield and Spear","floor":54,"turns":4},{"damage":106,"enemies":"The Heart","floor":55,"turns":6}],"seed_played":"-1561002924318699869","potions_obtained":[{"floor":1,"key":"Explosive Potion"},{"floor":12,"key":"Regen Potion"},{"floor":14,"key":"Fire Potion"},{"floor":16,"key":"LiquidBronze"},{"floor":17,"key":"Ancient Potion"},{"floor":24,"key":"Swift Potion"},{"floor":33,"key":"AttackPotion"},{"floor":40,"key":"Energy Potion"},{"floor":42,"key":"FearPotion"},{"floor":44,"key":"SteroidPotion"},{"floor":53,"key":"LiquidMemories"},{"floor":53,"key":"Fire Potion"},{"floor":53,"key":"Regen Potion"},{"floor":53,"key":"LiquidMemories"},{"floor":53,"key":"SneckoOil"}],"is_trial":false,"path_per_floor":["M","$","$","?","?","R","E","M","T","M","R","M","?","E","R","B",null,"M","?","M","$","?","R","E","M","T","$","E","T","?","T","R","B",null,"M","?","?","M","M","E","?","M","T","M","M","M","E","?","R","B",null,"R","$","E","B",null],"character_chosen":"THE_SILENT","items_purchased":["Blade Dance","DollysMirror","Blood Vial","Cloak And Dagger+1","LiquidMemories","Calipers","Cauldron"],"campfire_rested":4,"item_purchase_floors":[2,21,21,27,27,53,53],"current_hp_per_floor":[70,70,70,67,53,70,70,70,70,70,70,70,70,50,70,46,75,37,37,31,31,56,75,60,62,62,62,49,49,49,49,71,64,75,75,75,75,75,51,42,41,48,53,60,67,63,65,65,65,40,75,75,75,71,32],"gold":80,"neow_bonus":"THREE_ENEMY_KILL","is_daily":false,"chose_seed":false,"campfire_upgraded":2,"win_rate":0.0,"timestamp":1613271384,"path_taken":["M","?","$","?","?","R","E","M","T","M","R","M","?","E","R","BOSS","M","?","?","$","?","R","E","M","T","$","E","?","?","?","R","BOSS","M","?","?","M","M","E","?","M","T","?","M","?","E","?","R","BOSS","R","$","E","BOSS"],"items_purchased_type":["Card","Relic","Relic","Card","Potion","Relic","Relic"],"build_version":"2020-12-22","purchased_purges":0,"victory":true,"max_hp_per_floor":[70,70,70,70,70,70,70,70,70,70,70,70,70,70,70,70,75,75,75,75,75,75,75,75,75,75,75,75,75,75,75,75,75,75,75,75,75,75,75,75,75,75,75,75,75,75,75,75,75,75,75,75,75,75,75],"card_choices":[{"not_picked":["Predator","PiercingWail"],"picked":"Cloak And Dagger","floor":1},{"not_picked":["Setup","Acrobatics","Dash"],"picked":"SKIP","floor":7},{"not_picked":["Slice","Dodge and Roll"],"picked":"Accuracy","floor":8},{"not_picked":["Flechettes","Flying Knee"],"picked":"Cloak And Dagger","floor":10},{"not_picked":["Dagger Throw","Slice"],"picked":"Finisher","floor":12},{"not_picked":["Prepared+1","A Thousand Cuts"],"picked":"Blade Dance+1","floor":14},{"not_picked":["Corpse Explosion+1","Venomology+1"],"picked":"Adrenaline+1","floor":16},{"not_picked":["Choke","Dodge and Roll+1"],"picked":"Outmaneuver+1","floor":17},{"not_picked":["Flying Knee+1","Catalyst+1","Underhanded Strike"],"picked":"SKIP","floor":18},{"not_picked":["Dagger Throw","Slice"],"picked":"Accuracy+1","floor":20},{"not_picked":["Prepared+1","Outmaneuver+1"],"picked":"Cloak And Dagger+1","floor":24},{"not_picked":["Finisher","Bane"],"picked":"Blade Dance+1","floor":25},{"not_picked":["Choke","Underhanded Strike","Bane"],"picked":"SKIP","floor":28},{"not_picked":["PiercingWail+1","Dagger Spray+1","Backflip+1"],"picked":"SKIP","floor":35},{"not_picked":["Jack Of All Trades+1","Mind Blast"],"picked":"Transmutation+1","floor":37},{"not_picked":["Outmaneuver+1","Prepared+1"],"picked":"Cloak And Dagger+1","floor":38},{"not_picked":["Well Laid Plans","Eviscerate+1","Concentrate+1"],"picked":"SKIP","floor":39},{"not_picked":["Concentrate+1","Flying Knee"],"picked":"Deflect+1","floor":40},{"not_picked":["Escape Plan+1","Reflex+1"],"picked":"Blade Dance+1","floor":41},{"not_picked":["Heel Hook","Sucker Punch","Dagger Spray"],"picked":"SKIP","floor":42},{"not_picked":["Dagger Spray+1","Outmaneuver+1"],"picked":"Slice+1","floor":44},{"not_picked":["Blur+1","Slice","Choke+1"],"picked":"SKIP","floor":45},{"not_picked":["All Out Attack","Phantasmal Killer+1"],"picked":"Terror+1","floor":46},{"not_picked":["Slice","Outmaneuver+1","Glass Knife"],"picked":"SKIP","floor":47},{"not_picked":["Underhanded Strike+1","Heel Hook","Bouncing Flask+1"],"picked":"SKIP","floor":54}],"player_experience":83108,"relics_obtained":[{"floor":7,"key":"Sundial"},{"floor":9,"key":"Matryoshka"},{"floor":14,"key":"Toxic Egg 2"},{"floor":24,"key":"Mummified Hand"},{"floor":26,"key":"Potion Belt"},{"floor":26,"key":"Bag of Preparation"},{"floor":28,"key":"The Courier"},{"floor":29,"key":"InkBottle"},{"floor":31,"key":"Whetstone"},{"floor":40,"key":"Kunai"},{"floor":41,"key":"Lizard Tail"},{"floor":43,"key":"Happy Flower"},{"floor":47,"key":"Ancient Tea Set"},{"floor":54,"key":"Pen Nib"}],"event_choices":[{"damage_healed":0,"gold_gain":0,"player_choice":"Success","damage_taken":3,"relics_obtained":["Vajra"],"max_hp_gain":0,"max_hp_loss":0,"event_name":"Scrap Ooze","floor":4,"gold_loss":0},{"damage_healed":0,"gold_gain":0,"player_choice":"Entered Light","damage_taken":14,"max_hp_gain":0,"max_hp_loss":0,"event_name":"Shining Light","floor":5,"gold_loss":0,"cards_upgraded":["Strike_G","Defend_G"]},{"damage_healed":0,"gold_gain":0,"player_choice":"Take Wound","damage_taken":0,"relics_obtained":["Golden Idol"],"max_hp_gain":0,"max_hp_loss":0,"event_name":"Golden Idol","floor":13,"gold_loss":0,"cards_obtained":["Injury"]},{"cards_removed":["Injury"],"damage_healed":0,"gold_gain":0,"player_choice":"Upgrade and Remove","damage_taken":0,"max_hp_gain":0,"max_hp_loss":0,"event_name":"Designer","floor":19,"gold_loss":90,"cards_upgraded":["Defend_G"]},{"damage_healed":25,"gold_gain":0,"player_choice":"Heal","damage_taken":0,"max_hp_gain":0,"max_hp_loss":0,"event_name":"The Library","floor":22,"gold_loss":0},{"damage_healed":0,"gold_gain":0,"player_choice":"Gave Idol","damage_taken":0,"relics_obtained":["Bloody Idol"],"max_hp_gain":0,"max_hp_loss":0,"event_name":"Forgotten Altar","floor":30,"relics_lost":["Golden Idol"],"gold_loss":0},{"cards_removed":["Strike_G"],"damage_healed":0,"gold_gain":0,"player_choice":"Removed Attack","damage_taken":0,"max_hp_gain":0,"max_hp_loss":0,"event_name":"Falling","floor":36,"gold_loss":0},{"damage_healed":0,"gold_gain":0,"player_choice":"Memory 1","damage_taken":0,"max_hp_gain":0,"max_hp_loss":0,"event_name":"SensoryStone","floor":37,"gold_loss":0},{"damage_healed":0,"gold_gain":0,"player_choice":"Fight","damage_taken":0,"max_hp_gain":0,"max_hp_loss":0,"event_name":"MindBloom","floor":41,"gold_loss":0},{"damage_healed":0,"gold_gain":0,"player_choice":"Rummage","damage_taken":0,"relics_obtained":["WarpedTongs"],"max_hp_gain":0,"max_hp_loss":0,"event_name":"Accursed Blacksmith","floor":48,"gold_loss":0,"cards_obtained":["Pain"]}],"is_beta":false,"boss_relics":[{"not_picked":["Runic Dome","Snecko Eye"],"picked":"Tiny House"},{"not_picked":["Empty Cage","Runic Pyramid"],"picked":"SacredBark"}],"items_purged_floors":[],"is_endless":false,"potions_floor_spawned":[1,12,14,16,24,33,40,42,44],"ascension_level":3}}