{"host":"iphsb0ccnjx0pfn6","time":1613289326,"event":{"mods":["2.2 Compatiblity","AchievementEnabler","BaseMod","Colored Map","DeckTracker","Keyboard Shortcuts","Minty Spire (QoL Compilation)","Permanent Neow","Quick Restart","Relic Stats","StSLib","SuperFastMode","Uncapped","everything is the same but u backflip on backflip"],"gold_per_floor":[114,128,128,144,159,159,169,17,66,66,66,79,79,79,79,156,156,173,187,187,187],"floor_reached":20,"language":"KOR","playtime":454,"items_purged":["Strike_G"],"score":332,"play_id":"4d5d434f-7694-4d91-b9a2-27a4729583dc","local_time":"20210214165526","is_ascension_mode":true,"campfire_choices":[{"data":"Blade Dance","floor":6.0,"key":"SMITH"},{"data":"Noxious Fumes","floor":11,"key":"SMITH"},{"data":"Well Laid Plans","floor":15,"key":"SMITH"}],"circlet_count":0,"master_deck":["AscendersBane","Strike_G","Strike_G","Strike_G","Strike_G+1","Defend_G","Defend_G","Defend_G","Defend_G","Defend_G","Survivor","Neutralize+1","Well Laid Plans+1","Blade Dance+1","Finisher+1","Acrobatics","Riddle With Holes","Noxious Fumes+1","Adrenaline","Reflex"],"relics":["Ring of the Snake","Du-Vu Doll","Pen Nib","Eternal Feather","Cursed Key"],"acts_visited":["Exordium","TheCity"],"potions_floor_usage":[7,12,20],"damage_taken":[{"damage":0.0,"enemies":"Small Slimes","floor":1.0,"turns":5.0},{"damage":0.0,"enemies":"2 Louse","floor":2.0,"turns":3.0},{"damage":0.0,"enemies":"Cultist","floor":4.0,"turns":4.0},{"damage":7.0,"enemies":"Exordium Thugs","floor":5.0,"turns":5.0},{"damage":8,"enemies":"Exordium Wildlife","floor":7,"turns":4},{"damage":1,"enemies":"Lots of Slimes","floor":12,"turns":4},{"damage":2,"enemies":"The Guardian","floor":16,"turns":8},{"damage":9,"enemies":"Shell Parasite","floor":18,"turns":3},{"damage":33,"enemies":"Chosen","floor":19,"turns":4},{"damage":14,"enemies":"Snake Plant","floor":20,"turns":4}],"seed_played":"-1395617396994574058","potions_obtained":[{"floor":1.0,"key":"SpeedPotion"},{"floor":7,"key":"Block Potion"},{"floor":16,"key":"Poison Potion"},{"floor":19,"key":"Weak Potion"}],"is_trial":false,"path_per_floor":["M","M","?","M","M","R","M","$","T","?","R","M","$","?","R","B",null,"M","M","M"],"character_chosen":"THE_SILENT","items_purchased":["Noxious Fumes"],"campfire_rested":0,"item_purchase_floors":[8],"current_hp_per_floor":[44,44,24,24,17,17,9,9,9,4,13,12,12,12,21,19,54,45,12,0,0],"gold":187,"neow_bonus":"ONE_RARE_RELIC","is_daily":false,"chose_seed":false,"campfire_upgraded":3,"win_rate":0.0,"timestamp":1613289326,"path_taken":["M","M","?","M","M","R","M","$","T","?","R","M","$","?","R","BOSS","M","M","?"],"items_purchased_type":["Card"],"build_version":"2020-12-22","purchased_purges":1,"victory":false,"max_hp_per_floor":[66,66,66,66,66,66,66,66,66,66,66,66,66,66,66,66,66,66,66,66,66],"relic_stats":{"counters":[10,44],"Eternal Feather":18,"Pen Nib":[4],"Cursed Key":0,"obtain_stats":[{"Du-Vu Doll":0,"Eternal Feather":10,"Pen Nib":9,"Cursed Key":17,"Ring of the Snake":0},{"Du-Vu Doll":0,"Eternal Feather":5,"Pen Nib":5,"Cursed Key":7,"Ring of the Snake":0},{"Du-Vu Doll":0,"Eternal Feather":21,"Pen Nib":21,"Cursed Key":33,"Ring of the Snake":0}],"Ring of the Snake":[20]},"card_choices":[{"not_picked":["Flying Knee","Prepared"],"picked":"Well Laid Plans","floor":1.0},{"not_picked":["Calculated Gamble","Cloak And Dagger"],"picked":"Blade Dance","floor":2.0},{"not_picked":["Quick Slash","Cloak And Dagger"],"picked":"Finisher","floor":4.0},{"not_picked":["PiercingWail","Flying Knee"],"picked":"Acrobatics","floor":5.0},{"not_picked":["Acrobatics","Sucker Punch"],"picked":"Riddle With Holes","floor":7},{"not_picked":["Sucker Punch","Flying Knee","Quick Slash"],"picked":"SKIP","floor":12},{"not_picked":["Unload","Die Die Die"],"picked":"Adrenaline","floor":16},{"not_picked":["Outmaneuver","Deflect"],"picked":"Reflex","floor":18},{"not_picked":["Cloak And Dagger","Flying Knee","Distraction"],"picked":"SKIP","floor":19}],"player_experience":1311835,"relics_obtained":[{"floor":9,"key":"Pen Nib"}],"event_choices":[{"damage_healed":0.0,"max_hp_gain":0.0,"max_hp_loss":0.0,"gold_gain":0.0,"event_name":"Shining Light","player_choice":"Entered Light","floor":3.0,"gold_loss":0.0,"damage_taken":20.0,"cards_upgraded":["Strike_G","Neutralize"]},{"damage_healed":0,"gold_gain":0,"player_choice":"Success","damage_taken":5,"relics_obtained":["Eternal Feather"],"max_hp_gain":0,"max_hp_loss":0,"event_name":"Scrap Ooze","floor":10,"gold_loss":0},{"damage_healed":0,"gold_gain":0,"player_choice":"Upgraded","damage_taken":0,"max_hp_gain":0,"max_hp_loss":0,"event_name":"Upgrade Shrine","floor":14,"gold_loss":0,"cards_upgraded":["Finisher"]}],"is_beta":false,"boss_relics":[{"not_picked":["Calling Bell","Runic Pyramid"],"picked":"Cursed Key"}],"items_purged_floors":[8],"is_endless":false,"potions_floor_spawned":[1,7,16,19],"killed_by":"Snake Plant","ascension_level":20}}