{"host":"ekyl8r8j8fco3zlk","time":1613295216,"event":{"mods":["Act Like it!","Arknights","BaseMod","CapriCore","Decade(王小明)","Dota2Spire","Friendly Minions","Gensokyo","Marisa（F雨　魔理沙）","Minty Spire (QoL Compilation)","READ ME - Guardian Mod","Rare Cards Sparkle","Reimu（博丽灵梦）","StSLib","The Alterego","The Immortal","The Jungle","The Senshi","TheWitcher","Waifu the Spire","WarShipGirlsR/战舰少女R mod","Yakumo Yukari mod","【遗物卡牌】REMEMod"],"gold_per_floor":[115,133,133,147,164,164,180,205,276,276,276,32,50,50,50,145,145,164,184,199,212,61,95,95,95,95,120,120,132,159,159,159,257,257,257],"floor_reached":34,"language":"ZHS","playtime":1445,"items_purged":[],"score":437,"play_id":"1dafd7f3-21f6-46ba-87a1-75e868f62a52","local_time":"20210214173336","is_ascension_mode":false,"campfire_choices":[{"data":"alterego_mod:Punishment","floor":6,"key":"SMITH"},{"data":"alterego_mod:Impale","floor":11,"key":"SMITH"},{"data":"alterego_mod:SuperDuperMasochism","floor":15,"key":"SMITH"},{"data":"alterego_mod:Venus","floor":24,"key":"SMITH"},{"data":"alterego_mod:Vow","floor":32,"key":"SMITH"}],"circlet_count":0,"master_deck":["alterego_mod:Strike","alterego_mod:Strike","alterego_mod:Strike","alterego_mod:Strike","alterego_mod:Defend","alterego_mod:Defend","alterego_mod:Defend","alterego_mod:Defend","alterego_mod:Impale+1","alterego_mod:BigMeatyClaws","alterego_mod:BrynhildrsRune","Swift Strike","REME_CRH","alterego_mod:BiFurious","alterego_mod:Bounce","alterego_mod:Punishment+1","alterego_mod:Support","alterego_mod:Smother","alterego_mod:SakuraPetals","alterego_mod:BusterCard","alterego_mod:SuperDuperMasochism+1","alterego_mod:Birthday","alterego_mod:Venus+1","alterego_mod:TrashNCrash+1","alterego_mod:Santa+1","alterego_mod:DeftHands+1","alterego_mod:HighServant+1","alterego_mod:Vow+1","alterego_mod:Valentines+1","alterego_mod:Lift"],"relics":["alterego_mod:MasochisticConstitution","REME_ComplimentaryCards","Dota2Spire:EchoSabre","SnafuTest:BearRelic","Dota2Spire:AghanimScepter","REME_DuelDisc","alterego_mod:SistersRibbon","Gambling Chip","Dota2Spire:ShadowBlade","Blood Vial","Nunchaku","Black Star"],"acts_visited":["Exordium","TheCity"],"potions_floor_usage":[8,27,30,33],"damage_taken":[{"damage":2,"enemies":"Small Slimes","floor":1,"turns":4},{"damage":13,"enemies":"Jaw Worm","floor":2,"turns":3},{"damage":6,"enemies":"2 Louse","floor":4,"turns":3},{"damage":8,"enemies":"Exordium Wildlife","floor":5,"turns":4},{"damage":14,"enemies":"2 Fungi Beasts","floor":7,"turns":3},{"damage":41,"enemies":"3 Sentries","floor":8,"turns":7},{"damage":12,"enemies":"3 Louse","floor":13,"turns":2},{"damage":15,"enemies":"Slime Boss","floor":16,"turns":10},{"damage":10,"enemies":"Chosen","floor":18,"turns":3},{"damage":7,"enemies":"Shell Parasite","floor":19,"turns":2},{"damage":13,"enemies":"Centurion and Healer","floor":20,"turns":5},{"damage":22,"enemies":"Sentry and Sphere","floor":21,"turns":4},{"damage":6,"enemies":"Gremlin Leader","floor":23,"turns":6},{"damage":32,"enemies":"Slavers","floor":27,"turns":3},{"damage":18,"enemies":"Snake Plant","floor":29,"turns":3},{"damage":0,"enemies":"Gremlin Leader","floor":30,"turns":1},{"damage":21,"enemies":"Automaton","floor":33,"turns":6}],"seed_played":"2744980835509295108","potions_obtained":[{"floor":1,"key":"LiquidBronze"},{"floor":4,"key":"Strength Potion"},{"floor":5,"key":"AttackPotion"},{"floor":16,"key":"Regen Potion"},{"floor":29,"key":"Dota2Spire:Clarity"},{"floor":33,"key":"SteroidPotion"}],"is_trial":false,"path_per_floor":["M","M","?","M","M","R","M","E","T","?","R","$","M","?","R","B",null,"M","M","M","M","$","E","R","?","T","E","?","M","E","?","R","B",null],"character_chosen":"The_Alterego","items_purchased":["Dota2Spire:AghanimScepter","alterego_mod:SistersRibbon"],"campfire_rested":0,"item_purchase_floors":[12,22],"current_hp_per_floor":[71,66,66,73,73,73,60,36,36,36,36,36,25,50,50,72,78,69,72,67,55,55,66,66,66,66,35,35,22,24,24,24,12,12,12],"gold":257,"neow_bonus":"RANDOM_COLORLESS","is_daily":false,"chose_seed":false,"campfire_upgraded":5,"win_rate":0.0,"timestamp":1613295216,"path_taken":["M","M","?","M","M","R","M","E","T","?","R","$","M","?","R","BOSS","M","M","M","M","$","E","R","?","T","E","?","M","E","?","R","BOSS"],"items_purchased_type":["Relic","Relic"],"build_version":"2020-12-22","purchased_purges":0,"victory":false,"max_hp_per_floor":[71,72,72,73,74,74,75,76,76,76,76,76,77,77,77,78,78,79,80,81,82,82,83,83,79,79,80,80,81,81,81,81,82,82,82],"card_choices":[{"not_picked":["Mind Blast","Purity"],"picked":"Swift Strike","floor":0},{"not_picked":["alterego_mod:Stockings","alterego_mod:Collar"],"picked":"alterego_mod:BiFurious","floor":1},{"not_picked":["alterego_mod:Cooking","alterego_mod:TrashNCrash"],"picked":"alterego_mod:Bounce","floor":2},{"not_picked":["alterego_mod:RocketPunch","alterego_mod:GachaTicket"],"picked":"alterego_mod:BusterCard","floor":4},{"not_picked":["alterego_mod:Rip","alterego_mod:Clones"],"picked":"alterego_mod:SuperDuperMasochism","floor":5},{"not_picked":["alterego_mod:Maid","alterego_mod:PerceptionDisorder"],"picked":"alterego_mod:Birthday","floor":7},{"not_picked":["alterego_mod:InsideBaseball","alterego_mod:RidiculouslyBig","alterego_mod:PerceptionDisorder"],"picked":"SKIP","floor":8},{"not_picked":["alterego_mod:SakuraLabyrinth","alterego_mod:Lingerie","alterego_mod:Santa"],"picked":"SKIP","floor":13},{"not_picked":["alterego_mod:InsideBaseball","alterego_mod:Antipathy"],"picked":"alterego_mod:Venus","floor":16},{"not_picked":["alterego_mod:Birthday","alterego_mod:BeGentle"],"picked":"alterego_mod:TrashNCrash+1","floor":18},{"not_picked":["alterego_mod:Cycle","alterego_mod:Pet","alterego_mod:Birthday"],"picked":"SKIP","floor":19},{"not_picked":["alterego_mod:Clones","alterego_mod:PerceptionDisorder"],"picked":"alterego_mod:Santa+1","floor":20},{"not_picked":["alterego_mod:SakuraLabyrinth","alterego_mod:Skirt","alterego_mod:HighServant"],"picked":"SKIP","floor":21},{"not_picked":["alterego_mod:InsideBaseball","alterego_mod:TrickOrTreatment"],"picked":"alterego_mod:DeftHands+1","floor":23},{"not_picked":["alterego_mod:Complex","alterego_mod:Maid"],"picked":"alterego_mod:HighServant+1","floor":27},{"not_picked":[],"picked":"alterego_mod:Vow","floor":28},{"not_picked":["alterego_mod:TrashNCrash","alterego_mod:DiscoLights","alterego_mod:Skirt"],"picked":"SKIP","floor":29},{"not_picked":["alterego_mod:BiFurious","alterego_mod:Rip"],"picked":"alterego_mod:Valentines","floor":30},{"not_picked":["alterego_mod:AlterEgo","alterego_mod:Valkyrie"],"picked":"alterego_mod:Lift","floor":33}],"player_experience":618770,"relics_obtained":[{"floor":8,"key":"Dota2Spire:EchoSabre"},{"floor":9,"key":"SnafuTest:BearRelic"},{"floor":23,"key":"Gambling Chip"},{"floor":26,"key":"Dota2Spire:ShadowBlade"},{"floor":27,"key":"Blood Vial"},{"floor":30,"key":"Nunchaku"}],"event_choices":[{"damage_healed":0,"gold_gain":0,"player_choice":"Grow","damage_taken":0,"max_hp_gain":0,"max_hp_loss":0,"event_name":"Living Wall","floor":10,"gold_loss":0,"cards_upgraded":["alterego_mod:BoobPocket"]},{"damage_healed":25,"gold_gain":0,"player_choice":"Banana","damage_taken":0,"max_hp_gain":0,"max_hp_loss":0,"event_name":"Big Fish","floor":14,"gold_loss":0},{"damage_healed":0,"gold_gain":0,"player_choice":"Forge","damage_taken":0,"max_hp_gain":0,"max_hp_loss":0,"event_name":"Accursed Blacksmith","floor":31,"gold_loss":0,"cards_upgraded":["alterego_mod:Valentines"]}],"is_beta":false,"boss_relics":[{"not_picked":["Busted Crown","Tiny House"],"picked":"REME_DuelDisc"},{"not_picked":["Astrolabe","Philosopher\u0027s Stone"],"picked":"Black Star"}],"items_purged_floors":[],"is_endless":false,"potions_floor_spawned":[1,4,5,7,16,18,20,29,33],"ascension_level":0}}