{"host":"l4jj3li0klahglqo","time":1613272147,"event":{"mods":["BaseMod","Conspire","Hubris","Infinite Spire","Minty Spire (QoL Compilation)","Quick Restart","Replay The Spire","Shop Mod","StSLib","The Animator"],"gold_per_floor":[359,20,30,30,205,231,231,263,263,291,291,311,129,24,24,125,125,140,140,15,15,15,15,49,49,49,76,90,103,103,103,103,198,198,214,214,123,173,9,34,62,62,85,101,130,130,157,239,239,239,239,239,579,629,684,684,684,556,631,711,803,321,416,416,416,473,588,588,588,588],"floor_reached":69,"language":"ENG","playtime":6135,"items_purged":["Doubt","Defend_R","Spreading Infection"],"score":1728,"play_id":"5e4036eb-b0ce-45a1-a08e-5d60cae4a356","local_time":"20210213210907","is_ascension_mode":true,"campfire_choices":[{"floor":7.0,"key":"REST"},{"data":"Armaments","floor":11.0,"key":"SMITH"},{"data":"Spot Weakness","floor":15.0,"key":"SMITH"},{"floor":23.0,"key":"RECALL"},{"floor":32.0,"key":"REST"},{"floor":42.0,"key":"REST"},{"floor":49.0,"key":"REST"},{"floor":52.0,"key":"REST"},{"data":"Master of Strategy","floor":68,"key":"SMITH"}],"circlet_count":0,"master_deck":["Bash+1","Pummel+1","Flex+1","Sword Boomerang+1","animator:HigakiRinne+1","animator:HigakiRinne+1","Shockwave+1","Bludgeon","Spot Weakness+1","Havoc","Armaments+1","Flex+1","Spot Weakness+1","Shrug It Off","Heavy Blade+1","Heavy Blade+1","Perfected Strike+1","Magnetism","Dark Shackles+1","Hemogenesis+1","Dark Embrace","Reaper+1","Armaments+1","Battle Trance+1","True Grit+1","Infernal Blade+1","Evolve+1","Inflame+1","Feed","Replay:BasicMightCard+1","Replay:BasicMightCard+1","Dropkick+1","Inflame+1","Defragment+1","Footwork+1","Seeing Red+1","Bandage Up+1","Iron Wave+1","Sword Boomerang+1","Heavy Blade+1","Corruption+1","Seeing Red+1","Midas Touch+1","Midas Touch+1","Clash+1","animator:HigakiRinne+1","Demon Form+1","Armaments+1","Armaments+1","Double Tap+1","Machine Learning+1","Feel No Pain","Havoc","Replay:Undeath\u0027s Touch+1","animator:HigakiRinne","ReplayTheSpireMod:Strike From Hell+1","Clash+1","Inflame","Inflame+1","Whirlwind+1","Bludgeon","True Grit+1","Power Through+1","Enlightenment+1","Master of Strategy+1","Juggernaut+1","Seeing Red+1","Flex+1","Demonic Infusion+1","Clash+1","Armaments+1","Run Through+1","Eclipse+1","Headbutt+1","Feel No Pain+1","ReplayTheSpireMod:Uncanny Aura+1","Thinking Ahead+1","Feed","ReplayTheSpireMod:LeadingStrike+1","Sword Boomerang","Havoc","Warcry","Dark Embrace+1","Swift Strike","Violence","Flex+1"],"relics":["animator:TheEgnaroPiece","Burning Blood","animator:AncientMedallion"],"acts_visited":["Exordium","TheCity","TheBeyond","TheEnding","EYB:TheUnnamedReign"],"potions_floor_usage":[66,67,67,67,69],"damage_taken":[{"damage":2.0,"enemies":"conspire:RoseBush","floor":1.0,"turns":4.0},{"damage":7.0,"enemies":"Jaw Worm","floor":3.0,"turns":2.0},{"damage":26.0,"enemies":"Replay:BlueRogue","floor":6.0,"turns":4.0},{"damage":13.0,"enemies":"Gremlin Nob","floor":8.0,"turns":3.0},{"damage":0.0,"enemies":"Replay:BlueRogue","floor":10.0,"turns":2.0},{"damage":0.0,"enemies":"Cultist","floor":12.0,"turns":3.0},{"damage":14.0,"enemies":"The Guardian","floor":16.0,"turns":4.0},{"damage":16.0,"enemies":"Shell Parasite","floor":18.0,"turns":2.0},{"damage":20.0,"enemies":"Book of Stabbing","floor":24.0,"turns":2.0},{"damage":10.0,"enemies":"Nightmare","floor":27.0,"turns":4.0},{"damage":0.0,"enemies":"Chosen","floor":28.0,"turns":1.0},{"damage":0.0,"enemies":"Snake Plant","floor":29.0,"turns":2.0},{"damage":7.0,"enemies":"hubris:MusketHawk","floor":33.0,"turns":4.0},{"damage":48.0,"enemies":"3 Darklings","floor":35.0,"turns":4.0},{"damage":0.0,"enemies":"Mind Bloom Boss Battle","floor":38.0,"turns":1.0},{"damage":55.0,"enemies":"Nightmare","floor":40.0,"turns":5.0},{"damage":22.0,"enemies":"Nemesis","floor":41.0,"turns":5.0},{"damage":0.0,"enemies":"Orb Walker","floor":44.0,"turns":1.0},{"damage":3.0,"enemies":"Giant Head","floor":45.0,"turns":5.0},{"damage":19.0,"enemies":"R_Hoarder","floor":47.0,"turns":5.0},{"damage":69.0,"enemies":"Donu and Deca","floor":50.0,"turns":5.0},{"damage":0.0,"enemies":"animator:UNNAMED_HAT","floor":54.0,"turns":11.0},{"damage":0.0,"enemies":"animator:UNNAMED_CULTIST_1","floor":55.0,"turns":9.0},{"damage":9.0,"enemies":"hubris:Merchant","floor":58.0,"turns":5.0},{"damage":0.0,"enemies":"animator:TRIPLE_LAGAVULIN","floor":59.0,"turns":7.0},{"damage":102.0,"enemies":"animator:UNNAMED_CULTIST_2","floor":60.0,"turns":12.0},{"damage":19.0,"enemies":"hubris:Merchant","floor":62.0,"turns":4.0},{"damage":45.0,"enemies":"animator:ULTIMATE_CRYSTAL","floor":63.0,"turns":9.0},{"damage":35,"enemies":"hubris:Merchant","floor":66,"turns":7},{"damage":34,"enemies":"animator:ULTIMATE_CUBE","floor":67,"turns":5},{"damage":123,"enemies":"animator:TheUnnamed","floor":69,"turns":5}],"seed_played":"1121808305487487234","potions_obtained":[{"floor":6.0,"key":"SkillPotion"},{"floor":10.0,"key":"ElixirPotion"},{"floor":16.0,"key":"Venom Potion"},{"floor":18.0,"key":"BlessingOfTheForge"},{"floor":28.0,"key":"AttackPotion"},{"floor":29.0,"key":"LiquidMemories"},{"floor":41.0,"key":"Energy Potion"},{"floor":54.0,"key":"animator:FalseLifePotion"},{"floor":55.0,"key":"animator:FalseLifePotion"},{"floor":58.0,"key":"animator:FalseLifePotion"},{"floor":58.0,"key":"animator:FalseLifePotion"},{"floor":58.0,"key":"animator:FalseLifePotion"},{"floor":59.0,"key":"animator:FalseLifePotion"},{"floor":60.0,"key":"animator:FalseLifePotion"},{"floor":62.0,"key":"animator:FalseLifePotion"},{"floor":62.0,"key":"animator:FalseLifePotion"},{"floor":62.0,"key":"animator:FalseLifePotion"},{"floor":63.0,"key":"animator:FalseLifePotion"},{"floor":66,"key":"animator:FalseLifePotion"},{"floor":66,"key":"animator:FalseLifePotion"},{"floor":66,"key":"animator:FalseLifePotion"},{"floor":67,"key":"animator:FalseLifePotion"}],"is_trial":false,"path_per_floor":["M","$","M","?","?","E","R","E","T","E","R","M","$","$","R","B",null,"M","?","$","AVR","?","R","E","?","T","NM","M","M","$","?","R","B",null,"M","?","$","?","$","NM","E","R","T","M","E","?","E","T","R","B",null,"R","??","M","M","T","?","$","M","M","?","$","E","T","?","$","E","R","B"],"character_chosen":"IRONCLAD","items_purchased":["Membership Card","hubris:SphereOfDissonance","Flex","Sword Boomerang","hubris:ReadiedAction","Blue Doll","Brimstone","BargainBundle","Spot Weakness","Shrug It Off+1","Heavy Blade","Perfected Strike","Magnetism","Dark Shackles","FearPotion","Energy Potion","Feed+1","Replay:BasicMightCard","Dropkick","Midas Touch","Clash+1","infinitespire:OneForAll","Armaments","Bag of Marbles","hubris:EmptyBottle","Inflame","animator:AncientMedallion","animator:AncientMedallion","animator:AncientMedallion","animator:AncientMedallion","Armaments","animator:AncientMedallion"],"campfire_rested":5,"item_purchase_floors":[2,2,2,2,2,13,13,14,14,14,14,14,14,14,14,14,20,20,20,37,37,37,39,39,39,58,58,62,62,62,62,66],"current_hp_per_floor":[72,72,71,53,53,33,54,47,47,53,53,59,59,59,59,51,67,57,57,57,57,57,57,43,43,43,48,54,60,60,44,65,64,70,72,72,72,72,72,44,28,49,49,55,72,72,59,69,82,33,73,86,98,98,98,98,98,95,98,31,7,28,26,26,26,37,57,57,0,0],"gold":588,"neow_bonus":"TWO_FIFTY_GOLD","is_daily":false,"chose_seed":false,"campfire_upgraded":3,"win_rate":0.0,"timestamp":1613272147,"path_taken":["M","$","M","?","?","E","R","E","T","E","R","M","?","$","R","BOSS","M","?","?","AVR","?","R","E","?","T","NM","?","M","$","?","R","BOSS","M","?","$","?","$","NM","E","R","T","M","E","?","E","?","R","BOSS","R","??","M","M","T","?","$","M","M","?","$","E","T","?","$","E","R","BOSS"],"items_purchased_type":["Relic","Relic","Card","Card","Card","Relic","Relic","Relic","Card","Card","Card","Card","Card","Card","Potion","Potion","Card","Card","Card","Card","Card","Card","Card","Relic","Relic","Card","Relic","Relic","Relic","Relic","Card","Relic"],"build_version":"2020-12-22","purchased_purges":3,"victory":false,"max_hp_per_floor":[72,72,72,72,72,72,72,72,72,72,72,72,72,72,72,72,72,72,72,72,72,72,72,72,72,72,72,72,72,72,72,72,72,72,72,72,72,72,72,72,72,72,72,72,72,72,72,82,82,86,86,86,98,98,98,98,98,98,98,98,98,98,101,101,101,101,101,101,101,101],"card_choices":[{"not_picked":["Wild Strike","Clothesline"],"picked":"Pummel","floor":1.0},{"not_picked":["Heavy Blade","Defy Death"],"picked":"Shockwave","floor":3.0},{"not_picked":["ReplayTheSpireMod:??????????????????????","infinitespire:Collect"],"picked":"infinitespire:DeathsTouch","floor":4.0},{"not_picked":["Perfected Strike","Second Wind"],"picked":"Spot Weakness","floor":6.0},{"not_picked":["Rupture","Power Through"],"picked":"Havoc","floor":8.0},{"not_picked":["Offering","Fire Breathing","Ghostly Armor"],"picked":"Armaments","floor":10.0},{"not_picked":["True Grit","Evolve","Havoc"],"picked":"Flex","floor":12.0},{"not_picked":["Eclipse","conspire:HitWhereItHurts","Limit Break"],"picked":"Hemogenesis","floor":16.0},{"not_picked":["Warcry","ReplayTheSpireMod:Strike From Hell","Clash"],"picked":"Inflame","floor":18.0},{"not_picked":["Flame Barrier","Clothesline+1","hubris:ReadiedAction"],"picked":"Replay:Undeath\u0027s Touch","floor":24.0},{"not_picked":["Abandon","Rampage","ReplayTheSpireMod:Strike From Hell+1"],"picked":"Iron Wave","floor":27.0},{"not_picked":["Burning Pact+1","True Grit","Clothesline"],"picked":"Sword Boomerang+1","floor":28.0},{"not_picked":["Body Slam","Abandon+1","Warcry"],"picked":"Heavy Blade","floor":29.0},{"not_picked":["Berserk","Hemogenesis","Demonic Infusion"],"picked":"Corruption","floor":33.0},{"not_picked":["Pommel Strike+1","Sword Boomerang","hubris:CleavingFinish"],"picked":"Seeing Red+1","floor":35.0},{"not_picked":["Whirlwind","True Grit","Havoc+1"],"picked":"Demon Form","floor":38.0},{"not_picked":["ReplayTheSpireMod:Stacked","Body Slam","ReplayTheSpireMod:Strike From Hell+1"],"picked":"Double Tap","floor":40.0},{"not_picked":["infinitespire:Fortify","infinitespire:Starlight"],"picked":"infinitespire:NeuralNetwork","floor":40.0},{"not_picked":["Sever Soul+1","Havoc+1","Clothesline+1"],"picked":"Feel No Pain+1","floor":41.0},{"not_picked":["Clothesline+1","hubris:SharpeningStone+1","Uppercut"],"picked":"Havoc","floor":44.0},{"not_picked":["Headbutt","Abandon+1","Dark Embrace"],"picked":"Replay:Undeath\u0027s Touch","floor":45.0},{"not_picked":["conspire:ExplosiveBarrier","Ghostly Armor+1","Shrug It Off+1"],"picked":"infinitespire:OneForAll+1","floor":47.0},{"not_picked":["True Grit","Massacre"],"picked":"ReplayTheSpireMod:Strike From Hell+1","floor":54.0},{"not_picked":["Perfected Strike","Entrench+1"],"picked":"Clash","floor":55.0},{"not_picked":[],"picked":"Whirlwind","floor":58.0},{"not_picked":[],"picked":"Bludgeon","floor":58.0},{"not_picked":[],"picked":"True Grit","floor":58.0},{"not_picked":[],"picked":"Power Through","floor":58.0},{"not_picked":[],"picked":"Enlightenment","floor":58.0},{"not_picked":[],"picked":"Master of Strategy","floor":58.0},{"not_picked":["Carnage","Clash"],"picked":"Juggernaut","floor":59.0},{"not_picked":["Anger","Havoc"],"picked":"Seeing Red+1","floor":60.0},{"not_picked":["Shrug It Off","Thunderclap"],"picked":"Flex+1","floor":61.0},{"not_picked":["Run Through","Shrug It Off"],"picked":"Demonic Infusion","floor":61.0},{"not_picked":["Sentinel+1","Twin Strike+1"],"picked":"Clash","floor":61.0},{"not_picked":[],"picked":"Run Through","floor":62.0},{"not_picked":[],"picked":"Eclipse","floor":62.0},{"not_picked":[],"picked":"Headbutt","floor":62.0},{"not_picked":[],"picked":"Feel No Pain","floor":62.0},{"not_picked":[],"picked":"ReplayTheSpireMod:Uncanny Aura","floor":62.0},{"not_picked":[],"picked":"Thinking Ahead","floor":62.0},{"not_picked":["Clothesline","Shrug It Off+1"],"picked":"Feed","floor":63.0},{"not_picked":[],"picked":"ReplayTheSpireMod:LeadingStrike","floor":66},{"not_picked":[],"picked":"Sword Boomerang","floor":66},{"not_picked":[],"picked":"Havoc","floor":66},{"not_picked":[],"picked":"Warcry","floor":66},{"not_picked":[],"picked":"Dark Embrace+1","floor":66},{"not_picked":[],"picked":"Swift Strike","floor":66},{"not_picked":[],"picked":"Violence","floor":66},{"not_picked":["Ghostly Armor","True Grit"],"picked":"Flex+1","floor":67}],"player_experience":1191651,"relics_obtained":[{"floor":6.0,"key":"infinitespire:Lucky Rock"},{"floor":8.0,"key":"Red Skull"},{"floor":9.0,"key":"Question Card"},{"floor":10.0,"key":"Akabeko"},{"floor":24.0,"key":"War Paint"},{"floor":26.0,"key":"Garlic"},{"floor":27.0,"key":"Replay:Mystery Machine"},{"floor":31.0,"key":"Enchiridion"},{"floor":38.0,"key":"Unceasing Top"},{"floor":40.0,"key":"Orichalcum"},{"floor":41.0,"key":"ReplayTheSpireMod:TigerMarble"},{"floor":45.0,"key":"TungstenRod"},{"floor":47.0,"key":"hubris:Zylophone"},{"floor":48.0,"key":"Pear"},{"floor":53.0,"key":"animator:TheEgnaroPiece"},{"floor":56.0,"key":"animator:AncientMedallion"},{"floor":57.0,"key":"ReplayTheSpireMod:Ring of Challenge"},{"floor":57.0,"key":"Ring of Searing"},{"floor":58.0,"key":"animator:AncientMedallion"},{"floor":58.0,"key":"animator:AncientMedallion"},{"floor":63.0,"key":"animator:AncientMedallion"},{"floor":64.0,"key":"animator:AncientMedallion"},{"floor":66,"key":"animator:AncientMedallion"},{"floor":66,"key":"animator:AncientMedallion"},{"floor":67,"key":"animator:AncientMedallion"}],"event_choices":[{"damage_healed":0.0,"max_hp_gain":0.0,"max_hp_loss":0.0,"gold_gain":175.0,"event_name":"Liars Game","player_choice":"AGREE","floor":5.0,"gold_loss":0.0,"damage_taken":0.0,"cards_obtained":["Doubt"]},{"cards_removed":["Bloodletting"],"damage_healed":0.0,"max_hp_gain":0.0,"max_hp_loss":0.0,"gold_gain":0.0,"event_name":"Purifier","player_choice":"Purged","floor":19.0,"gold_loss":0.0,"damage_taken":0.0},{"damage_healed":0.0,"max_hp_gain":0.0,"max_hp_loss":0.0,"gold_gain":0.0,"event_name":"The Mausoleum","player_choice":"Opened","floor":22.0,"gold_loss":0.0,"damage_taken":0.0,"relics_obtained":["infinitespire:PuzzleCube"]},{"damage_healed":0.0,"max_hp_gain":0.0,"max_hp_loss":0.0,"gold_gain":0.0,"event_name":"Cursed Tome","player_choice":"Obtained Book","floor":31.0,"gold_loss":0.0,"damage_taken":16.0},{"damage_healed":0.0,"max_hp_gain":0.0,"max_hp_loss":0.0,"gold_gain":0.0,"event_name":"MindBloom","player_choice":"Fight","floor":38.0,"gold_loss":0.0,"damage_taken":0.0},{"cards_removed":["Replay:Undeath\u0027s Touch"],"damage_healed":0.0,"max_hp_gain":0.0,"max_hp_loss":0.0,"gold_gain":0.0,"event_name":"Falling","player_choice":"Removed Attack","floor":46.0,"gold_loss":0.0,"damage_taken":0.0},{"damage_healed":0.0,"max_hp_gain":0.0,"max_hp_loss":0.0,"gold_gain":0.0,"event_name":"conspire:Investor","player_choice":"Leave","floor":65.0,"gold_loss":0.0,"damage_taken":0.0}],"is_beta":false,"boss_relics":[{"not_picked":["Cursed Key","Runic Dome"],"picked":"Pandora\u0027s Box"},{"not_picked":["Replay:Bronze Core","Tiny House"],"picked":"conspire:SpecialSausage"}],"items_purged_floors":[13,14,58],"is_endless":false,"potions_floor_spawned":[6,10,16,18,28,29,41,59,60,63,67],"killed_by":"animator:TheUnnamed","ascension_level":9}}