{"host":"mgjbkrm6zb65cm01","time":1613311185,"event":{"mods":["ATMod(°¢èªMod)","BaseMod","Conspire","Good Game Mod","Minty Spire (QoL Compilation)","Quick Restart","Relic Stats","Spicy Shops","StSLib","UnlockEverythingMod","noobMod"],"gold_per_floor":[117,117,133,133,183,213,65,80,154,165,181,206,225,256,256,357,357,374,374,384,384,395,395,395,395,422,422,432,446,465,20,20,124,124,144,159,177,2,18,18,35,47,47,78,78,78,127,167,179,191,203,215,27,52,52],"floor_reached":56,"language":"ZHS","playtime":2612,"items_purged":["Regret","Strike_R","conspire:Purge"],"score":1381,"play_id":"e980cec5-4139-48b1-9400-0dc6fc6ac5e2","local_time":"20210214215945","is_ascension_mode":false,"campfire_choices":[{"data":"Searing Blow","floor":15.0,"key":"SMITH"},{"data":"AT_LightSaberMaster","floor":23.0,"key":"SMITH"},{"floor":25.0,"key":"RECALL"},{"data":"Searing Blow+1","floor":27.0,"key":"SMITH"},{"data":"Searing Blow+2","floor":32.0,"key":"SMITH"},{"data":"Searing Blow+3","floor":40.0,"key":"SMITH"},{"data":"Searing Blow+4","floor":45.0,"key":"SMITH"},{"data":"Searing Blow+5","floor":49.0,"key":"SMITH"},{"data":"Searing Blow+6","floor":52,"key":"SMITH"}],"circlet_count":0,"master_deck":["Strike_R","Strike_R","Defend_R","Defend_R+1","Bash","AT_LightSaberMaster+1","Armaments+1","Searing Blow+7","Metallicize","Cleave","AT_IchimonjiDouble","Thunderclap","Flex","Armaments","AT_Dispersion","Pommel Strike","conspire:Charge","Immolate","Blood for Blood","AT_IchimonjiDouble+1","Flex","Battle Trance","Rupture","Combust+1","Dual Wield+1","Hemokinesis+1","AT_IchimonjiDouble+1","Double Tap","AT_ShrugMaster","Bloodletting"],"relics":["Burning Blood","REME:ComplimentaryCards","ice","AT_ATBox","NeowsBlessing","AT_ChloranthyRing","Akabeko","Potion Belt","conspire:BottledYoYo","Gambling Chip","Regal Pillow","Mark of Pain","NlothsMask","Toy Ornithopter","Ancient Tea Set","SacredBark","Membership Card","Mummified Hand","conspire:TopHat","MawBank","Oddly Smooth Stone","War Paint"],"acts_visited":["Exordium","TheCity","TheBeyond","TheEnding"],"potions_floor_usage":[50,50],"damage_taken":[{"damage":0.0,"enemies":"Jaw Worm","floor":1.0,"turns":1.0},{"damage":0.0,"enemies":"Cultist","floor":3.0,"turns":1.0},{"damage":0.0,"enemies":"Gremlin Nob","floor":6.0,"turns":1.0},{"damage":5.0,"enemies":"Small Slimes","floor":8.0,"turns":2.0},{"damage":0.0,"enemies":"Exordium Wildlife","floor":10.0,"turns":2.0},{"damage":4.0,"enemies":"Blue Slaver","floor":11.0,"turns":3.0},{"damage":34.0,"enemies":"Lagavulin","floor":12.0,"turns":6.0},{"damage":10.0,"enemies":"Looter","floor":13.0,"turns":2.0},{"damage":10.0,"enemies":"Gremlin Nob","floor":14.0,"turns":5.0},{"damage":0.0,"enemies":"Slime Boss","floor":16.0,"turns":7.0},{"damage":12.0,"enemies":"3 Byrds","floor":18.0,"turns":4.0},{"damage":23.0,"enemies":"Shell Parasite","floor":20.0,"turns":4.0},{"damage":0.0,"enemies":"3 Cultists","floor":22.0,"turns":2.0},{"damage":9.0,"enemies":"Centurion and Healer","floor":28.0,"turns":3.0},{"damage":10.0,"enemies":"Chosen and Byrds","floor":29.0,"turns":4.0},{"damage":6.0,"enemies":"3 Cultists","floor":30.0,"turns":3.0},{"damage":13.0,"enemies":"conspire:MysteriousRune","floor":33.0,"turns":8.0},{"damage":0.0,"enemies":"3 Shapes","floor":35.0,"turns":2.0},{"damage":15.0,"enemies":"Orb Walker","floor":36.0,"turns":2.0},{"damage":35.0,"enemies":"Sphere and 2 Shapes","floor":37.0,"turns":4.0},{"damage":8.0,"enemies":"Maw","floor":39.0,"turns":6.0},{"damage":47.0,"enemies":"Spire Growth","floor":41.0,"turns":5.0},{"damage":42.0,"enemies":"Writhing Mass","floor":42.0,"turns":5.0},{"damage":40.0,"enemies":"Nemesis","floor":44.0,"turns":5.0},{"damage":1.0,"enemies":"Reptomancer","floor":48.0,"turns":2.0},{"damage":84,"enemies":"Time Eater","floor":50,"turns":7},{"damage":24,"enemies":"Shield and Spear","floor":54,"turns":5},{"damage":78,"enemies":"The Heart","floor":55,"turns":6}],"seed_played":"33218121252624011","potions_obtained":[{"floor":3.0,"key":"Swift Potion"},{"floor":8.0,"key":"Explosive Potion"},{"floor":10.0,"key":"SkillPotion"},{"floor":11.0,"key":"Regen Potion"},{"floor":13.0,"key":"ColorlessPotion"},{"floor":14.0,"key":"Ancient Potion"},{"floor":18.0,"key":"SteroidPotion"},{"floor":22.0,"key":"SteroidPotion"},{"floor":29.0,"key":"Ancient Potion"},{"floor":30.0,"key":"FearPotion"},{"floor":41.0,"key":"SteroidPotion"},{"floor":42.0,"key":"Strength Potion"},{"floor":44.0,"key":"conspire:TimeTravelPotion"}],"is_trial":false,"path_per_floor":["M","?","M","?","T","E","$","M","T","M","M","E","M","E","R","B",null,"M","?","M","?","M","R","T","R","T","R","M","M","M","$","R","B",null,"M","M","M","$","M","R","M","M","T","E","R","?","T","E","R","B",null,"R","$","E","B",null],"character_chosen":"IRONCLAD","items_purchased":["Cleave","AT_IchimonjiDouble","Toy Ornithopter","Ancient Tea Set","SkillPotion","Membership Card","Energy Potion","AT_ShrugMaster","Bloodletting"],"campfire_rested":0,"item_purchase_floors":[7,7,31,31,31,38,38,53,53],"current_hp_per_floor":[80,73,79,79,79,80,80,80,80,80,80,52,48,58,58,64,80,74,59,42,42,48,48,48,48,48,48,45,41,41,41,41,54,85,85,76,47,47,50,50,85,49,49,25,25,25,25,30,30,62,89,89,89,71,122],"gold":52,"neow_bonus":"THREE_ENEMY_KILL","is_daily":false,"chose_seed":false,"campfire_upgraded":8,"win_rate":0.0,"timestamp":1613311185,"path_taken":["M","?","M","?","?","E","$","M","T","M","M","E","M","E","R","BOSS","M","?","M","?","?","R","?","R","T","R","M","M","M","$","R","BOSS","M","M","M","$","?","R","M","?","T","E","R","?","?","E","R","BOSS","R","$","E","BOSS"],"items_purchased_type":["Card","Card","Relic","Relic","Potion","Relic","Potion","Card","Card"],"build_version":"2020-12-22","purchased_purges":3,"victory":true,"max_hp_per_floor":[80,80,80,80,80,80,80,80,80,80,80,80,80,80,80,80,80,80,85,85,85,85,85,85,85,85,85,85,85,85,85,85,85,85,85,85,85,85,85,85,85,88,88,95,95,90,90,90,90,89,89,89,89,97,144],"relic_stats":{"Regal Pillow":0,"counters":[28,107],"Mummified Hand":[29],"Gambling Chip":[43],"War Paint":["Armaments","Defend_R"],"MawBank":72,"obtain_stats":[{"AT_ChloranthyRing":4,"Potion Belt":6,"Regal Pillow":14,"AT_ATBox":0,"NeowsBlessing":0,"SacredBark":34,"Oddly Smooth Stone":48,"ice":0,"War Paint":54,"Ancient Tea Set":31,"MawBank":47,"Burning Blood":0,"Akabeko":5,"conspire:TopHat":44,"REME:ComplimentaryCards":0,"Mummified Hand":43,"Gambling Chip":12,"Mark of Pain":17,"conspire:BottledYoYo":9,"Membership Card":38,"Toy Ornithopter":31,"NlothsMask":21},{"AT_ChloranthyRing":2,"Potion Belt":3,"Regal Pillow":9,"AT_ATBox":0,"NeowsBlessing":0,"SacredBark":17,"Oddly Smooth Stone":25,"ice":0,"War Paint":27,"Ancient Tea Set":16,"MawBank":24,"Burning Blood":0,"Akabeko":2,"conspire:TopHat":24,"REME:ComplimentaryCards":0,"Mummified Hand":23,"Gambling Chip":7,"Mark of Pain":10,"conspire:BottledYoYo":4,"Membership Card":20,"Toy Ornithopter":16,"NlothsMask":12},{"AT_ChloranthyRing":2,"Potion Belt":3,"Regal Pillow":23,"AT_ATBox":0,"NeowsBlessing":0,"SacredBark":58,"Oddly Smooth Stone":89,"ice":0,"War Paint":101,"Ancient Tea Set":50,"MawBank":87,"Burning Blood":0,"Akabeko":2,"conspire:TopHat":87,"REME:ComplimentaryCards":0,"Mummified Hand":82,"Gambling Chip":16,"Mark of Pain":30,"conspire:BottledYoYo":5,"Membership Card":66,"Toy Ornithopter":50,"NlothsMask":38}],"Burning Blood":136,"Toy Ornithopter":45},"card_choices":[{"not_picked":["Shockwave","Carnage"],"picked":"Armaments","floor":1.0},{"not_picked":["Warcry","Pommel Strike"],"picked":"Searing Blow","floor":3.0},{"not_picked":["Armaments","Sentinel"],"picked":"Metallicize","floor":6.0},{"not_picked":["Flame Barrier","Warcry"],"picked":"Thunderclap","floor":8.0},{"not_picked":["Headbutt","Perfected Strike"],"picked":"Flex","floor":10.0},{"not_picked":["Heavy Blade","Impervious"],"picked":"Armaments","floor":11.0},{"not_picked":["Anger","Havoc"],"picked":"AT_Dispersion","floor":12.0},{"not_picked":["Sentinel","Searing Blow"],"picked":"Pommel Strike","floor":13.0},{"not_picked":["Exhume","Inflame"],"picked":"conspire:Charge","floor":14.0},{"not_picked":["Offering","Demon Form"],"picked":"Immolate","floor":16.0},{"not_picked":["Shrug It Off","Burning Pact","Armaments"],"picked":"SKIP","floor":18.0},{"not_picked":["Body Slam","Heavy Blade","AT_BodySlamDance+1"],"picked":"SKIP","floor":20.0},{"not_picked":["True Grit","Clash","Wild Strike"],"picked":"SKIP","floor":22.0},{"not_picked":["conspire:Charge","Headbutt"],"picked":"Blood for Blood","floor":28.0},{"not_picked":["AT_BodySlamDance","conspire:Charge"],"picked":"AT_IchimonjiDouble+1","floor":29.0},{"not_picked":["Exhume","Body Slam+1"],"picked":"Flex","floor":30.0},{"not_picked":["Berserk","Immolate"],"picked":"conspire:Purge","floor":33.0},{"not_picked":["Iron Wave+1","Inflame"],"picked":"Battle Trance","floor":35.0},{"not_picked":["Havoc+1","Armaments"],"picked":"Rupture","floor":36.0},{"not_picked":["Flame Barrier","Sword Boomerang"],"picked":"Combust+1","floor":37.0},{"not_picked":["Perfected Strike","AT_GerminateFire+1","AT_DiedThrough+1"],"picked":"SKIP","floor":39.0},{"not_picked":["Spot Weakness+1","Shrug It Off+1"],"picked":"Dual Wield+1","floor":41.0},{"not_picked":["Heavy Blade+1","Cleave+1"],"picked":"Hemokinesis+1","floor":42.0},{"not_picked":["Anger+1","Wild Strike"],"picked":"AT_IchimonjiDouble+1","floor":44.0},{"not_picked":["Sword Boomerang+1","Perfected Strike"],"picked":"Double Tap","floor":48.0},{"not_picked":["AT_IchimonjiDouble","conspire:Charge","Warcry"],"picked":"SKIP","floor":54}],"player_experience":162734,"relics_obtained":[{"floor":5.0,"key":"Akabeko"},{"floor":6.0,"key":"Potion Belt"},{"floor":9.0,"key":"conspire:BottledYoYo"},{"floor":12.0,"key":"Gambling Chip"},{"floor":14.0,"key":"Regal Pillow"},{"floor":43.0,"key":"Mummified Hand"},{"floor":44.0,"key":"conspire:TopHat"},{"floor":47.0,"key":"MawBank"},{"floor":48.0,"key":"Oddly Smooth Stone"},{"floor":54,"key":"War Paint"}],"event_choices":[{"cards_removed":["Strike_R"],"damage_healed":0.0,"max_hp_gain":0.0,"max_hp_loss":0.0,"gold_gain":0.0,"event_name":"Golden Wing","player_choice":"Card Removal","floor":2.0,"gold_loss":0.0,"damage_taken":7.0},{"damage_healed":0.0,"max_hp_gain":0.0,"max_hp_loss":0.0,"gold_gain":0.0,"event_name":"Big Fish","player_choice":"Box","floor":4.0,"gold_loss":0.0,"damage_taken":0.0,"relics_obtained":["AT_ChloranthyRing"],"cards_obtained":["Regret"]},{"damage_healed":0.0,"max_hp_gain":5.0,"max_hp_loss":0.0,"gold_gain":0.0,"event_name":"Forgotten Altar","player_choice":"Shed Blood","floor":19.0,"gold_loss":0.0,"damage_taken":20.0},{"damage_healed":0.0,"max_hp_gain":0.0,"max_hp_loss":0.0,"gold_gain":0.0,"event_name":"FaceTrader","player_choice":"Trade","floor":21.0,"gold_loss":0.0,"damage_taken":0.0,"relics_obtained":["NlothsMask"]},{"damage_healed":0.0,"max_hp_gain":0.0,"max_hp_loss":5.0,"gold_gain":0.0,"event_name":"Winding Halls","player_choice":"Max HP","floor":46.0,"gold_loss":0.0,"damage_taken":0.0}],"is_beta":false,"boss_relics":[{"not_picked":["Ectoplasm","Snecko Eye"],"picked":"Mark of Pain"},{"not_picked":["SlaversCollar","Fusion Hammer"],"picked":"SacredBark"}],"items_purged_floors":[7,31,53],"is_endless":false,"potions_floor_spawned":[3,8,10,11,13,14,18,22,29,30,41,42,44],"ascension_level":0}}