{"host":"2qyxu97h6u4ukicb","time":1613270869,"event":{"mods":["AchievementEnabler","BaseMod","BetterRewards","Colored Map","Colored Powertips","Minty Spire (QoL Compilation)","Replay The Spire","Shop Mod","StSLib"],"gold_per_floor":[118,130,130,130,130,178,178,197,197,197,197,209,209,222,233,193,193,193,193],"floor_reached":18,"language":"ENG","playtime":1033,"items_purged":[],"score":137,"play_id":"fed17df1-80d4-43a8-a2e2-60bcc4ceed46","local_time":"20210213204749","is_ascension_mode":false,"campfire_choices":[{"data":"ReplayTheSpireMod:The Works","floor":7,"key":"SMITH"},{"data":"Poisoned Stab","floor":17,"key":"SMITH"}],"circlet_count":0,"master_deck":["Strike_G","Strike_G","Strike_G","Strike_G","Strike_G","Defend_G","Defend_G","Defend_G","Defend_G","Defend_G","Survivor","Neutralize","Cloak And Dagger","Poisoned Stab+1","Sickly","Pot Of Greed","Pot Of Greed","ReplayTheSpireMod:The Works+1","Dagger Spray","PiercingWail","Cloak And Dagger"],"relics":["NeowsBlessing","ReplayTheSpireMod:Ring of Challenge","ReplayTheSpireMod:Ring of Exchange","Sizzling Blood","Grinning Jar"],"acts_visited":["Exordium"],"potions_floor_usage":[8,14,15,18,18,18],"damage_taken":[{"damage":0,"enemies":"Cultist","floor":1,"turns":1},{"damage":0,"enemies":"2 Louse","floor":2,"turns":1},{"damage":0,"enemies":"Gremlin Nob","floor":6,"turns":1},{"damage":0,"enemies":"Jaw Worm","floor":8,"turns":3},{"damage":6,"enemies":"Blue Slaver","floor":12,"turns":4},{"damage":8,"enemies":"Gremlin Gang","floor":14,"turns":5},{"damage":0,"enemies":"Looter","floor":15,"turns":4},{"damage":75,"enemies":"The Guardian","floor":18,"turns":16}],"seed_played":"-5744630339967052176","potions_obtained":[{"floor":1,"key":"PowerPotion"},{"floor":8,"key":"PowerPotion"},{"floor":14,"key":"AttackPotion"},{"floor":16,"key":"Fire Potion"},{"floor":16,"key":"Toxic Potion"},{"floor":16,"key":"Weak Potion"}],"is_trial":false,"path_per_floor":["M","M","?","?","$","E","R","M","PTL","PTL","T","M","$","M","M","?","R","B"],"character_chosen":"THE_SILENT","items_purchased":[],"campfire_rested":0,"item_purchase_floors":[],"current_hp_per_floor":[70,70,70,74,74,74,74,74,74,74,74,72,72,68,72,72,72,0,0],"gold":193,"neow_bonus":"THREE_ENEMY_KILL","is_daily":false,"chose_seed":false,"campfire_upgraded":2,"win_rate":0.0,"timestamp":1613270869,"path_taken":["M","M","?","?","?","E","R","M","PTL","PTL","T","?","$","?","M","?","R","BOSS"],"items_purchased_type":[],"build_version":"2020-12-22","purchased_purges":0,"victory":false,"max_hp_per_floor":[70,70,70,74,74,74,74,74,74,74,74,74,74,74,74,74,74,74,74],"card_choices":[{"not_picked":["ReplayTheSpireMod:Tripwire","Escape Plan"],"picked":"Cloak And Dagger","floor":1},{"not_picked":["Dodge and Roll","Backflip"],"picked":"Poisoned Stab","floor":2},{"not_picked":["Backflip","ReplayTheSpireMod:Tripwire"],"picked":"ReplayTheSpireMod:The Works","floor":6},{"not_picked":["Draining Mist","Quick Slash"],"picked":"Dagger Spray","floor":8},{"not_picked":["Bane","Poisoned Stab"],"picked":"PiercingWail","floor":12},{"not_picked":["Doppelganger","Predator","PiercingWail"],"picked":"SKIP","floor":14},{"not_picked":["Prepared","Quick Slash"],"picked":"Cloak And Dagger","floor":15}],"player_experience":809740,"relics_obtained":[{"floor":3,"key":"ReplayTheSpireMod:Ring of Challenge"},{"floor":3,"key":"ReplayTheSpireMod:Ring of Exchange"},{"floor":6,"key":"Grinning Jar"}],"event_choices":[{"damage_healed":0,"gold_gain":0,"player_choice":"Bought 3 Potions","damage_taken":0,"max_hp_gain":0,"max_hp_loss":0,"event_name":"The Woman in Blue","floor":16,"gold_loss":0}],"is_beta":false,"boss_relics":[],"items_purged_floors":[],"is_endless":false,"potions_floor_spawned":[1,8,14],"killed_by":"The Guardian","ascension_level":0}}