{"host":"ayh4nqhr0ddw4ozv","time":1613285536,"event":{"mods":["BaseMod","Minty Spire (QoL Compilation)","Relic Stats","Replay The Spire","Robot Space Explorer","StSLib"],"gold_per_floor":[115,132,151,161,161,161,161,196,196,222,222,222,222,242,269,289,289,366,366,386,397,322,322,322,322,342,373,452,452,452,467,500,500,500,573,573,586,601,619,619,619,619,651,651,674,674,674],"floor_reached":46,"language":"ENG","playtime":2556,"items_purged":["Pain"],"score":1046,"play_id":"10df4990-9a3d-4f15-b669-c15f355ebddc","local_time":"20210213225216","is_ascension_mode":true,"campfire_choices":[{"data":"RobotSpaceExplorer:LaserBurst","floor":6,"key":"SMITH"},{"data":"RobotSpaceExplorer:PowerGlove","floor":13,"key":"SMITH"},{"floor":17,"key":"REST"},{"data":"RobotSpaceExplorer:Blaster","floor":25,"key":"SMITH"},{"floor":29,"key":"REST"},{"floor":34,"key":"REST"},{"floor":42,"key":"REST"},{"floor":44,"key":"REST"}],"circlet_count":0,"master_deck":["AscendersBane","RobotSpaceExplorer:Strike","RobotSpaceExplorer:Strike","RobotSpaceExplorer:Strike","RobotSpaceExplorer:Strike","RobotSpaceExplorer:Defend","RobotSpaceExplorer:Defend","RobotSpaceExplorer:Defend","RobotSpaceExplorer:Defend","RobotSpaceExplorer:Scan","RobotSpaceExplorer:MiniLasers","Crow Ritual","RobotSpaceExplorer:StarLightning","RobotSpaceExplorer:SwiftStep","RobotSpaceExplorer:LaserBurst+1","RobotSpaceExplorer:PowerGlove+1","RobotSpaceExplorer:Blaster+1","RobotSpaceExplorer:StarLightning","RobotSpaceExplorer:ScrapToss","RobotSpaceExplorer:ChargingLaser","RobotSpaceExplorer:FranticSearch+1","RobotSpaceExplorer:GearShield","RobotSpaceExplorer:FreezingShield","RobotSpaceExplorer:Smokescreen","RobotSpaceExplorer:Counterblock","RobotSpaceExplorer:DualCore","RobotSpaceExplorer:ShockMissile","RobotSpaceExplorer:ScrapMissile","RobotSpaceExplorer:ScrapMissile+1","Parasite","RobotSpaceExplorer:ScrapToss+1","Replay:Parry","RobotSpaceExplorer:MiniDrones"],"relics":["RobotSpaceExplorer:RoboCore","WarpedTongs","Bottled Tornado","Replay:Towering Pillar of Hats","ReplayFunnel","Honey Jar","Anchor","Letter Opener","Blue Candle","Toy Ornithopter","Ring of Chaos","Juzu Bracelet","Strawberry"],"acts_visited":["Exordium","TheCity","TheBeyond"],"potions_floor_usage":[4,8,10,16,27,27,33,35,38],"damage_taken":[{"damage":8,"enemies":"Small Slimes","floor":1,"turns":5},{"damage":0,"enemies":"2 Louse","floor":2,"turns":3},{"damage":0,"enemies":"Cultist","floor":3,"turns":4},{"damage":1,"enemies":"Exordium Thugs","floor":4,"turns":6},{"damage":29,"enemies":"3 Sentries","floor":8,"turns":8},{"damage":1,"enemies":"Gremlin Nob","floor":10,"turns":2},{"damage":18,"enemies":"3 Louse","floor":14,"turns":3},{"damage":5,"enemies":"Blue Slaver","floor":16,"turns":3},{"damage":16,"enemies":"Slime Boss","floor":18,"turns":5},{"damage":12,"enemies":"Spheric Guardian","floor":20,"turns":4},{"damage":5,"enemies":"Chosen","floor":21,"turns":3},{"damage":11,"enemies":"Centurion and Healer","floor":26,"turns":4},{"damage":26,"enemies":"Slavers","floor":27,"turns":4},{"damage":0,"enemies":"Chosen and Byrds","floor":31,"turns":5},{"damage":14,"enemies":"Gremlin Leader","floor":32,"turns":5},{"damage":0,"enemies":"Snake Plant","floor":33,"turns":2},{"damage":27,"enemies":"Champ","floor":35,"turns":8},{"damage":1,"enemies":"Orb Walker","floor":37,"turns":2},{"damage":9,"enemies":"3 Darklings","floor":38,"turns":4},{"damage":24,"enemies":"Writhing Mass","floor":39,"turns":8},{"damage":39,"enemies":"Nemesis","floor":43,"turns":6},{"damage":48,"enemies":"Giant Head","floor":46,"turns":5}],"seed_played":"-315318743120173838","potions_obtained":[{"floor":1,"key":"Block Potion"},{"floor":3,"key":"LiquidMemories"},{"floor":4,"key":"RobotSpaceExplorer:RecyclePotion"},{"floor":8,"key":"Fire Potion"},{"floor":14,"key":"Regen Potion"},{"floor":21,"key":"Explosive Potion"},{"floor":26,"key":"SneckoOil"},{"floor":31,"key":"SmokeBomb"},{"floor":32,"key":"DuplicationPotion"},{"floor":35,"key":"Adrenaline Potion"},{"floor":37,"key":"Ancient Potion"},{"floor":38,"key":"Doom Potion"},{"floor":43,"key":"Languid Potion"}],"is_trial":false,"path_per_floor":["M","M","M","M","?","R","?","E","T","E","PTL","PTL","R","M","T","M","R","B",null,"M","M","$","?","?","R","M","E","T","R","T","M","E","M","R","B",null,"M","M","M","?","?","R","E","R","T","E"],"character_chosen":"RobotSpaceExplorer","items_purchased":[],"campfire_rested":5,"item_purchase_floors":[],"current_hp_per_floor":[56,56,56,55,60,60,60,31,31,30,30,30,30,12,12,16,36,20,57,45,40,40,40,40,40,29,3,3,23,23,23,9,14,34,12,55,54,50,26,26,26,46,7,27,34,0,0],"gold":674,"neow_bonus":"RANDOM_COLORLESS_2","is_daily":false,"chose_seed":false,"campfire_upgraded":3,"win_rate":0.0,"timestamp":1613285536,"path_taken":["M","M","M","M","?","R","?","E","T","E","PTL","PTL","R","?","?","M","R","BOSS","M","M","$","?","?","R","M","E","T","R","?","M","E","?","R","BOSS","M","M","?","?","?","R","E","R","T","E"],"items_purchased_type":[],"build_version":"2020-12-22","purchased_purges":1,"victory":false,"max_hp_per_floor":[64,64,64,64,69,69,69,69,69,69,69,69,69,69,69,69,69,69,69,69,69,69,69,69,69,69,69,69,69,69,69,69,69,69,69,69,69,69,69,69,69,69,69,69,76,76,76],"relic_stats":{"counters":[22,99],"Blue Candle":[1],"Juzu Bracelet":0,"Letter Opener":[77],"obtain_stats":[{"ReplayFunnel":15,"Replay:Towering Pillar of Hats":10,"Blue Candle":30,"RobotSpaceExplorer:RoboCore":0,"Ring of Chaos":36,"Juzu Bracelet":43,"Letter Opener":28,"Bottled Tornado":8,"WarpedTongs":7,"Anchor":27,"Strawberry":45,"Honey Jar":19,"Toy Ornithopter":32},{"ReplayFunnel":7,"Replay:Towering Pillar of Hats":6,"Blue Candle":13,"RobotSpaceExplorer:RoboCore":0,"Ring of Chaos":17,"Juzu Bracelet":21,"Letter Opener":13,"Bottled Tornado":5,"WarpedTongs":4,"Anchor":13,"Strawberry":21,"Honey Jar":9,"Toy Ornithopter":15},{"ReplayFunnel":31,"Replay:Towering Pillar of Hats":28,"Blue Candle":54,"RobotSpaceExplorer:RoboCore":0,"Ring of Chaos":74,"Juzu Bracelet":94,"Letter Opener":54,"Bottled Tornado":26,"WarpedTongs":18,"Anchor":54,"Strawberry":94,"Honey Jar":39,"Toy Ornithopter":64}],"Toy Ornithopter":15,"WarpedTongs":[81]},"card_choices":[{"not_picked":["HandOfGreed","ReplayTheSpireMod:Necrogeddon"],"picked":"Crow Ritual","floor":0},{"not_picked":["RobotSpaceExplorer:FranticSearch","RobotSpaceExplorer:ShockKick"],"picked":"RobotSpaceExplorer:StarLightning","floor":1},{"not_picked":["RobotSpaceExplorer:ImprovisedAttack","RobotSpaceExplorer:SurgingShield"],"picked":"RobotSpaceExplorer:SwiftStep","floor":2},{"not_picked":["RobotSpaceExplorer:Electropulse","RobotSpaceExplorer:SwiftStep"],"picked":"RobotSpaceExplorer:LaserBurst","floor":3},{"not_picked":["RobotSpaceExplorer:Discharger","RobotSpaceExplorer:Electroshield"],"picked":"RobotSpaceExplorer:PowerGlove","floor":4},{"not_picked":["RobotSpaceExplorer:MakeshiftVolley","RobotSpaceExplorer:SurgingStrike"],"picked":"RobotSpaceExplorer:Blaster","floor":8},{"not_picked":["RobotSpaceExplorer:SurgingStrike","RobotSpaceExplorer:SlimeMissile"],"picked":"RobotSpaceExplorer:StarLightning","floor":10},{"not_picked":["RobotSpaceExplorer:FreezeRay","RobotSpaceExplorer:Blitz","RobotSpaceExplorer:ShockKick"],"picked":"SKIP","floor":14},{"not_picked":["RobotSpaceExplorer:MetalStrike","RobotSpaceExplorer:Counterblock"],"picked":"RobotSpaceExplorer:ScrapToss","floor":16},{"not_picked":["RobotSpaceExplorer:DroneSwarm","RobotSpaceExplorer:BlastShield"],"picked":"RobotSpaceExplorer:ChargingLaser","floor":18},{"not_picked":["RobotSpaceExplorer:Ammunition","RobotSpaceExplorer:Electroshield","RobotSpaceExplorer:Counterblock"],"picked":"RobotSpaceExplorer:FranticSearch+1","floor":20},{"not_picked":["RobotSpaceExplorer:FrostMissile","RobotSpaceExplorer:Blitz","RobotSpaceExplorer:PlasmaMissile"],"picked":"RobotSpaceExplorer:GearShield","floor":21},{"not_picked":["RobotSpaceExplorer:ShovelStrike","RobotSpaceExplorer:BigMissile","RobotSpaceExplorer:Fix"],"picked":"RobotSpaceExplorer:FreezingShield","floor":26},{"not_picked":["RobotSpaceExplorer:ChargingLaser","RobotSpaceExplorer:FrostMissile","RobotSpaceExplorer:ShovelStrike+1"],"picked":"RobotSpaceExplorer:Smokescreen","floor":27},{"not_picked":["RobotSpaceExplorer:MakeshiftVolley","RobotSpaceExplorer:SlimeMissile","RobotSpaceExplorer:Ammunition"],"picked":"RobotSpaceExplorer:Counterblock","floor":31},{"not_picked":["RobotSpaceExplorer:ShovelStrike","RobotSpaceExplorer:StunGrenade","RobotSpaceExplorer:BlastShield"],"picked":"RobotSpaceExplorer:DualCore","floor":32},{"not_picked":["RobotSpaceExplorer:Arsenal","RobotSpaceExplorer:Autoloader","RobotSpaceExplorer:TrailblazerForm"],"picked":"RobotSpaceExplorer:ShockMissile","floor":35},{"not_picked":["RobotSpaceExplorer:Fix","RobotSpaceExplorer:Probe","RobotSpaceExplorer:SwiftStep+1"],"picked":"RobotSpaceExplorer:ScrapMissile","floor":37},{"not_picked":["RobotSpaceExplorer:DoubleBlock","RobotSpaceExplorer:DualCore","RobotSpaceExplorer:Probe"],"picked":"RobotSpaceExplorer:ScrapMissile+1","floor":38},{"not_picked":["RobotSpaceExplorer:Ammunition+1","RobotSpaceExplorer:FrostMissile","RobotSpaceExplorer:ImprovisedAttack"],"picked":"RobotSpaceExplorer:ScrapToss+1","floor":39},{"not_picked":["Blind","Replay:BasicMightCard","Replay:Sssssssssshield"],"picked":"Replay:Parry","floor":40},{"not_picked":["RobotSpaceExplorer:DroneSwarm","RobotSpaceExplorer:GlueShot","RobotSpaceExplorer:FranticSearch"],"picked":"RobotSpaceExplorer:MiniDrones","floor":43}],"player_experience":436879,"relics_obtained":[{"floor":8,"key":"Bottled Tornado"},{"floor":10,"key":"Replay:Towering Pillar of Hats"},{"floor":15,"key":"ReplayFunnel"},{"floor":27,"key":"Anchor"},{"floor":28,"key":"Letter Opener"},{"floor":30,"key":"Blue Candle"},{"floor":32,"key":"Toy Ornithopter"},{"floor":43,"key":"Juzu Bracelet"},{"floor":45,"key":"Strawberry"}],"event_choices":[{"damage_healed":0,"gold_gain":0,"player_choice":"Donut","damage_taken":0,"max_hp_gain":5,"max_hp_loss":0,"event_name":"Big Fish","floor":5,"gold_loss":0},{"damage_healed":0,"gold_gain":0,"player_choice":"Rummage","damage_taken":0,"relics_obtained":["WarpedTongs"],"max_hp_gain":0,"max_hp_loss":0,"event_name":"Accursed Blacksmith","floor":7,"gold_loss":0,"cards_obtained":["Pain"]},{"damage_healed":0,"gold_gain":0,"player_choice":"Ignored","damage_taken":0,"max_hp_gain":0,"max_hp_loss":0,"event_name":"Vampires","floor":23,"gold_loss":0},{"damage_healed":0,"gold_gain":0,"player_choice":"Memory 1","damage_taken":0,"max_hp_gain":0,"max_hp_loss":0,"event_name":"SensoryStone","floor":40,"gold_loss":0},{"damage_healed":0,"gold_gain":0,"player_choice":"Ignored","damage_taken":0,"max_hp_gain":0,"max_hp_loss":0,"event_name":"Tomb of Lord Red Mask","floor":41,"gold_loss":0}],"is_beta":false,"boss_relics":[{"not_picked":["Black Star","Replay:Grab Bag"],"picked":"Honey Jar"},{"not_picked":["ChewingGum","SlaversCollar"],"picked":"Ring of Chaos"}],"items_purged_floors":[22],"is_endless":false,"potions_floor_spawned":[1,3,4,8,14,21,26,31,32,35,37,38,43],"killed_by":"Giant Head","ascension_level":20}}