{"host":"bq8ii4ghyb2mkf8g","time":1613294579,"event":{"mods":["BaseMod","Colored Map","Minty Spire (QoL Compilation)","Quick Restart","Replay The Spire","StSLib"],"gold_per_floor":[117,42,52,52,70,70,80,114,114,133,166,184,27,45,45,143,143,158,73,13,27,46,46,61,61,88,88,123,31,31,31,48,78,78,178,178,189,209,84,103,103,103,131,148,203,253,280,280,293,143,143,143,143,143,58,84,84],"floor_reached":58,"language":"ZHS","playtime":4066,"items_purged":["Strike_G","Strike_G","Defend_G","Toxin Wave"],"score":1424,"play_id":"a6249802-2a25-4f2a-b18f-db0a619d268c","local_time":"20210214172259","is_ascension_mode":true,"campfire_choices":[{"data":"Prepared","floor":6.0,"key":"SMITH"},{"data":"Cloak And Dagger","floor":15.0,"key":"SMITH"},{"data":"Hidden Blade","floor":23.0,"key":"SMITH"},{"data":"Prepared","floor":27.0,"key":"SMITH"},{"data":"Burst","floor":34.0,"key":"SMITH"},{"data":"Tactician","floor":42.0,"key":"SMITH"},{"floor":51.0,"key":"RECALL"},{"data":"Accuracy","floor":54.0,"key":"SMITH"}],"circlet_count":0,"master_deck":["Defend_G","Defend_G","Survivor","Neutralize","Expertise","Prepared+1","Blade Dance+1","Terror","Cloak And Dagger","Hidden Blade+1","Tactician+1","Cloak And Dagger+1","Reflex+1","Prepared+1","Backstab+1","ReplayTheSpireMod:Shiv Toss+1","Footwork","Burst+1","Impatience","Accuracy+1","Concentrate+1","Cloak And Dagger+1","ReplayTheSpireMod:Private Reserves","Madness","Cloak And Dagger+1"],"relics":["Ring of the Snake","Mango","Snack Pack","ReplayTheSpireMod:DimensionalGlitch","Replay:WaspNest","Bag of Preparation","HornCleat","Tiny Chest","Replay:Drink Me","TungstenRod","ReplayTheSpireMod:TigerMarble","Girya","ReplayFunnel","StoneCalendar"],"acts_visited":["Exordium","TheCity","TheBeyond","TheEnding"],"potions_floor_usage":[57,57,57],"damage_taken":[{"damage":2.0,"enemies":"Cultist","floor":1.0,"turns":5.0},{"damage":0.0,"enemies":"2 Louse","floor":3.0,"turns":3.0},{"damage":0.0,"enemies":"Small Slimes","floor":5.0,"turns":2.0},{"damage":10.0,"enemies":"Looter","floor":7.0,"turns":3.0},{"damage":16.0,"enemies":"3 Sentries","floor":8.0,"turns":10.0},{"damage":4.0,"enemies":"Large Slime","floor":10.0,"turns":11.0},{"damage":7.0,"enemies":"Lagavulin","floor":11.0,"turns":5.0},{"damage":5.0,"enemies":"3 Louse","floor":12.0,"turns":3.0},{"damage":0.0,"enemies":"Looter","floor":14.0,"turns":2.0},{"damage":17.0,"enemies":"The Guardian","floor":16.0,"turns":16.0},{"damage":0.0,"enemies":"Chosen","floor":18.0,"turns":3.0},{"damage":0.0,"enemies":"3 Byrds","floor":21.0,"turns":5.0},{"damage":0.0,"enemies":"Centurion and Healer","floor":22.0,"turns":6.0},{"damage":0.0,"enemies":"Cultist and Chosen","floor":24.0,"turns":5.0},{"damage":18.0,"enemies":"Gremlin Leader","floor":28.0,"turns":4.0},{"damage":0.0,"enemies":"3 Cultists","floor":32.0,"turns":3.0},{"damage":45.0,"enemies":"Replay:Snechameleon","floor":33.0,"turns":7.0},{"damage":36.0,"enemies":"Collector","floor":35.0,"turns":7.0},{"damage":2.0,"enemies":"3 Shapes","floor":37.0,"turns":3.0},{"damage":0.0,"enemies":"Orb Walker","floor":38.0,"turns":3.0},{"damage":0.0,"enemies":"Transient","floor":40.0,"turns":5.0},{"damage":0.0,"enemies":"R_Hoarder","floor":43.0,"turns":8.0},{"damage":10.0,"enemies":"Writhing Mass","floor":44.0,"turns":4.0},{"damage":0.0,"enemies":"Mind Bloom Boss Battle","floor":46.0,"turns":3.0},{"damage":0.0,"enemies":"Giant Head","floor":47.0,"turns":1.0},{"damage":0.0,"enemies":"3 Darklings","floor":49.0,"turns":2.0},{"damage":0.0,"enemies":"Awakened One","floor":52.0,"turns":5.0},{"damage":0.0,"enemies":"Shield and Spear","floor":56.0,"turns":3.0},{"damage":42,"enemies":"The Heart","floor":57,"turns":5}],"seed_played":"6233497357110136991","potions_obtained":[{"floor":1.0,"key":"Flashbang"},{"floor":3.0,"key":"Regen Potion"},{"floor":7.0,"key":"LiquidMemories"},{"floor":8.0,"key":"Adrenaline Potion"},{"floor":12.0,"key":"Explosive Potion"},{"floor":16.0,"key":"FearPotion"},{"floor":21.0,"key":"EssenceOfSteel"},{"floor":33.0,"key":"Regen Potion"},{"floor":37.0,"key":"AttackPotion"},{"floor":40.0,"key":"Venom Potion"},{"floor":56.0,"key":"Strength Potion"}],"is_trial":false,"path_per_floor":["M","$","M","?","M","R","M","E","T","M","E","M","$","M","R","B",null,"M","?","?","M","M","R","M","?","T","R","E","$","PTL","PTL","M","E","R","B",null,"M","M","$","M","?","R","E","M","T","?","E","?","M","$","R","B",null,"R","$","E","B",null],"character_chosen":"THE_SILENT","items_purchased":["Reflex+1","Impatience","Madness"],"campfire_rested":0,"item_purchase_floors":[13,29,55],"current_hp_per_floor":[68,68,68,68,68,68,58,71,71,67,60,61,61,65,65,74,84,84,84,84,84,84,84,84,84,84,84,67,67,67,67,70,29,29,10,63,63,63,63,63,63,63,63,55,55,60,63,63,63,63,63,63,63,63,63,63,35],"gold":84,"neow_bonus":"TRANSFORM_CARD","is_daily":false,"chose_seed":false,"campfire_upgraded":7,"win_rate":0.0,"timestamp":1613294579,"path_taken":["M","$","?","?","M","R","M","E","T","?","E","M","?","?","R","BOSS","M","?","?","M","M","R","M","?","T","R","E","$","PTL","PTL","M","E","R","BOSS","M","M","$","M","?","R","E","M","T","?","E","?","M","$","R","BOSS","R","$","E","BOSS"],"items_purchased_type":["Card","Card","Card"],"build_version":"2020-12-22","purchased_purges":4,"victory":true,"max_hp_per_floor":[70,70,70,70,70,70,70,84,84,84,84,84,84,84,84,84,84,84,84,84,84,84,84,84,84,84,84,84,84,84,84,84,84,84,84,63,63,63,63,63,63,63,63,63,63,63,63,63,63,63,63,63,63,63,63,63,63],"card_choices":[{"not_picked":["Catalyst","Dash"],"picked":"Prepared","floor":1.0},{"not_picked":["Finisher","Deflect"],"picked":"Blade Dance","floor":3.0},{"not_picked":["Deadly Poison","Bane"],"picked":"Terror","floor":5.0},{"not_picked":["Choke","Endless Agony"],"picked":"Cloak And Dagger","floor":7.0},{"not_picked":["ReplayTheSpireMod:From All Sides","Backflip"],"picked":"Hidden Blade","floor":8.0},{"not_picked":["Masterful Stab","Setup"],"picked":"Tactician","floor":10.0},{"not_picked":["ReplayTheSpireMod:Speed Training","Skewer","Blur"],"picked":"SKIP","floor":11.0},{"not_picked":["Sucker Punch","Dagger Throw"],"picked":"Cloak And Dagger","floor":12.0},{"not_picked":["Bane","Underhanded Strike","Tactician"],"picked":"SKIP","floor":14.0},{"not_picked":["Draining Mist","Backflip+1"],"picked":"Prepared","floor":18.0},{"not_picked":["Poisoned Stab","Eviscerate"],"picked":"Backstab+1","floor":21.0},{"not_picked":["Deadly Poison+1","Outmaneuver+1"],"picked":"ReplayTheSpireMod:Shiv Toss+1","floor":22.0},{"not_picked":["Blur","ReplayTheSpireMod:Tripwire"],"picked":"Footwork","floor":24.0},{"not_picked":["Dagger Spray","Dash+1"],"picked":"Burst","floor":28.0},{"not_picked":["Sucker Punch+1","Dagger Spray","PiercingWail"],"picked":"SKIP","floor":32.0},{"not_picked":["Catalyst","PiercingWail+1","Riddle With Holes+1"],"picked":"SKIP","floor":33.0},{"not_picked":["Dagger Spray","Bane","ReplayTheSpireMod:Tripwire"],"picked":"SKIP","floor":37.0},{"not_picked":["Dagger Throw","ReplayTheSpireMod:Tripwire","Deflect"],"picked":"SKIP","floor":38.0},{"not_picked":["Dagger Spray+1","Deflect","Poisoned Stab+1"],"picked":"SKIP","floor":40.0},{"not_picked":["Catalyst+1","ReplayTheSpireMod:Scrap Shanks","Poisoned Stab+1"],"picked":"SKIP","floor":43.0},{"not_picked":["Skewer+1","Prepared"],"picked":"Accuracy","floor":44.0},{"not_picked":["Toxin Wave+1","Hidden Blade"],"picked":"Concentrate+1","floor":46.0},{"not_picked":["Backflip+1","Dash+1"],"picked":"Cloak And Dagger+1","floor":47.0},{"not_picked":["PanicButton","Metamorphosis"],"picked":"ReplayTheSpireMod:Private Reserves","floor":48.0},{"not_picked":["Sucker Punch+1","Blade Dance","Prepared"],"picked":"SKIP","floor":49.0},{"not_picked":["Flying Knee+1","Concentrate+1"],"picked":"Cloak And Dagger+1","floor":56.0}],"player_experience":61328,"relics_obtained":[{"floor":8.0,"key":"Mango"},{"floor":11.0,"key":"Snack Pack"},{"floor":26.0,"key":"Bag of Preparation"},{"floor":28.0,"key":"HornCleat"},{"floor":33.0,"key":"Tiny Chest"},{"floor":43.0,"key":"TungstenRod"},{"floor":45.0,"key":"ReplayTheSpireMod:TigerMarble"},{"floor":46.0,"key":"Girya"},{"floor":47.0,"key":"ReplayFunnel"},{"floor":56.0,"key":"StoneCalendar"}],"event_choices":[{"damage_healed":0.0,"max_hp_gain":0.0,"max_hp_loss":0.0,"gold_gain":0.0,"event_name":"Accursed Blacksmith","player_choice":"Forge","floor":4.0,"gold_loss":0.0,"damage_taken":0.0,"cards_upgraded":["Blade Dance"]},{"damage_healed":0.0,"max_hp_gain":0.0,"max_hp_loss":0.0,"gold_gain":0.0,"event_name":"Addict","player_choice":"Obtained Relic","floor":19.0,"gold_loss":85.0,"damage_taken":0.0,"relics_obtained":["Replay:WaspNest"]},{"damage_healed":0.0,"max_hp_gain":0.0,"max_hp_loss":0.0,"gold_gain":0.0,"cards_transformed":["Defend_G"],"event_name":"Transmorgrifier","player_choice":"Transformed","floor":25.0,"gold_loss":0.0,"damage_taken":0.0,"cards_obtained":["Toxin Wave"]},{"damage_healed":0.0,"max_hp_gain":0.0,"max_hp_loss":0.0,"gold_gain":0.0,"event_name":"MindBloom","player_choice":"Fight","floor":46.0,"gold_loss":0.0,"damage_taken":0.0},{"damage_healed":0.0,"max_hp_gain":0.0,"max_hp_loss":0.0,"gold_gain":0.0,"event_name":"SensoryStone","player_choice":"Memory 1","floor":48.0,"gold_loss":0.0,"damage_taken":0.0}],"is_beta":false,"boss_relics":[{"not_picked":["Replay:Ancient Bell","Replay:Grab Bag"],"picked":"ReplayTheSpireMod:DimensionalGlitch"},{"not_picked":["Empty Cage","Cursed Key"],"picked":"Replay:Drink Me"}],"items_purged_floors":[2,13,39,50],"is_endless":false,"potions_floor_spawned":[1,3,7,8,12,16,21,24,33,37,40,43,56],"ascension_level":1}}