{"host":"p0hktren06injwdf","time":1613337387,"event":{"mods":["AchievementEnabler","BaseMod","Colored Map","DeckTracker","Minty Spire (QoL Compilation)","Permanent Neow","StSLib","SuperFastMode"],"gold_per_floor":[213,213,213,71,88,114,126,126,126,126,141,158,170,170,170,248,248,260,130,141,141,141,141],"floor_reached":22,"language":"KOR","playtime":412,"items_purged":["Strike_G"],"score":372,"play_id":"5fb5a81e-3647-42a3-9a50-ec15137323c8","local_time":"20210215061627","is_ascension_mode":true,"campfire_choices":[{"data":"Dagger Spray","floor":8,"key":"SMITH"},{"data":"Neutralize","floor":10,"key":"SMITH"},{"data":"Quick Slash","floor":15,"key":"SMITH"}],"circlet_count":0,"master_deck":["AscendersBane","Strike_G","Strike_G","Strike_G","Strike_G","Defend_G","Defend_G","Defend_G","Defend_G","Defend_G","Survivor","Neutralize+1","Quick Slash+1","Dagger Spray+1","Escape Plan","Deadly Poison+1","Flying Knee","Backstab","Concentrate","After Image","Blade Dance","Dodge and Roll","Poisoned Stab"],"relics":["Ring of the Snake","Ginger","Tingsha","HoveringKite"],"acts_visited":["Exordium","TheCity"],"potions_floor_usage":[13,16,18],"damage_taken":[{"damage":0,"enemies":"2 Louse","floor":1,"turns":4},{"damage":0,"enemies":"Jaw Worm","floor":5,"turns":4},{"damage":29,"enemies":"3 Sentries","floor":6,"turns":8},{"damage":0,"enemies":"Small Slimes","floor":7,"turns":3},{"damage":0,"enemies":"Exordium Thugs","floor":11,"turns":4},{"damage":4,"enemies":"Exordium Wildlife","floor":12,"turns":3},{"damage":5,"enemies":"Gremlin Gang","floor":13,"turns":3},{"damage":16,"enemies":"The Guardian","floor":16,"turns":14},{"damage":24,"enemies":"Shell Parasite","floor":18,"turns":6},{"damage":7,"enemies":"Chosen","floor":20,"turns":4},{"damage":20,"enemies":"Snake Plant","floor":22,"turns":3}],"seed_played":"-3416243663118100058","potions_obtained":[{"floor":7,"key":"Strength Potion"},{"floor":11,"key":"GhostInAJar"},{"floor":13,"key":"Swift Potion"}],"is_trial":false,"path_per_floor":["M","?","?","$","M","E","M","R","T","R","M","M","M","?","R","B",null,"M","$","M","?","M"],"character_chosen":"THE_SILENT","items_purchased":["Dagger Spray","Escape Plan","Dodge and Roll"],"campfire_rested":0,"item_purchase_floors":[4,4,19],"current_hp_per_floor":[59,59,59,59,59,30,30,30,30,30,30,26,21,21,21,5,51,27,27,20,20,0,0],"gold":141,"neow_bonus":"HUNDRED_GOLD","is_daily":false,"chose_seed":false,"campfire_upgraded":3,"win_rate":0.0,"timestamp":1613337387,"path_taken":["M","?","?","$","M","E","M","R","T","R","M","M","M","?","R","BOSS","M","$","M","?","M"],"items_purchased_type":["Card","Card","Card"],"build_version":"2020-12-22","purchased_purges":1,"victory":false,"max_hp_per_floor":[66,66,66,66,66,66,66,66,66,66,66,66,66,66,66,66,66,66,66,66,66,66,66],"card_choices":[{"not_picked":["PiercingWail","Catalyst"],"picked":"Quick Slash","floor":1},{"not_picked":["Flechettes","Deflect"],"picked":"Deadly Poison","floor":5},{"not_picked":["Tools of the Trade","Endless Agony"],"picked":"Flying Knee","floor":6},{"not_picked":["Outmaneuver","Flying Knee"],"picked":"Backstab","floor":7},{"not_picked":["Poisoned Stab","Quick Slash","Masterful Stab"],"picked":"SKIP","floor":11},{"not_picked":["Dagger Spray","Blur"],"picked":"Concentrate","floor":12},{"not_picked":["Quick Slash","Prepared","Backstab"],"picked":"SKIP","floor":13},{"not_picked":["Glass Knife","A Thousand Cuts"],"picked":"After Image","floor":16},{"not_picked":["Quick Slash","Leg Sweep"],"picked":"Blade Dance","floor":18},{"not_picked":["Deadly Poison","Flechettes"],"picked":"Poisoned Stab","floor":20}],"player_experience":1061282,"relics_obtained":[{"floor":6,"key":"Ginger"},{"floor":9,"key":"Tingsha"}],"event_choices":[{"damage_healed":0,"gold_gain":0,"player_choice":"Ignored","damage_taken":0,"max_hp_gain":0,"max_hp_loss":0,"event_name":"Liars Game","floor":2,"gold_loss":0},{"damage_healed":0,"gold_gain":0,"player_choice":"Leave","damage_taken":0,"max_hp_gain":0,"max_hp_loss":0,"event_name":"The Cleric","floor":3,"gold_loss":0},{"damage_healed":0,"gold_gain":0,"player_choice":"Grow","damage_taken":0,"max_hp_gain":0,"max_hp_loss":0,"event_name":"Living Wall","floor":14,"gold_loss":0,"cards_upgraded":["Deadly Poison"]},{"damage_healed":0,"gold_gain":0,"player_choice":"Ignored","damage_taken":0,"max_hp_gain":0,"max_hp_loss":0,"event_name":"The Mausoleum","floor":21,"gold_loss":0}],"is_beta":false,"boss_relics":[{"not_picked":["Tiny House","Cursed Key"],"picked":"HoveringKite"}],"items_purged_floors":[19],"is_endless":false,"potions_floor_spawned":[7,11,13],"killed_by":"Snake Plant","ascension_level":20}}