{"host":"ak97kadm4gobvh6l","time":1613275263,"event":{"mods":["BaseMod","Colored Map","Downfall","Minty Spire (QoL Compilation)","StSLib"],"gold_per_floor":[99,111,111,123,141,141,187,221,233,51,51,36,67,81,101,175,175,75,86,104,120,120,20,43,43,76,76,90,116,130,163,179,258,258,158,169,79,93,393,557,557,567,599,611,623,623,623],"floor_reached":45,"language":"ENG","playtime":4058,"items_purged":["hexamod:Defend","hexamod:Defend"],"score":1076,"play_id":"449b234b-09f0-48f6-9f14-d755afa722d4","local_time":"20210214050103","is_ascension_mode":true,"campfire_choices":[{"data":"hexamod:Float","floor":1.0,"key":"SMITH"},{"floor":6.0,"key":"RECALL"},{"floor":11.0,"key":"REST"},{"data":"hexamod:ForkedFlame","floor":18.0,"key":"SMITH"},{"data":"hexamod:RadiantFlame","floor":23.0,"key":"SMITH"},{"data":"hexamod:Incineration","floor":27.0,"key":"SMITH"},{"floor":35.0,"key":"DIG"},{"floor":44.0,"key":"DIG"}],"circlet_count":0,"master_deck":["AscendersBane","hexamod:Defend","hexamod:Defend","hexamod:Sear","hexamod:Float+1","hexamod:GhostOfSpirePast","hexamod:Float+1","hexamod:Hexaguard","hexamod:Incineration+1","hexamod:ExtraCrispy","hexamod:GhostOfSpirePast","hexamod:FlamesFromBeyond","hexamod:BurningTouch","hexamod:ForkedFlame+1","hexamod:GhostShield","hexamod:TimeWarp","hexamod:EmpoweredFlame","hexamod:RadiantFlame+1","Bite+1","Bite","Bite","Bite","Bite+1","hexamod:WildfireWeapon","hexamod:GhostflameBarrier","CurseOfTheBell","hexamod:ApocalypticArmor","hexamod:ChargedBarrage"],"relics":["hexamod:SpiritBrand","hexamod:MatchstickCase","bronze:DecasWashers","Guardian:PocketSentry","InkBottle","sneckomod:SneckoTalon","downfall:HeartBlessingGreen","downfall:HeartBlessingBlue","Whetstone","Dream Catcher","PreservedInsect","Lantern","Calling Bell","Boot","Pear","Shovel","downfall:HeartBlessingRed","Incense Burner","Old Coin","Molten Egg 2","MawBank","Centennial Puzzle"],"acts_visited":["Exordium","TheCity","TheBeyond"],"potions_floor_usage":[45,45],"damage_taken":[{"damage":0.0,"enemies":"Jaw Worm","floor":2.0,"turns":3.0},{"damage":1.0,"enemies":"Cultist","floor":4.0,"turns":3.0},{"damage":2.0,"enemies":"Small Slimes","floor":5.0,"turns":3.0},{"damage":20.0,"enemies":"Lagavulin","floor":8.0,"turns":7.0},{"damage":0.0,"enemies":"3 Louse","floor":9.0,"turns":4.0},{"damage":0.0,"enemies":"downfall:FleeingMerchant","floor":10.0,"turns":4.0},{"damage":0.0,"enemies":"downfall:FleeingMerchant","floor":12.0,"turns":4.0},{"damage":3.0,"enemies":"Gremlin Nob","floor":13.0,"turns":3.0},{"damage":0.0,"enemies":"Red Slaver","floor":14.0,"turns":3.0},{"damage":0.0,"enemies":"Exordium Wildlife","floor":15.0,"turns":3.0},{"damage":14.0,"enemies":"IC_STATUS_ARCHETYPE","floor":16.0,"turns":6.0},{"damage":1.0,"enemies":"3 Byrds","floor":19.0,"turns":3.0},{"damage":8.0,"enemies":"Snecko","floor":20.0,"turns":5.0},{"damage":3.0,"enemies":"3 Cultists","floor":21.0,"turns":3.0},{"damage":13.0,"enemies":"Slavers","floor":26.0,"turns":3.0},{"damage":0.0,"enemies":"Centurion and Healer","floor":28.0,"turns":4.0},{"damage":16.0,"enemies":"Gremlin Leader","floor":29.0,"turns":5.0},{"damage":15.0,"enemies":"Snake Plant","floor":30.0,"turns":3.0},{"damage":4.0,"enemies":"Book of Stabbing","floor":31.0,"turns":3.0},{"damage":0.0,"enemies":"Sentry and Sphere","floor":32.0,"turns":3.0},{"damage":37.0,"enemies":"WA_ARCHETYPE_CALM","floor":33.0,"turns":10.0},{"damage":8.0,"enemies":"Orb Walker","floor":36.0,"turns":3.0},{"damage":0.0,"enemies":"downfall:FleeingMerchant","floor":37.0,"turns":4.0},{"damage":4.0,"enemies":"3 Darklings","floor":38.0,"turns":6.0},{"damage":0.0,"enemies":"downfall:FleeingMerchant","floor":40.0,"turns":1.0},{"damage":31.0,"enemies":"Transient","floor":42.0,"turns":6.0},{"damage":2.0,"enemies":"Nemesis","floor":43.0,"turns":3.0},{"damage":57,"enemies":"Reptomancer","floor":45,"turns":3}],"seed_played":"-6101383805927629360","potions_obtained":[{"floor":4.0,"key":"SkillPotion"},{"floor":5.0,"key":"Weak Potion"},{"floor":8.0,"key":"Energy Potion"},{"floor":42.0,"key":"BlessingOfTheForge"}],"is_trial":false,"path_per_floor":["R","M","?","M","M","R","T","E","M","$","R","$","E","M","M","B",null,"R","M","M","M","?","R","T","?","E","R","M","E","M","E","M","B",null,"R","M","$","M","T","?","T","M","E","R","E"],"character_chosen":"THE_SPIRIT","items_purchased":["Guardian:PocketSentry","hexamod:ChargedBarrage"],"campfire_rested":1,"item_purchase_floors":[10,40],"current_hp_per_floor":[57,57,57,56,54,54,54,34,34,34,52,52,49,49,49,35,56,56,55,47,44,44,54,54,54,46,46,50,43,37,41,49,32,59,59,59,64,64,64,64,64,33,41,41,0,0,0],"gold":623,"neow_bonus":"RANDOM_COMMON_RELIC","is_daily":false,"chose_seed":false,"campfire_upgraded":4,"win_rate":0.0,"timestamp":1613275263,"path_taken":["R","M","?","M","M","R","T","E","M","$","R","$","E","?","M","BOSS","R","M","M","?","?","R","T","?","E","R","M","E","M","E","M","BOSS","R","M","$","M","?","?","T","M","E","R","E"],"items_purchased_type":["Relic","Card"],"build_version":"2020-12-22","purchased_purges":2,"victory":false,"max_hp_per_floor":[63,63,63,63,63,63,63,63,63,63,63,63,63,63,63,63,63,63,63,63,63,44,54,54,54,54,54,54,54,54,54,54,54,64,64,64,64,64,64,64,64,64,64,64,64,64,64],"card_choices":[{"not_picked":["hexamod:InspiringFlames","hexamod:NecessarySacrifice"],"picked":"hexamod:GhostOfSpirePast","floor":2.0},{"not_picked":["hexamod:SwordOfDarkness","hexamod:ThermalTransfer"],"picked":"hexamod:Hexaguard","floor":4.0},{"not_picked":["hexamod:SwordOfDarkness","hexamod:Firestarter"],"picked":"hexamod:Incineration","floor":5.0},{"not_picked":["hexamod:PhantomFireball","hexamod:SwordOfDarkness"],"picked":"hexamod:ExtraCrispy","floor":8.0},{"not_picked":["hexamod:HeatMetal","hexamod:ThermalTransfer"],"picked":"hexamod:GhostOfSpirePast","floor":9.0},{"not_picked":["hexamod:HauntingEcho","hexamod:NightmareStrike"],"picked":"hexamod:FlamesFromBeyond","floor":10.0},{"not_picked":["hexamod:SkipABeat","hexamod:InspiringFlames"],"picked":"hexamod:BurningTouch","floor":12.0},{"not_picked":["hexamod:HeatMetal","hexamod:ApocalypticArmor"],"picked":"hexamod:ForkedFlame","floor":13.0},{"not_picked":["hexamod:HauntingEcho","hexamod:HeatCrush","hexamod:SpectralAdrenaline"],"picked":"SKIP","floor":14.0},{"not_picked":["hexamod:NightmareGuise","hexamod:FastForward"],"picked":"hexamod:GhostShield","floor":15.0},{"not_picked":["hexamod:GiftsFromTheDead","hexamod:FifthSeal"],"picked":"hexamod:TimeWarp","floor":16.0},{"not_picked":["hexamod:BurningTouch","hexamod:FourthSeal","hexamod:NightmareGuise+1"],"picked":"SKIP","floor":19.0},{"not_picked":["hexamod:InspiringFlames","hexamod:AdvancingGuard"],"picked":"hexamod:EmpoweredFlame","floor":20.0},{"not_picked":["hexamod:PhantomFireball","hexamod:Firestarter"],"picked":"hexamod:RadiantFlame","floor":21.0},{"not_picked":["hexamod:ShieldOfDarkness+1","hexamod:NightmareGuise+1"],"picked":"hexamod:WildfireWeapon","floor":26.0},{"not_picked":["hexamod:ShieldOfDarkness+1","hexamod:NightmareStrike","hexamod:SpectralAdrenaline"],"picked":"SKIP","floor":28.0},{"not_picked":["hexamod:Incineration","hexamod:NightmareGuise+1","hexamod:Hexaguard"],"picked":"SKIP","floor":29.0},{"not_picked":["hexamod:Incineration","hexamod:NightmareGuise+1","hexamod:Hexaguard"],"picked":"SKIP","floor":29.0},{"not_picked":["hexamod:SpectralAdrenaline","hexamod:AdvancingGuard","hexamod:FlamesFromBeyond"],"picked":"SKIP","floor":30.0},{"not_picked":["hexamod:HauntingEcho","hexamod:NightmareStrike"],"picked":"hexamod:GhostflameBarrier","floor":31.0},{"not_picked":["hexamod:RetreatToShadows","hexamod:GhostflameInferno","hexamod:Hexaguard+1"],"picked":"SKIP","floor":32.0},{"not_picked":["hexamod:SecondSeal","hexamod:ShieldOfDarkness","hexamod:GhostOfSpirePast"],"picked":"SKIP","floor":36.0},{"not_picked":["hexamod:ThermalTransfer","hexamod:BacktrackSmack+1","hexamod:GhostLash"],"picked":"SKIP","floor":37.0},{"not_picked":["hexamod:RecurringNightmare+1","hexamod:HauntingEcho","hexamod:SpectersWail"],"picked":"SKIP","floor":38.0},{"not_picked":["hexamod:BurningTouch","hexamod:RadiantFlame+1"],"picked":"hexamod:ApocalypticArmor","floor":40.0},{"not_picked":["hexamod:SwordOfDarkness+1","hexamod:ThermalTransfer+1","hexamod:GhostShield"],"picked":"SKIP","floor":42.0},{"not_picked":["hexamod:GhostflameBarrier","hexamod:FastForward","hexamod:DynamicBlow+1"],"picked":"SKIP","floor":43.0}],"player_experience":1119950,"relics_obtained":[{"floor":8.0,"key":"bronze:DecasWashers"},{"floor":13.0,"key":"InkBottle"},{"floor":24.0,"key":"Whetstone"},{"floor":26.0,"key":"Dream Catcher"},{"floor":29.0,"key":"PreservedInsect"},{"floor":31.0,"key":"Lantern"},{"floor":34.0,"key":"Boot"},{"floor":34.0,"key":"Pear"},{"floor":34.0,"key":"Shovel"},{"floor":35.0,"key":"Incense Burner"},{"floor":39.0,"key":"Old Coin"},{"floor":41.0,"key":"Molten Egg 2"},{"floor":43.0,"key":"MawBank"},{"floor":44.0,"key":"Centennial Puzzle"}],"event_choices":[{"damage_healed":0.0,"max_hp_gain":0.0,"max_hp_loss":19.0,"gold_gain":0.0,"event_name":"Vampires","player_choice":"Became a vampire","floor":22.0,"gold_loss":0.0,"damage_taken":0.0,"cards_obtained":["Bite","Bite","Bite","Bite","Bite"]},{"damage_healed":0.0,"max_hp_gain":0.0,"max_hp_loss":0.0,"gold_gain":0.0,"event_name":"Lab","player_choice":"Got Potions","floor":25.0,"gold_loss":0.0,"damage_taken":0.0}],"is_beta":false,"boss_relics":[{"not_picked":["Busted Crown","Philosopher\u0027s Stone"],"picked":"sneckomod:SneckoTalon"},{"not_picked":["Pandora\u0027s Box","Runic Pyramid"],"picked":"Calling Bell"}],"items_purged_floors":[37,40],"is_endless":false,"potions_floor_spawned":[4,5,8,13,15,16,20,26,29,30,32,38,42],"killed_by":"Reptomancer","ascension_level":18}}