{"host":"uv5ws9rdk87e8i5k","time":1613342135,"event":{"mods":["AchievementEnabler","BaseMod","Colored Map","Minty Spire (QoL Compilation)","Permanent Neow","Quick Restart","StSLib","SuperFastMode","The Necromancer"],"gold_per_floor":[117,67,81,91,104,117,150,225,250,280,295,327,345,376,376,478,478,478],"floor_reached":17,"language":"ENG","playtime":393,"items_purged":[],"score":179,"play_id":"245a4dd7-1c5c-415d-bde2-a990b8122f91","local_time":"20210214163535","is_ascension_mode":false,"campfire_choices":[{"floor":15,"key":"REST"}],"circlet_count":0,"master_deck":["Strike_P","Strike_P","Strike_P","Defend_P","Defend_P","Defend_P","Defend_P","Eruption+1","Vigilance","FlyingSleeves","Evaluate","ReachHeaven","Vengeance","JustLucky","FlyingSleeves","Tantrum","CarveReality","WheelKick","DevaForm"],"relics":["PureWater","Art of War","Toy Ornithopter","Anchor","Blood Vial","Runic Pyramid"],"acts_visited":["Exordium","TheCity"],"potions_floor_usage":[7,12,16,16],"damage_taken":[{"damage":0,"enemies":"2 Louse","floor":1,"turns":2},{"damage":0,"enemies":"Jaw Worm","floor":3,"turns":2},{"damage":0,"enemies":"Small Slimes","floor":4,"turns":4},{"damage":6,"enemies":"Blue Slaver","floor":5,"turns":3},{"damage":11,"enemies":"3 Louse","floor":6,"turns":4},{"damage":2,"enemies":"3 Sentries","floor":7,"turns":4},{"damage":0,"enemies":"Exordium Thugs","floor":11,"turns":2},{"damage":16,"enemies":"Lagavulin","floor":12,"turns":4},{"damage":0,"enemies":"Looter","floor":13,"turns":3},{"damage":10,"enemies":"Gremlin Nob","floor":14,"turns":3},{"damage":40,"enemies":"The Guardian","floor":16,"turns":5}],"seed_played":"790409279089085570","potions_obtained":[{"floor":3,"key":"Block Potion"},{"floor":5,"key":"BlessingOfTheForge"},{"floor":6,"key":"Ambrosia"},{"floor":13,"key":"Weak Potion"}],"is_trial":false,"path_per_floor":["M","?","M","M","M","M","E","?","T","?","M","E","M","E","R","B",null],"character_chosen":"WATCHER","items_purchased":[],"campfire_rested":1,"item_purchase_floors":[],"current_hp_per_floor":[72,72,72,72,66,55,53,42,42,42,42,31,31,21,42,14,72,72],"gold":478,"neow_bonus":"UPGRADE_CARD","is_daily":false,"chose_seed":false,"campfire_upgraded":0,"win_rate":0.0,"timestamp":1613342135,"path_taken":["M","?","M","M","M","M","E","?","T","?","M","E","M","E","R","BOSS"],"items_purchased_type":[],"build_version":"2020-12-22","purchased_purges":0,"victory":false,"max_hp_per_floor":[72,72,72,72,72,72,72,72,72,72,72,72,72,72,72,72,72,72],"card_choices":[{"not_picked":["SandsOfTime","Consecrate"],"picked":"FlyingSleeves","floor":1},{"not_picked":["Prostrate","Sanctity"],"picked":"Evaluate","floor":3},{"not_picked":["Weave","WaveOfTheHand"],"picked":"ReachHeaven","floor":4},{"not_picked":["Fasting2","SashWhip"],"picked":"Vengeance","floor":5},{"not_picked":["Evaluate","EmptyMind"],"picked":"JustLucky","floor":6},{"not_picked":["SandsOfTime","EmptyFist"],"picked":"FlyingSleeves","floor":7},{"not_picked":["FlurryOfBlows","EmptyFist"],"picked":"Tantrum","floor":11},{"not_picked":["Evaluate","Prostrate"],"picked":"CarveReality","floor":12},{"not_picked":["FlyingSleeves","Judgement"],"picked":"WheelKick","floor":13},{"not_picked":["Nirvana","SignatureMove","Evaluate"],"picked":"SKIP","floor":14},{"not_picked":["DeusExMachina","Omniscience"],"picked":"DevaForm","floor":16}],"player_experience":184026,"relics_obtained":[{"floor":7,"key":"Art of War"},{"floor":9,"key":"Toy Ornithopter"},{"floor":12,"key":"Anchor"},{"floor":14,"key":"Blood Vial"}],"event_choices":[{"cards_removed":["Strike_P"],"damage_healed":0,"gold_gain":0,"player_choice":"Card Removal","damage_taken":0,"max_hp_gain":0,"max_hp_loss":0,"event_name":"The Cleric","floor":2,"gold_loss":50},{"damage_healed":0,"gold_gain":75,"player_choice":"Gather Gold","damage_taken":11,"max_hp_gain":0,"max_hp_loss":0,"event_name":"World of Goop","floor":8,"gold_loss":0},{"damage_healed":0,"gold_gain":30,"player_choice":"Searched \u00271\u0027 times","damage_taken":0,"max_hp_gain":0,"max_hp_loss":0,"event_name":"Dead Adventurer","floor":10,"gold_loss":0}],"is_beta":false,"boss_relics":[{"not_picked":["SacredBark","Pandora\u0027s Box"],"picked":"Runic Pyramid"}],"items_purged_floors":[],"is_endless":false,"potions_floor_spawned":[3,5,6,13],"ascension_level":0}}