{"host":"wmojtwekh6s3tor5","time":1613284504,"event":{"mods":["BaseMod","Colored Map","Colored Powertips","DeckTracker","Highlight Path","Minty Spire (QoL Compilation)","Quick Restart","StSLib"],"gold_per_floor":[113,113,65,65,84,84,84,95,95,95,128,128,162,174,174,276,276,289,299,299,299,1,1,1,1,56,6,6,6,23,122,122,222,222,234,253,307,321,15,15,35,85,85,85,101,101,101,115,115,115],"floor_reached":51,"language":"ZHS","playtime":3169,"items_purged":["Strike_B","Fusion"],"score":801,"play_id":"819116b0-a669-4a03-8d6a-48f7de55f4b8","local_time":"20210214143504","is_ascension_mode":true,"campfire_choices":[{"data":"Steam Power","floor":6.0,"key":"SMITH"},{"data":"Zap","floor":10.0,"key":"SMITH"},{"data":"Dualcast","floor":12.0,"key":"SMITH"},{"data":"Melter","floor":15.0,"key":"SMITH"},{"data":"Machine Learning","floor":23,"key":"SMITH"},{"data":"Gash","floor":28,"key":"SMITH"},{"floor":32,"key":"REST"},{"data":"Glacier","floor":40,"key":"SMITH"},{"data":"Reboot","floor":44,"key":"SMITH"},{"data":"Machine Learning","floor":49,"key":"SMITH"}],"circlet_count":0,"master_deck":["Zap+1","Dualcast+1","Steam Power+1","Gash+1","Melter+1","Sweeping Beam","Machine Learning+1","Beam Cell+1","Melter+1","Gash+1","Reboot+1","Machine Learning+1","Streamline+1","Scrape+1","Glacier+1","White Noise+1","Cold Snap+1"],"relics":["Cracked Core","Gremlin Horn","Molten Egg 2","Meat on the Bone","Eternal Feather","Busted Crown","Bronze Scales","Oddly Smooth Stone","Symbiotic Virus","Pandora\u0027s Box","Emotion Chip","Nunchaku","StoneCalendar","The Courier"],"acts_visited":["TheCity","TheBeyond"],"potions_floor_usage":[35,38,45,50,50],"damage_taken":[{"damage":2.0,"enemies":"Jaw Worm","floor":1.0,"turns":3.0},{"damage":3.0,"enemies":"2 Louse","floor":5.0,"turns":3.0},{"damage":1.0,"enemies":"Cultist","floor":8.0,"turns":3.0},{"damage":15.0,"enemies":"3 Sentries","floor":11.0,"turns":6.0},{"damage":5.0,"enemies":"Gremlin Nob","floor":13.0,"turns":3.0},{"damage":8.0,"enemies":"Blue Slaver","floor":14.0,"turns":3.0},{"damage":40.0,"enemies":"Hexaghost","floor":16.0,"turns":8.0},{"damage":16.0,"enemies":"Shell Parasite","floor":18.0,"turns":3.0},{"damage":2.0,"enemies":"Chosen","floor":19.0,"turns":3.0},{"damage":20,"enemies":"Snecko","floor":30,"turns":4},{"damage":76,"enemies":"Champ","floor":33,"turns":9},{"damage":7,"enemies":"3 Shapes","floor":35,"turns":3},{"damage":0,"enemies":"3 Darklings","floor":36,"turns":3},{"damage":26,"enemies":"2 Orb Walkers","floor":37,"turns":4},{"damage":18,"enemies":"Writhing Mass","floor":38,"turns":5},{"damage":0,"enemies":"Transient","floor":41,"turns":5},{"damage":0,"enemies":"Mind Bloom Boss Battle","floor":42,"turns":3},{"damage":0,"enemies":"Sphere and 2 Shapes","floor":45,"turns":3},{"damage":7,"enemies":"3 Darklings","floor":48,"turns":2},{"damage":57,"enemies":"Time Eater","floor":50,"turns":6}],"seed_played":"7857098539641504271","potions_obtained":[{"floor":1.0,"key":"DuplicationPotion"},{"floor":11.0,"key":"DuplicationPotion"},{"floor":13.0,"key":"LiquidBronze"},{"floor":18.0,"key":"Strength Potion"},{"floor":33,"key":"EssenceOfSteel"},{"floor":37,"key":"Regen Potion"},{"floor":42,"key":"PowerPotion"},{"floor":48,"key":"AttackPotion"}],"is_trial":false,"path_per_floor":["M","?","$","?","M","R","?","M","T","R","E","R","E","M","R","B",null,"M","M","?","?","$","R","?","$","T","?","R","$","M","?","R","B",null,"M","M","?","M","$","R","M","?","T","R","M","?","?","M","R","B",null],"character_chosen":"DEFECT","items_purchased":["Gash","Melter+1","Bronze Scales","Nunchaku","Swift Potion"],"campfire_rested":1,"item_purchase_floors":[3,22,22,39,39],"current_hp_per_floor":[73,66,66,71,68,68,65,64,64,64,49,49,44,48,54,26,67,51,49,49,49,49,58,58,58,58,58,67,67,47,47,80,16,64,64,71,52,53,53,62,69,76,76,80,80,80,80,73,80,35],"gold":115,"neow_bonus":"THREE_CARDS","is_daily":false,"chose_seed":false,"campfire_upgraded":9,"win_rate":0.0,"timestamp":1613284504,"path_taken":["M","?","$","?","M","R","?","?","T","R","E","R","E","M","R","BOSS","M","?","?","?","$","R","?","$","T","?","R","$","?","?","R","BOSS","M","M","?","M","$","R","M","?","T","R","M","?","?","M","R","BOSS"],"items_purchased_type":["Card","Card","Relic","Relic","Potion"],"build_version":"2020-12-22","purchased_purges":2,"victory":true,"max_hp_per_floor":[75,75,75,80,80,80,80,80,80,80,80,80,80,80,80,80,80,80,80,80,80,80,80,80,80,80,80,80,80,80,80,80,80,80,80,80,80,80,80,80,80,80,80,80,80,80,80,80,80,80],"card_choices":[{"not_picked":["Leap","Conserve Battery"],"picked":"Steam Power","floor":0.0},{"not_picked":["Fusion","Beam Cell","Leap"],"picked":"SKIP","floor":1.0},{"not_picked":["Leap","Reinforced Body"],"picked":"Melter","floor":5.0},{"not_picked":["Leap","Barrage"],"picked":"Sweeping Beam","floor":8.0},{"not_picked":["Hello World","Steam","Force Field"],"picked":"SKIP","floor":11.0},{"not_picked":["Recycle","Steam","Doom and Gloom+1"],"picked":"SKIP","floor":13.0},{"not_picked":["Doom and Gloom+1","Glacier","Steam"],"picked":"SKIP","floor":14.0},{"not_picked":["Core Surge+1","Meteor Strike+1"],"picked":"Machine Learning","floor":16.0},{"not_picked":[],"picked":"Beam Cell+1","floor":18.0},{"not_picked":["Stack"],"picked":"SKIP","floor":19.0},{"not_picked":["Rebound+1"],"picked":"SKIP","floor":30},{"not_picked":[],"picked":"Reboot","floor":33},{"not_picked":[],"picked":"White Noise+1","floor":35},{"not_picked":["Reprogram+1"],"picked":"SKIP","floor":36},{"not_picked":["Hologram"],"picked":"SKIP","floor":38},{"not_picked":["Hologram"],"picked":"SKIP","floor":38},{"not_picked":[],"picked":"Cold Snap+1","floor":41},{"not_picked":["Reprogram+1"],"picked":"SKIP","floor":45},{"not_picked":["White Noise+1"],"picked":"SKIP","floor":48}],"player_experience":600010,"relics_obtained":[{"floor":9.0,"key":"Molten Egg 2"},{"floor":11.0,"key":"Meat on the Bone"},{"floor":13.0,"key":"Eternal Feather"},{"floor":26,"key":"Oddly Smooth Stone"},{"floor":37,"key":"Emotion Chip"},{"floor":42,"key":"StoneCalendar"},{"floor":43,"key":"The Courier"}],"event_choices":[{"cards_removed":["Strike_B"],"damage_healed":0.0,"max_hp_gain":0.0,"max_hp_loss":0.0,"gold_gain":0.0,"event_name":"Golden Wing","player_choice":"Card Removal","floor":2.0,"gold_loss":0.0,"damage_taken":7.0},{"damage_healed":0.0,"max_hp_gain":5.0,"max_hp_loss":0.0,"gold_gain":0.0,"event_name":"Big Fish","player_choice":"Donut","floor":4.0,"gold_loss":0.0,"damage_taken":0.0},{"damage_healed":0.0,"max_hp_gain":0.0,"max_hp_loss":0.0,"gold_gain":0.0,"event_name":"Scrap Ooze","player_choice":"Success","floor":7.0,"gold_loss":0.0,"damage_taken":3.0,"relics_obtained":["Gremlin Horn"]},{"damage_healed":0.0,"max_hp_gain":0.0,"max_hp_loss":0.0,"gold_gain":0.0,"event_name":"Ghosts","player_choice":"Ignored","floor":20.0,"gold_loss":0.0,"damage_taken":0.0},{"damage_healed":0,"gold_gain":0,"player_choice":"Ignored","damage_taken":0,"max_hp_gain":0,"max_hp_loss":0,"event_name":"Cursed Tome","floor":21,"gold_loss":0},{"damage_healed":0,"gold_gain":0,"player_choice":"Read","damage_taken":0,"max_hp_gain":0,"max_hp_loss":0,"event_name":"The Library","floor":24,"gold_loss":0,"cards_obtained":["Gash"]},{"damage_healed":0,"gold_gain":0,"player_choice":"Paid Gold","damage_taken":0,"relics_obtained":["Symbiotic Virus"],"max_hp_gain":0,"max_hp_loss":0,"event_name":"WeMeetAgain","floor":27,"gold_loss":50},{"damage_healed":0,"gold_gain":99,"player_choice":"Stole From Cult","damage_taken":0,"max_hp_gain":0,"max_hp_loss":0,"event_name":"Nest","floor":31,"gold_loss":0},{"damage_healed":0,"gold_gain":0,"player_choice":"Fight","damage_taken":0,"max_hp_gain":0,"max_hp_loss":0,"event_name":"Mysterious Sphere","floor":37,"gold_loss":0},{"damage_healed":0,"gold_gain":0,"player_choice":"Fight","damage_taken":0,"max_hp_gain":0,"max_hp_loss":0,"event_name":"MindBloom","floor":42,"gold_loss":0},{"cards_removed":["Self Repair"],"damage_healed":0,"gold_gain":0,"player_choice":"Removed Power","damage_taken":0,"max_hp_gain":0,"max_hp_loss":0,"event_name":"Falling","floor":46,"gold_loss":0},{"damage_healed":0,"gold_gain":0,"player_choice":"Memory 1","damage_taken":0,"max_hp_gain":0,"max_hp_loss":0,"event_name":"SensoryStone","floor":47,"gold_loss":0}],"is_beta":false,"boss_relics":[{"not_picked":["Astrolabe","Runic Pyramid"],"picked":"Busted Crown"},{"not_picked":["Black Star","SacredBark"],"picked":"Pandora\u0027s Box"}],"items_purged_floors":[22,39],"is_endless":false,"potions_floor_spawned":[1,11,13,18,33,37,42,48],"ascension_level":5}}