{"host":"sav7uxregyirlf69","time":1613291257,"event":{"mods":["AchievementEnabler","BaseMod","Colored Map","DeckTracker","Keyboard Shortcuts","Minty Spire (QoL Compilation)","READ ME - Guardian Mod","StSLib","SuperFastMode"],"gold_per_floor":[109,129,129,129,54,54,74,74,126,144,144,144,162,187,187,280,280,300,300,313,326,14,14,14,14],"floor_reached":24,"language":"KOR","playtime":541,"items_purged":["Defend_G","Strike_G"],"score":376,"play_id":"cbe1be5e-8717-4316-965c-859ad99f4734","local_time":"20210214172737","is_ascension_mode":true,"campfire_choices":[{"data":"Deadly Poison","floor":6.0,"key":"SMITH"},{"floor":8.0,"key":"REST"},{"data":"Tactician","floor":11.0,"key":"SMITH"},{"data":"Neutralize","floor":15,"key":"SMITH"},{"floor":23,"key":"REST"}],"circlet_count":0,"master_deck":["AscendersBane","Strike_G","Strike_G+1","Strike_G","Defend_G","Defend_G","Defend_G","Survivor+1","Neutralize+1","Doppelganger","After Image","Deadly Poison+1","Blur","Tactician+1","Footwork","Acrobatics","Adrenaline","Well Laid Plans","Backflip","Escape Plan"],"relics":["Ring of the Snake","Bloody Idol","Pen Nib","Sozu","TwistedFunnel"],"acts_visited":["Exordium","TheCity"],"potions_floor_usage":[14,14,14,16,24],"damage_taken":[{"damage":0.0,"enemies":"2 Louse","floor":1.0,"turns":4.0},{"damage":3.0,"enemies":"Jaw Worm","floor":2.0,"turns":4.0},{"damage":0.0,"enemies":"Cultist","floor":7.0,"turns":3.0},{"damage":7.0,"enemies":"Looter","floor":10.0,"turns":4.0},{"damage":9,"enemies":"Large Slime","floor":13,"turns":9},{"damage":5,"enemies":"Gremlin Gang","floor":14,"turns":5},{"damage":17,"enemies":"The Guardian","floor":16,"turns":12},{"damage":22,"enemies":"3 Byrds","floor":18,"turns":7},{"damage":12,"enemies":"Chosen","floor":20,"turns":6},{"damage":14,"enemies":"Centurion and Healer","floor":21,"turns":8},{"damage":30,"enemies":"Slavers","floor":24,"turns":3}],"seed_played":"1924298910209909777","potions_obtained":[{"floor":2.0,"key":"EntropicBrew"},{"floor":10.0,"key":"Regen Potion"},{"floor":14,"key":"DuplicationPotion"}],"is_trial":false,"path_per_floor":["M","M","?","?","$","R","M","R","T","M","R","?","M","M","R","B",null,"M","?","M","M","$","R","E"],"character_chosen":"THE_SILENT","items_purchased":["Escape Plan","TwistedFunnel"],"campfire_rested":2,"item_purchase_floors":[22,22],"current_hp_per_floor":[44,41,41,23,23,23,23,41,41,34,34,34,25,35,35,18,50,28,28,21,12,12,30,0,0],"gold":14,"neow_bonus":"TRANSFORM_TWO_CARDS","is_daily":false,"chose_seed":false,"campfire_upgraded":3,"win_rate":0.0,"timestamp":1613291257,"path_taken":["M","M","?","?","$","R","M","R","T","M","R","?","?","M","R","BOSS","M","?","M","M","$","R","E"],"items_purchased_type":["Card","Relic"],"build_version":"2020-12-22","purchased_purges":2,"victory":false,"max_hp_per_floor":[66,66,60,60,60,60,60,60,60,60,60,60,60,60,60,60,60,60,60,60,60,60,60,60,60],"card_choices":[{"not_picked":["Slice","Deadly Poison","Expertise"],"picked":"SKIP","floor":1.0},{"not_picked":["Slice","Expertise"],"picked":"Deadly Poison","floor":1.0},{"not_picked":["Concentrate","PiercingWail"],"picked":"Blur","floor":2.0},{"not_picked":["Acrobatics","Infinite Blades"],"picked":"Tactician","floor":7.0},{"not_picked":["Slice","Blur"],"picked":"Footwork","floor":10.0},{"not_picked":["Blade Dance","Phantasmal Killer"],"picked":"Acrobatics","floor":13},{"not_picked":["Backflip","Sucker Punch","Flying Knee"],"picked":"SKIP","floor":14},{"not_picked":["Tools of the Trade","Phantasmal Killer"],"picked":"Adrenaline","floor":16},{"not_picked":["Prepared","Poisoned Stab","Setup"],"picked":"SKIP","floor":18},{"not_picked":["Blur","Calculated Gamble"],"picked":"Well Laid Plans","floor":20},{"not_picked":["Poisoned Stab","Dodge and Roll+1"],"picked":"Backflip","floor":21}],"player_experience":1566932,"relics_obtained":[{"floor":9.0,"key":"Pen Nib"}],"event_choices":[{"damage_healed":0.0,"max_hp_gain":0.0,"max_hp_loss":6.0,"gold_gain":0.0,"event_name":"Golden Idol","player_choice":"Lose Max HP","floor":3.0,"gold_loss":0.0,"damage_taken":0.0,"relics_obtained":["Golden Idol"]},{"damage_healed":0.0,"max_hp_gain":0.0,"max_hp_loss":0.0,"gold_gain":0.0,"event_name":"Shining Light","player_choice":"Entered Light","floor":4.0,"gold_loss":0.0,"damage_taken":18.0,"cards_upgraded":["Strike_G","Survivor"]},{"damage_healed":0,"gold_gain":0,"player_choice":"0 cards matched","damage_taken":0,"max_hp_gain":0,"max_hp_loss":0,"event_name":"Match and Keep!","floor":12,"gold_loss":0,"cards_obtained":[]},{"damage_healed":0,"gold_gain":0,"player_choice":"Gave Idol","damage_taken":0,"relics_obtained":["Bloody Idol"],"max_hp_gain":0,"max_hp_loss":0,"event_name":"Forgotten Altar","floor":19,"relics_lost":["Golden Idol"],"gold_loss":0}],"is_beta":false,"boss_relics":[{"not_picked":["SacredBark","Cursed Key"],"picked":"Sozu"}],"items_purged_floors":[5,22],"is_endless":false,"potions_floor_spawned":[2,10,14],"killed_by":"Slavers","ascension_level":20}}