{"host":"u0qetpmu4y58k1tf","time":1613289209,"event":{"mods":["100% Spire Juice","AchievementEnabler","Act Like it!","BaseMod","CapriCore","Colored Map","Colored Powertips","Hermit","Koishi","Marisa£¨Ùöéë¡¡Øª×âÞÞ£©","Minty Spire (QoL Compilation)","Quick Restart","Reliquary","Replay The Spire","StSLib","Td1madao Mod","The Bug Knight","The Cursed","The Dragon Tamer","The Gatherer","The Hierophant","The Immortal","The Jungle","The Runesmith","WarShipGirlsR/??á´Ò³R mod"],"gold_per_floor":[119,119,69,2,16,16,51,75,75,75,89,15,51,76,76,76,76],"floor_reached":16,"language":"KOR","playtime":594,"items_purged":[],"score":135,"play_id":"45ea8874-14e0-4c16-aa5a-93022838f6fa","local_time":"20210214165329","is_ascension_mode":false,"campfire_choices":[{"data":"HollowMod:SlysStrikes","floor":6,"key":"SMITH"},{"floor":15,"key":"REST"}],"circlet_count":0,"master_deck":["HollowMod:NailStrikeStart","HollowMod:NailStrikeStart","HollowMod:NailStrikeStart","HollowMod:QuickDashStart","HollowMod:QuickDashStart","HollowMod:QuickDashStart","HollowMod:FocusHealStart","HollowMod:PogoStrike","HollowMod:NewGlowingWomb","HollowMod:SlysStrikes+1","HollowMod:CloakDash","HollowMod:InfectedAttack","HollowMod:NewGlowingWomb"],"relics":["HollowMod:VesselMask","NeowsBlessing","Golden Idol","reliquary:HotPoker","Peace Pipe","Akabeko","Centennial Puzzle"],"acts_visited":["Exordium"],"potions_floor_usage":[13],"damage_taken":[{"damage":0,"enemies":"Small Slimes","floor":1,"turns":1},{"damage":0,"enemies":"Cultist","floor":5,"turns":1},{"damage":0,"enemies":"Lagavulin","floor":7,"turns":1},{"damage":13,"enemies":"Jaw Worm","floor":8,"turns":4},{"damage":3,"enemies":"Red Slaver","floor":11,"turns":4},{"damage":28,"enemies":"Gremlin Nob","floor":13,"turns":4},{"damage":21,"enemies":"Large Slime","floor":14,"turns":5},{"damage":44,"enemies":"Fading Forest","floor":16,"turns":7}],"seed_played":"5356362724214695117","potions_obtained":[{"floor":7,"key":"BlessingOfTheForge"},{"floor":8,"key":"Explosive Potion"},{"floor":14,"key":"Fire Potion"}],"is_trial":false,"path_per_floor":["M","?","?","?","M","R","E","M","T","?","M","$","E","M","R","B"],"character_chosen":"THE_BUGKNIGHT","items_purchased":["HollowMod:NewGlowingWomb"],"campfire_rested":1,"item_purchase_floors":[12],"current_hp_per_floor":[75,57,57,57,57,57,57,44,44,44,47,47,25,10,32,0,0],"gold":76,"neow_bonus":"THREE_ENEMY_KILL","is_daily":false,"chose_seed":false,"campfire_upgraded":1,"win_rate":0.0,"timestamp":1613289209,"path_taken":["M","?","?","?","?","R","E","M","T","?","?","$","E","M","R","BOSS"],"items_purchased_type":["Card"],"build_version":"2020-12-22","purchased_purges":0,"victory":false,"max_hp_per_floor":[75,75,75,75,75,75,75,75,75,75,75,75,75,75,75,75,75],"card_choices":[{"not_picked":["HollowMod:VengefulVoid","HollowMod:SharpenedNail"],"picked":"HollowMod:NewGlowingWomb","floor":1},{"not_picked":["HollowMod:VengefulSpirit","HollowMod:SoulStrike"],"picked":"HollowMod:SlysStrikes","floor":5},{"not_picked":["HollowMod:GrimmsGift","HollowMod:NewJinnsSoul","HollowMod:InfectedCysts"],"picked":"SKIP","floor":7},{"not_picked":["HollowMod:QuirrelsAssistance","HollowMod:GreatSlash"],"picked":"HollowMod:CloakDash","floor":8},{"not_picked":["HollowMod:InfectionAssault","HollowMod:QuirrelsAssistance"],"picked":"HollowMod:InfectedAttack","floor":11},{"not_picked":["HollowMod:HeavyBlow","HollowMod:GoodIntentions","HollowMod:DashSlash"],"picked":"SKIP","floor":13},{"not_picked":["HollowMod:SiblingsSouls","HollowMod:HowlingWraiths","HollowMod:ShadowDash"],"picked":"SKIP","floor":14}],"player_experience":152578,"relics_obtained":[{"floor":7,"key":"Peace Pipe"},{"floor":9,"key":"Akabeko"},{"floor":13,"key":"Centennial Puzzle"}],"event_choices":[{"damage_healed":0,"gold_gain":0,"player_choice":"Take Damage","damage_taken":18,"relics_obtained":["Golden Idol"],"max_hp_gain":0,"max_hp_loss":0,"event_name":"Golden Idol","floor":2,"gold_loss":0},{"cards_removed":["HollowMod:NailStrikeStart"],"damage_healed":0,"gold_gain":0,"player_choice":"Card Removal","damage_taken":0,"max_hp_gain":0,"max_hp_loss":0,"event_name":"The Cleric","floor":3,"gold_loss":50},{"damage_healed":0,"gold_gain":0,"player_choice":"Paid Gold","damage_taken":0,"relics_obtained":["reliquary:HotPoker"],"max_hp_gain":0,"max_hp_loss":0,"event_name":"WeMeetAgain","floor":4,"gold_loss":67},{"cards_removed":["HollowMod:QuickDashStart"],"damage_healed":0,"gold_gain":0,"player_choice":"Purged","damage_taken":0,"max_hp_gain":0,"max_hp_loss":0,"event_name":"Purifier","floor":10,"gold_loss":0}],"is_beta":false,"boss_relics":[],"items_purged_floors":[],"is_endless":false,"potions_floor_spawned":[7,8,14],"killed_by":"Fading Forest","ascension_level":0}}