{"host":"avjwtc49fhlk6kym","time":1613346771,"event":{"mods":["AchievementEnabler","BaseMod","Better Match","Better Note","Better Third Choice","Colored Map","Colored Powertips","Displayed Cursed Tome","Highlight Path","Minty Spire (QoL Compilation)","Permanent Neow","Quick Restart","StSLib"],"gold_per_floor":[114,36,36,36,36,36,51,51,77,92,118,118,118,132,132,263,263,276,9,9,9,25,59,59,59,85,85,4,4,4,34,34,134,134,152,152,172,192,17,17,42,82,135,153,153,163,180,213,213,213,213,213,7,37,37,37],"floor_reached":55,"language":"ENG","playtime":2629,"items_purged":[],"score":772,"play_id":"9c28db1f-b6eb-4ee9-b98a-431ddec0eb0d","local_time":"20210214185251","is_ascension_mode":true,"campfire_choices":[{"data":"Eruption","floor":6.0,"key":"SMITH"},{"data":"LikeWater","floor":8.0,"key":"SMITH"},{"floor":12,"key":"REST"},{"data":"ReachHeaven","floor":15,"key":"SMITH"},{"data":"Apotheosis","floor":25,"key":"SMITH"},{"floor":27,"key":"RECALL"},{"data":"CrushJoints","floor":32,"key":"SMITH"},{"data":"HandOfGreed","floor":40,"key":"SMITH"},{"floor":45,"key":"REST"},{"floor":49,"key":"REST"},{"data":"CrushJoints","floor":52,"key":"SMITH"}],"circlet_count":0,"master_deck":["Strike_P+1","Strike_P+1","Strike_P+1","Defend_P+1","Defend_P+1","Defend_P+1","Eruption+1","Vigilance","Wireheading","LikeWater+1","FearNoEvil","ReachHeaven+1","CrushJoints+1","Brilliance","Consecrate+1","Apotheosis+1","LikeWater","CrushJoints+1","PathToVictory+1","Swivel","Prostrate","RitualDagger","MasterReality","ConjureBlade","Protect+1","Sanctity","WheelKick+1","HandOfGreed+1","SandsOfTime+1","ReachHeaven","FlyingSleeves+1","Evaluate+1","PathToVictory","Prostrate","DevaForm"],"relics":["PureWater","Orichalcum","Lantern","Omamori","CloakClasp","Bloody Idol","Sozu","Meat on the Bone","MealTicket","Anchor","SlaversCollar","Centennial Puzzle","Pen Nib","Sling","Bronze Scales"],"acts_visited":["Exordium","TheCity","TheBeyond","TheEnding"],"potions_floor_usage":[11,14,18],"damage_taken":[{"damage":3.0,"enemies":"Jaw Worm","floor":1.0,"turns":3.0},{"damage":0.0,"enemies":"2 Louse","floor":7.0,"turns":2.0},{"damage":0.0,"enemies":"Small Slimes","floor":10.0,"turns":3.0},{"damage":18,"enemies":"Gremlin Nob","floor":11,"turns":3},{"damage":5,"enemies":"Looter","floor":14,"turns":2},{"damage":14,"enemies":"Slime Boss","floor":16,"turns":10},{"damage":6,"enemies":"2 Thieves","floor":18,"turns":3},{"damage":0,"enemies":"Chosen","floor":22,"turns":4},{"damage":28,"enemies":"Gremlin Leader","floor":23,"turns":6},{"damage":8,"enemies":"Book of Stabbing","floor":31,"turns":6},{"damage":42,"enemies":"Champ","floor":33,"turns":11},{"damage":3,"enemies":"3 Shapes","floor":35,"turns":9},{"damage":11,"enemies":"Orb Walker","floor":37,"turns":4},{"damage":40,"enemies":"Sphere and 2 Shapes","floor":38,"turns":4},{"damage":9,"enemies":"Giant Head","floor":41,"turns":7},{"damage":21,"enemies":"Jaw Worm Horde","floor":42,"turns":5},{"damage":8,"enemies":"3 Darklings","floor":44,"turns":5},{"damage":9,"enemies":"Spire Growth","floor":46,"turns":5},{"damage":21,"enemies":"Writhing Mass","floor":47,"turns":7},{"damage":33,"enemies":"Reptomancer","floor":48,"turns":9},{"damage":46,"enemies":"Donu and Deca","floor":50,"turns":10},{"damage":42,"enemies":"Shield and Spear","floor":54,"turns":6},{"damage":82,"enemies":"The Heart","floor":55,"turns":3}],"seed_played":"-9156843208004542271","potions_obtained":[{"floor":1.0,"key":"EssenceOfSteel"},{"floor":11,"key":"Regen Potion"},{"floor":16,"key":"Energy Potion"}],"is_trial":false,"path_per_floor":["M","$","?","?","?","R","M","R","T","M","E","R","?","M","R","B",null,"M","$","?","?","M","E","?","R","T","R","$","?","$","E","R","B",null,"M","?","M","M","$","R","E","M","T","M","R","M","M","E","R","B",null,"R","$","E","B"],"character_chosen":"WATCHER","items_purchased":["LikeWater","Apotheosis","LikeWater","Swivel","Prostrate","HandOfGreed","Sling","Prostrate"],"campfire_rested":3,"item_purchase_floors":[2,19,19,28,28,39,53,53],"current_hp_per_floor":[69,69,55,48,41,41,41,41,41,41,23,44,44,44,44,30,72,66,66,66,66,71,48,48,48,53,53,68,62,72,69,69,44,72,72,72,66,43,58,58,54,43,48,45,66,62,46,30,51,17,72,72,72,47,0,0],"gold":37,"neow_bonus":"RANDOM_COMMON_RELIC","is_daily":false,"chose_seed":false,"campfire_upgraded":7,"win_rate":0.0,"timestamp":1613346771,"path_taken":["M","$","?","?","?","R","M","R","T","M","E","R","?","M","R","BOSS","M","$","?","?","M","E","?","R","T","R","$","?","?","E","R","BOSS","M","?","M","M","$","R","E","M","T","?","R","?","M","E","R","BOSS","R","$","E","BOSS"],"items_purchased_type":["Card","Card","Card","Card","Card","Card","Relic","Card"],"build_version":"2020-12-22","purchased_purges":0,"victory":false,"max_hp_per_floor":[72,72,72,72,72,72,72,72,72,72,72,72,72,72,72,72,72,72,72,72,72,72,72,72,72,72,72,72,72,72,72,72,72,72,72,72,72,72,72,72,72,72,72,72,72,72,72,72,72,72,72,72,72,72,72,72],"card_choices":[{"not_picked":["FlurryOfBlows","ThirdEye"],"picked":"Wireheading","floor":1.0},{"not_picked":["Perseverance","FollowUp"],"picked":"FearNoEvil","floor":7.0},{"not_picked":["PathToVictory","FollowUp"],"picked":"ReachHeaven","floor":10},{"not_picked":["CutThroughFate","SpiritShield"],"picked":"CrushJoints","floor":11},{"not_picked":["Crescendo","Tantrum","MentalFortress"],"picked":"SKIP","floor":14},{"not_picked":["Alpha","Wish"],"picked":"Brilliance","floor":16},{"not_picked":["BowlingBash","Indignation+1"],"picked":"Consecrate+1","floor":18},{"not_picked":["SashWhip","Pray"],"picked":"CrushJoints","floor":22},{"not_picked":["CutThroughFate","InnerPeace"],"picked":"PathToVictory+1","floor":23},{"not_picked":["ForeignInfluence+1","Wallop"],"picked":"MasterReality","floor":31},{"not_picked":["Vault","Blasphemy"],"picked":"ConjureBlade","floor":33},{"not_picked":["CarveReality","Meditate+1"],"picked":"Protect+1","floor":35},{"not_picked":["ClearTheMind+1","CutThroughFate"],"picked":"Sanctity","floor":37},{"not_picked":["WreathOfFlame+1","Wireheading+1"],"picked":"WheelKick+1","floor":38},{"not_picked":["Consecrate+1","JustLucky+1"],"picked":"SandsOfTime+1","floor":41},{"not_picked":["WreathOfFlame+1","Crescendo"],"picked":"ReachHeaven","floor":42},{"not_picked":["EmptyFist+1","Tantrum+1","Nirvana+1"],"picked":"SKIP","floor":44},{"not_picked":["Adaptation+1","Halt+1"],"picked":"FlyingSleeves+1","floor":46},{"not_picked":["Sanctity","ClearTheMind+1"],"picked":"Evaluate+1","floor":47},{"not_picked":["Omniscience","EmptyFist"],"picked":"PathToVictory","floor":48},{"not_picked":["Brilliance","EmptyFist+1"],"picked":"DevaForm","floor":54}],"player_experience":451066,"relics_obtained":[{"floor":9.0,"key":"Omamori"},{"floor":11,"key":"CloakClasp"},{"floor":23,"key":"Meat on the Bone"},{"floor":26,"key":"MealTicket"},{"floor":31,"key":"Anchor"},{"floor":41,"key":"Centennial Puzzle"},{"floor":48,"key":"Pen Nib"},{"floor":54,"key":"Bronze Scales"}],"event_choices":[{"damage_healed":69.0,"max_hp_gain":0.0,"max_hp_loss":72.0,"gold_gain":0.0,"event_name":"betterThird:BetterShining","player_choice":"Upgrade","floor":3.0,"gold_loss":0.0,"damage_taken":14.0,"cards_upgraded":["Strike_P","Defend_P"]},{"cards_removed":["Defend_P"],"damage_healed":0.0,"max_hp_gain":0.0,"max_hp_loss":0.0,"gold_gain":0.0,"event_name":"Golden Wing","player_choice":"Card Removal","floor":4.0,"gold_loss":0.0,"damage_taken":7.0},{"damage_healed":0.0,"max_hp_gain":0.0,"max_hp_loss":0.0,"gold_gain":0.0,"event_name":"betterThird:BetterScrap","player_choice":"Relic ","floor":5.0,"gold_loss":0.0,"damage_taken":7.0,"cards_obtained":["Chaos"]},{"damage_healed":0,"gold_gain":0,"player_choice":"Take Wound","damage_taken":0,"relics_obtained":["Golden Idol"],"max_hp_gain":0,"max_hp_loss":0,"event_name":"Golden Idol","floor":13,"gold_loss":0,"cards_obtained":["Injury"]},{"damage_healed":0,"gold_gain":0,"player_choice":"Simplicity","damage_taken":0,"max_hp_gain":0,"max_hp_loss":5,"event_name":"betterThird:BetterWriting","floor":20,"gold_loss":0},{"damage_healed":0,"gold_gain":0,"player_choice":"Gave Idol","damage_taken":0,"relics_obtained":["Bloody Idol"],"max_hp_gain":0,"max_hp_loss":0,"event_name":"Forgotten Altar","floor":21,"relics_lost":["Golden Idol"],"gold_loss":0},{"damage_healed":0,"gold_gain":0,"player_choice":"Ignored","damage_taken":0,"max_hp_gain":0,"max_hp_loss":0,"event_name":"Ghosts","floor":24,"gold_loss":0},{"damage_healed":0,"gold_gain":0,"player_choice":"Dagger","damage_taken":6,"max_hp_gain":0,"max_hp_loss":0,"event_name":"betterThird:BetterNest","floor":29,"gold_loss":0,"cards_obtained":["RitualDagger"]},{"cards_removed":["Strike_P"],"damage_healed":0,"gold_gain":0,"player_choice":"Purged","damage_taken":0,"max_hp_gain":0,"max_hp_loss":0,"event_name":"Purifier","floor":36,"gold_loss":0}],"is_beta":false,"boss_relics":[{"not_picked":["Busted Crown","Runic Pyramid"],"picked":"Sozu"},{"not_picked":["SacredBark","Pandora\u0027s Box"],"picked":"SlaversCollar"}],"items_purged_floors":[],"is_endless":false,"potions_floor_spawned":[1,11,16,18,22,23,33,41,42,46,47,48,54],"killed_by":"The Heart","ascension_level":1}}