{"host":"8dytqszkx6ijebks","time":1613290288,"event":{"mods":["AchievementEnabler","BaseMod","Colored Map","DeckTracker","Keyboard Shortcuts","Minty Spire (QoL Compilation)","Permanent Neow","SuperFastMode","everything is the same but u backflip on backflip"],"gold_per_floor":[20,20,20,20,34,34,59,59,59,59,59,78,95,109,109,109,109],"floor_reached":16,"language":"KOR","playtime":549,"items_purged":[],"score":120,"play_id":"bf0afc3d-ec22-410e-9ba7-88d8084c807f","local_time":"20210214171128","is_ascension_mode":true,"campfire_choices":[{"data":"Barricade","floor":6,"key":"SMITH"},{"floor":8,"key":"REST"},{"data":"Madness","floor":11,"key":"SMITH"},{"floor":15,"key":"REST"}],"circlet_count":0,"master_deck":["Strike_R","Strike_R","Strike_R","Strike_R","Strike_R","Defend_R","Defend_R","Defend_R","Defend_R","Barricade+1","Madness+1","Havoc","Shrug It Off"],"relics":["Burning Blood","Omamori","Darkstone Periapt","Anchor"],"acts_visited":["Exordium"],"potions_floor_usage":[16],"damage_taken":[{"damage":3,"enemies":"Jaw Worm","floor":1,"turns":5},{"damage":8,"enemies":"2 Louse","floor":5,"turns":3},{"damage":74,"enemies":"Gremlin Nob","floor":7,"turns":7},{"damage":0,"enemies":"Cultist","floor":12,"turns":5},{"damage":15,"enemies":"Exordium Wildlife","floor":13,"turns":9},{"damage":19,"enemies":"Exordium Thugs","floor":14,"turns":5},{"damage":56,"enemies":"Slime Boss","floor":16,"turns":9}],"seed_played":"2716389803563810400","potions_obtained":[{"floor":12,"key":"EssenceOfSteel"},{"floor":14,"key":"Dexterity Potion"}],"is_trial":false,"path_per_floor":["M","?","?","?","M","R","E","R","T","T","R","M","M","M","R","B"],"character_chosen":"IRONCLAD","items_purchased":[],"campfire_rested":2,"item_purchase_floors":[],"current_hp_per_floor":[80,80,85,85,83,83,15,40,40,40,40,46,37,24,49,0,0],"gold":109,"neow_bonus":"THREE_RARE_CARDS","is_daily":false,"chose_seed":false,"campfire_upgraded":2,"win_rate":0.0,"timestamp":1613290288,"path_taken":["M","?","?","?","?","R","E","R","T","?","R","M","M","M","R","BOSS"],"items_purchased_type":[],"build_version":"2020-12-22","purchased_purges":0,"victory":false,"max_hp_per_floor":[80,80,85,85,85,85,85,85,85,85,85,85,85,85,85,85,85],"card_choices":[{"not_picked":["Corruption","Exhume"],"picked":"Barricade","floor":0},{"not_picked":["Iron Wave","Thunderclap","Cleave"],"picked":"SKIP","floor":1},{"not_picked":["Thunderclap","Flex"],"picked":"Havoc","floor":5},{"not_picked":["Rampage","Dark Embrace","Pommel Strike"],"picked":"SKIP","floor":7},{"not_picked":["Clothesline","Twin Strike"],"picked":"Shrug It Off","floor":12},{"not_picked":["Flex","Perfected Strike","Infernal Blade"],"picked":"SKIP","floor":13},{"not_picked":["Havoc","Perfected Strike","Cleave"],"picked":"SKIP","floor":14}],"player_experience":266424,"relics_obtained":[{"floor":7,"key":"Omamori"},{"floor":9,"key":"Darkstone Periapt"},{"floor":10,"key":"Anchor"}],"event_choices":[{"cards_removed":["Bash"],"damage_healed":0,"gold_gain":0,"player_choice":"Forget","damage_taken":0,"max_hp_gain":0,"max_hp_loss":0,"event_name":"Living Wall","floor":2,"gold_loss":0},{"damage_healed":0,"gold_gain":0,"player_choice":"Donut","damage_taken":0,"max_hp_gain":5,"max_hp_loss":0,"event_name":"Big Fish","floor":3,"gold_loss":0},{"damage_healed":0,"gold_gain":0,"player_choice":"1 cards matched","damage_taken":0,"max_hp_gain":0,"max_hp_loss":0,"event_name":"Match and Keep!","floor":4,"gold_loss":0,"cards_obtained":["Madness"]}],"is_beta":false,"boss_relics":[],"items_purged_floors":[],"is_endless":false,"potions_floor_spawned":[12,14],"killed_by":"Slime Boss","ascension_level":4}}