{"host":"uzp1tn8qxn9571p9","time":1613338127,"event":{"mods":["Aspiration","BaseMod","Bossed Relics","Colored Map","Colored Powertips","Curses Come First","Hermit","Marisa£®ÏF”Í°°ƒß¿Ì…≥£©","Mimic Mod","Minty Spire (QoL Compilation)","Somnambulant","StSLib","The Construct","The Hierophant","The Jungle","The Marked","The Runesmith","The Spell Scribe"],"gold_per_floor":[115,6,24,53,87,87,97,51,51,70,70,99,159,201,201,335,335,369,369,279,313,588,588,638,638,638,718,744,104,104,144,144,298,298,358,385,112,154,154,154,229,241,300,348,360,6,6,6,6,6,6,6,6,63,63],"floor_reached":56,"language":"ZHS","playtime":3784,"items_purged":["Strike_MRS","Regret","WitchOfGreed","TreasureHunter"],"score":1237,"play_id":"caa76561-ac46-4ad8-80ac-727837998563","local_time":"20210215052847","is_ascension_mode":false,"campfire_choices":[{"data":"FairyDestructionRay","floor":6.0,"key":"SMITH"},{"data":"CollectingQuirk","floor":15.0,"key":"SMITH"},{"floor":23.0,"key":"DIG"},{"floor":25.0,"key":"DIG"},{"floor":30.0,"key":"DIG"},{"floor":32.0,"key":"DIG"},{"floor":40.0,"key":"DIG"},{"data":"MillisecondPulsars","floor":42.0,"key":"SMITH"},{"data":"EnergyFlow","floor":47.0,"key":"SMITH"},{"floor":49.0,"key":"RECALL"},{"floor":52.0,"key":"DIG"}],"circlet_count":0,"master_deck":["Strike_MRS+1","Strike_MRS+1","Defend_MRS+1","Defend_MRS+1","Defend_MRS+1","Defend_MRS+1","MasterSpark+1","UpSweep+1","EnergyFlow+1","FairyDestructionRay+1","SporeBomb","Singularity","WitchOfGreed","GrandCross","MagicAbsorber","CollectingQuirk+1","EarthLightRay","BigCrunch","IllusionStar","WitchOfGreed+1","MysteriousBeam","DC+1","IllusionStar+1","ManaConvection","MillisecondPulsars+1","MilkyWay+1","EnergyFlow","AlicesGift","MachineGunSpark+1","Panache","Secret Weapon","StarlightTyphoon+1","DragonMeteor+1","The Bomb","CollectingQuirk+1","Madness","Madness","DragonMeteor+1"],"relics":["MiniHakkero","aspiration:Nostalgia","Cracked Core","Meat on the Bone","Sundial","aspiration:HiddenCompartment","MagicBroom","Astrolabe","Shovel","theJungle:ParSnip","Smiling Mask","Orichalcum","Strawberry","Toy Ornithopter","Unceasing Top","aspiration:PocketMushroom","Oddly Smooth Stone","SimpleLauncher","Ice Cream","Bronze Scales","Potion Belt","aspiration:PoetsPen_weak","HandDrill","MawBank","CatCart","DollysMirror","Shuriken","Kunai"],"acts_visited":["Exordium","Exordium","TheBeyond","TheEnding"],"potions_floor_usage":[55,55,55,55,55,55],"damage_taken":[{"damage":1.0,"enemies":"Cultist","floor":1.0,"turns":3.0},{"damage":0.0,"enemies":"Small Slimes","floor":3.0,"turns":2.0},{"damage":5.0,"enemies":"2 Louse","floor":4.0,"turns":3.0},{"damage":0.0,"enemies":"Looter","floor":5.0,"turns":3.0},{"damage":0.0,"enemies":"Large Slime","floor":7.0,"turns":2.0},{"damage":0.0,"enemies":"Gremlin Gang","floor":10.0,"turns":1.0},{"damage":0.0,"enemies":"2 Fungi Beasts","floor":12.0,"turns":2.0},{"damage":18.0,"enemies":"3 Sentries","floor":13.0,"turns":6.0},{"damage":10.0,"enemies":"Looter","floor":14.0,"turns":4.0},{"damage":49.0,"enemies":"The Guardian","floor":16.0,"turns":9.0},{"damage":7.0,"enemies":"Shell Parasite","floor":18.0,"turns":3.0},{"damage":8.0,"enemies":"theJungle:MUSHROOMGANG","floor":21.0,"turns":3.0},{"damage":25.0,"enemies":"theJungle:Cassacara","floor":24.0,"turns":5.0},{"damage":8.0,"enemies":"theJungle:MamaSnecko","floor":27.0,"turns":5.0},{"damage":0.0,"enemies":"theJungle:Lyon","floor":28.0,"turns":2.0},{"damage":19.0,"enemies":"theJungle:JungleHuntersEncounter","floor":31.0,"turns":3.0},{"damage":4.0,"enemies":"theJungle:QueenSpyder","floor":33.0,"turns":8.0},{"damage":9.0,"enemies":"Orb Walker","floor":35.0,"turns":3.0},{"damage":1.0,"enemies":"3 Darklings","floor":36.0,"turns":2.0},{"damage":23.0,"enemies":"Jaw Worm Horde","floor":38.0,"turns":2.0},{"damage":1.0,"enemies":"Orin","floor":41.0,"turns":4.0},{"damage":0.0,"enemies":"4 Shapes","floor":43.0,"turns":3.0},{"damage":32.0,"enemies":"4 Shapes","floor":44.0,"turns":3.0},{"damage":33.0,"enemies":"Awakened One","floor":50.0,"turns":5.0},{"damage":31.0,"enemies":"Shield and Spear","floor":54.0,"turns":3.0},{"damage":62,"enemies":"The Heart","floor":55,"turns":5}],"seed_played":"-429432249361066595","potions_obtained":[{"floor":1.0,"key":"SkillPotion"},{"floor":4.0,"key":"BottledSpark"},{"floor":5.0,"key":"PowerPotion"},{"floor":12.0,"key":"EntropicBrew"},{"floor":13.0,"key":"ColorlessPotion"},{"floor":14.0,"key":"Swift Potion"},{"floor":14.0,"key":"Weak Potion"},{"floor":18.0,"key":"BlessingOfTheForge"},{"floor":21.0,"key":"Block Potion"},{"floor":24.0,"key":"Strength Potion"},{"floor":27.0,"key":"FearPotion"},{"floor":27.0,"key":"Explosive Potion"},{"floor":28.0,"key":"Weak Potion"},{"floor":31.0,"key":"LiquidMemories"},{"floor":33.0,"key":"SkillPotion"},{"floor":35.0,"key":"SpeedPotion"},{"floor":38.0,"key":"Weak Potion"},{"floor":41.0,"key":"EssenceOfSteel"},{"floor":43.0,"key":"Swift Potion"},{"floor":44.0,"key":"SteroidPotion"},{"floor":54.0,"key":"Block Potion"}],"is_trial":false,"path_per_floor":["M","$","M","M","M","R","M","$","T","M","?","M","E","M","R","B",null,"M","?","?","M","?","R","E","R","T","E","M","$","R","M","R","B",null,"M","M","$","M","?","R","?","R","MIM","M","?","$","R","?","R","B",null,"R","$","E","B",null],"character_chosen":"MARISA","items_purchased":["FairyDestructionRay","WitchOfGreed","SimpleLauncher","Ice Cream","HandDrill","AlicesGift","The Bomb","DollysMirror"],"campfire_rested":0,"item_purchase_floors":[2,8,29,29,37,37,46,46],"current_hp_per_floor":[74,74,74,69,69,69,69,69,69,69,62,62,44,46,46,13,75,72,56,56,54,54,54,52,52,52,49,58,58,58,48,48,48,82,73,76,76,57,47,47,60,60,60,45,45,45,45,35,35,24,82,82,82,55,41],"gold":63,"neow_bonus":"NOSTALGIA","is_daily":false,"chose_seed":false,"campfire_upgraded":4,"win_rate":0.0,"timestamp":1613338127,"path_taken":["M","$","?","M","M","R","M","?","T","?","?","M","E","M","R","BOSS","M","?","?","M","?","R","E","R","T","E","M","$","R","M","R","BOSS","M","M","$","?","?","R","?","R","MIM","M","?","$","R","?","R","BOSS","R","$","E","BOSS"],"items_purchased_type":["Card","Card","Relic","Relic","Relic","Card","Card","Relic"],"build_version":"2020-12-22","purchased_purges":4,"victory":true,"max_hp_per_floor":[75,75,75,75,75,75,75,75,75,75,75,75,75,75,75,75,75,75,75,75,75,75,75,82,82,82,82,82,82,82,82,82,82,82,82,82,82,82,82,82,82,82,82,82,82,82,82,82,82,82,82,82,82,82,82],"card_choices":[{"not_picked":["RefractionSpark","Robbery"],"picked":"EnergyFlow","floor":1.0},{"not_picked":["DeepEcoloBomb","SprinkleStarSeal"],"picked":"WitchOfGreed","floor":3.0},{"not_picked":["GasGiant","6A"],"picked":"SporeBomb","floor":4.0},{"not_picked":["EnergyFlow","SporeBomb"],"picked":"Singularity","floor":5.0},{"not_picked":["NonDirectionalLaser","GalacticHalo"],"picked":"TreasureHunter","floor":7.0},{"not_picked":["AsteroidBelt","EnergyRecoil"],"picked":"GrandCross","floor":10.0},{"not_picked":["ShootingEcho","IllusionStar"],"picked":"MagicAbsorber","floor":12.0},{"not_picked":["PowerUp","GasGiant"],"picked":"CollectingQuirk","floor":13.0},{"not_picked":["StarBarrage","MilkyWay"],"picked":"EarthLightRay","floor":14.0},{"not_picked":["BlazingStar","FinalSpark"],"picked":"BigCrunch","floor":16.0},{"not_picked":["NonDirectionalLaser","DeepEcoloBomb"],"picked":"IllusionStar","floor":18.0},{"not_picked":["MachineGunSpark","NonDirectionalLaser"],"picked":"WitchOfGreed+1","floor":21.0},{"not_picked":["MachineGunSpark+1","Occultation"],"picked":"MysteriousBeam","floor":24.0},{"not_picked":["Occultation","GrandCross"],"picked":"DC+1","floor":27.0},{"not_picked":["OpenUniverse+1","MeteoricShower"],"picked":"IllusionStar+1","floor":28.0},{"not_picked":["PowerUp","ChargingUp"],"picked":"ManaConvection","floor":31.0},{"not_picked":["AbsoluteMagnitude","TreasureHunter"],"picked":"MillisecondPulsars","floor":33.0},{"not_picked":["DC","PowerUp"],"picked":"MilkyWay+1","floor":35.0},{"not_picked":["MilkyWay+1","Singularity+1"],"picked":"EnergyFlow","floor":36.0},{"not_picked":["MagicChant","DragonMeteor"],"picked":"MachineGunSpark+1","floor":38.0},{"not_picked":["Sadistic Nature","Apotheosis"],"picked":"Panache","floor":39.0},{"not_picked":["Good Instincts","Master of Strategy"],"picked":"Secret Weapon","floor":39.0},{"not_picked":["AsteroidBelt+1","NonDirectionalLaser"],"picked":"StarlightTyphoon+1","floor":41.0},{"not_picked":["GrandCross","DC+1"],"picked":"DragonMeteor+1","floor":44.0},{"not_picked":["6A","NonDirectionalLaser+1"],"picked":"DragonMeteor+1","floor":54.0}],"player_experience":413850,"relics_obtained":[{"floor":9.0,"key":"Meat on the Bone"},{"floor":13.0,"key":"Sundial"},{"floor":13.0,"key":"aspiration:HiddenCompartment"},{"floor":16.0,"key":"MagicBroom"},{"floor":23.0,"key":"Smiling Mask"},{"floor":24.0,"key":"Orichalcum"},{"floor":24.0,"key":"Strawberry"},{"floor":25.0,"key":"Toy Ornithopter"},{"floor":26.0,"key":"Unceasing Top"},{"floor":27.0,"key":"aspiration:PocketMushroom"},{"floor":27.0,"key":"Oddly Smooth Stone"},{"floor":30.0,"key":"Bronze Scales"},{"floor":32.0,"key":"Potion Belt"},{"floor":40.0,"key":"MawBank"},{"floor":41.0,"key":"CatCart"},{"floor":52.0,"key":"Shuriken"},{"floor":54.0,"key":"Kunai"}],"event_choices":[{"cards_removed":["Strike_MRS"],"damage_healed":0.0,"max_hp_gain":0.0,"max_hp_loss":0.0,"gold_gain":0.0,"event_name":"Golden Wing","player_choice":"Card Removal","floor":11.0,"gold_loss":0.0,"damage_taken":7.0},{"damage_healed":0.0,"max_hp_gain":0.0,"max_hp_loss":0.0,"gold_gain":275.0,"event_name":"Golden Shrine","player_choice":"Desecrate","floor":22.0,"gold_loss":0.0,"damage_taken":0.0,"cards_obtained":["Regret"]},{"damage_healed":0.0,"max_hp_gain":0.0,"max_hp_loss":0.0,"gold_gain":0.0,"event_name":"SensoryStone","player_choice":"Memory 3","floor":39.0,"gold_loss":0.0,"damage_taken":10.0},{"damage_healed":0.0,"max_hp_gain":0.0,"max_hp_loss":0.0,"gold_gain":0.0,"event_name":"OrinTheCat","player_choice":"Fight","floor":41.0,"gold_loss":0.0,"damage_taken":0.0},{"damage_healed":0.0,"max_hp_gain":0.0,"max_hp_loss":0.0,"gold_gain":0.0,"event_name":"Tomb of Lord Red Mask","player_choice":"Ignored","floor":45.0,"gold_loss":0.0,"damage_taken":0.0},{"damage_healed":0.0,"max_hp_gain":0.0,"max_hp_loss":0.0,"gold_gain":0.0,"event_name":"Winding Halls","player_choice":"Embrace Madness","floor":48.0,"gold_loss":0.0,"damage_taken":10.0,"cards_obtained":["Madness","Madness"]}],"is_beta":false,"boss_relics":[{"not_picked":["aspiration:BursterCore","construct:WeddingRing"],"picked":"Astrolabe"},{"not_picked":["aspiration:RitualDagger","aspiration:FutureDiary"],"picked":"aspiration:PoetsPen_weak"}],"items_purged_floors":[2,29,37,46],"is_endless":false,"potions_floor_spawned":[1,4,5,14,24,27,31,38,44],"ascension_level":0}}