{"host":"szp1d6dso4pv7ddl","time":1613325608,"event":{"mods":["AchievementEnabler","Alarm Clock","BaseMod","Bestiary","Block Reminder","Colored Map","Colored Powertips","Curses Come First","Dark Map","Displayed Cursed Tome","Highlight Path","Minty Spire (QoL Compilation)","Permanent Neow","Quick Restart","Relic Sorter","Relic Stats","StSLib","Synergy Search"],"gold_per_floor":[117,39,57,75,94,119,119,119,143,170,8,8,35,35,35,35,35],"floor_reached":16,"language":"ENG","playtime":652,"items_purged":[],"score":216,"play_id":"03d6dbea-55fa-49ab-87f5-55fbd8e484b3","local_time":"20210214100008","is_ascension_mode":true,"campfire_choices":[{"floor":8,"key":"REST"},{"data":"Crippling Poison","floor":12,"key":"SMITH"},{"floor":15,"key":"REST"}],"circlet_count":0,"master_deck":["AscendersBane","Strike_G","Strike_G","Strike_G","Strike_G","Strike_G","Defend_G","Defend_G","Defend_G","Defend_G","Defend_G","Survivor","Neutralize","Acrobatics","Crippling Poison+1","Acrobatics","Heel Hook","Bane"],"relics":["Ring of the Snake","NeowsBlessing","Potion Belt","Boot","Centennial Puzzle","Tiny Chest","Art of War","HornCleat"],"acts_visited":["Exordium"],"potions_floor_usage":[6,13,16],"damage_taken":[{"damage":0.0,"enemies":"Small Slimes","floor":1.0,"turns":1.0},{"damage":0.0,"enemies":"Cultist","floor":3.0,"turns":1.0},{"damage":0.0,"enemies":"2 Louse","floor":4.0,"turns":1.0},{"damage":12.0,"enemies":"Exordium Wildlife","floor":5.0,"turns":6.0},{"damage":46,"enemies":"Lagavulin","floor":6,"turns":8},{"damage":19,"enemies":"Gremlin Nob","floor":13,"turns":4},{"damage":45,"enemies":"The Guardian","floor":16,"turns":12}],"seed_played":"9217721998782381484","potions_obtained":[{"floor":1.0,"key":"Swift Potion"},{"floor":4.0,"key":"SpeedPotion"},{"floor":5.0,"key":"Poison Potion"},{"floor":13,"key":"Strength Potion"}],"is_trial":false,"path_per_floor":["M","?","M","M","M","E","?","R","T","T","$","R","E","$","R","B"],"character_chosen":"THE_SILENT","items_purchased":["Art of War"],"campfire_rested":2,"item_purchase_floors":[11],"current_hp_per_floor":[59,59,59,59,47,1,23,42,42,42,42,42,23,23,42,0,0],"gold":35,"neow_bonus":"THREE_ENEMY_KILL","is_daily":false,"chose_seed":false,"campfire_upgraded":1,"win_rate":0.0,"timestamp":1613325608,"path_taken":["M","?","?","M","M","E","?","R","T","?","?","R","E","$","R","BOSS"],"items_purchased_type":["Relic"],"build_version":"2020-12-22","purchased_purges":0,"victory":false,"max_hp_per_floor":[66,66,66,66,66,66,66,66,66,66,66,66,66,66,66,66,66],"relic_stats":{"Centennial Puzzle":[6],"counters":[7,33],"Tiny Chest":0,"Art of War":[3],"Boot":[8],"obtain_stats":[{"Potion Belt":2,"Centennial Puzzle":9,"HornCleat":13,"NeowsBlessing":0,"Tiny Chest":10,"Art of War":11,"Boot":6,"Ring of the Snake":0},{"Potion Belt":1,"Centennial Puzzle":5,"HornCleat":6,"NeowsBlessing":0,"Tiny Chest":5,"Art of War":5,"Boot":5,"Ring of the Snake":0},{"Potion Belt":1,"Centennial Puzzle":17,"HornCleat":21,"NeowsBlessing":0,"Tiny Chest":17,"Art of War":17,"Boot":17,"Ring of the Snake":0}],"Ring of the Snake":[14]},"card_choices":[{"not_picked":["Infinite Blades","Deflect"],"picked":"Acrobatics","floor":1.0},{"not_picked":["Outmaneuver","Predator"],"picked":"Crippling Poison","floor":3.0},{"not_picked":["Flechettes","Backstab"],"picked":"Acrobatics","floor":4.0},{"not_picked":["Predator","Dagger Spray"],"picked":"Heel Hook","floor":5.0},{"not_picked":["Bane","Outmaneuver","Accuracy"],"picked":"SKIP","floor":6},{"not_picked":["Predator","Deflect"],"picked":"Bane","floor":13}],"player_experience":1571643,"relics_obtained":[{"floor":6,"key":"Boot"},{"floor":9,"key":"Centennial Puzzle"},{"floor":10,"key":"Tiny Chest"},{"floor":13,"key":"HornCleat"}],"event_choices":[{"damage_healed":0.0,"max_hp_gain":0.0,"max_hp_loss":0.0,"gold_gain":0.0,"event_name":"WeMeetAgain","player_choice":"Paid Gold","floor":2.0,"gold_loss":78.0,"damage_taken":0.0,"relics_obtained":["Potion Belt"]},{"damage_healed":22,"gold_gain":0,"player_choice":"Banana","damage_taken":0,"max_hp_gain":0,"max_hp_loss":0,"event_name":"Big Fish","floor":7,"gold_loss":0}],"is_beta":false,"boss_relics":[],"items_purged_floors":[],"is_endless":false,"potions_floor_spawned":[1,4,5,13],"killed_by":"The Guardian","ascension_level":20}}