{"host":"zjc1tzo4ovig5lll","time":1613315060,"event":{"mods":["AchievementEnabler","Aspiration","BaseMod","Beaked The Cultist","Better Altar","Better Match","Better Note","Better Sensory Stone","Colored Map","Colored Powertips","Conspire","Energized Spire","Friendly Minions","GifTheSpireLib","Hermit","Minty Spire (QoL Compilation)","Rare Cards Sparkle","Reliquary","Replay The Spire","StSLib","The Blue Laboratory","The Construct","The Jungle","everything is the same but u backflip on backflip"],"gold_per_floor":[111,36,50,61,61,61,87,52,77,96,96,107,107,120,120,216,216,232,232,249,188,188,188,188,188],"floor_reached":24,"language":"ENG","playtime":678,"items_purged":["conspire:Blindness"],"score":258,"play_id":"1a6c139a-7228-46a1-8ddc-510457d99792","local_time":"20210214170420","is_ascension_mode":true,"campfire_choices":[{"data":"Eruption","floor":6.0,"key":"SMITH"},{"data":"SandsOfTime","floor":11,"key":"SMITH"},{"data":"FollowUp","floor":13,"key":"SMITH"},{"data":"Judgement","floor":15,"key":"SMITH"},{"data":"Study","floor":23,"key":"SMITH"}],"circlet_count":0,"master_deck":["Strike_P+1","Strike_P+1","Strike_P+1","Strike_P+1","Defend_P+1","Defend_P+1","Defend_P+1","Defend_P+1","Eruption+1","Vigilance","Master of Strategy+1","FollowUp","FollowUp+1","Halt","SandsOfTime+1","Judgement+1","Alpha","TalkToTheHand","FollowUp","Study","Study+1"],"relics":["PureWater","Strawberry","VioletLotus","MutagenicStrength"],"acts_visited":["Exordium","TheCity"],"potions_floor_usage":[],"damage_taken":[{"damage":0.0,"enemies":"Small Slimes","floor":1.0,"turns":3.0},{"damage":0.0,"enemies":"Jaw Worm","floor":3.0,"turns":2.0},{"damage":1.0,"enemies":"2 Louse","floor":4.0,"turns":2.0},{"damage":36,"enemies":"Lagavulin","floor":7,"turns":4},{"damage":2,"enemies":"Looter","floor":10,"turns":4},{"damage":0,"enemies":"2 Fungi Beasts","floor":12,"turns":2},{"damage":0,"enemies":"Exordium Wildlife","floor":14,"turns":2},{"damage":0,"enemies":"Slime Boss","floor":16,"turns":5},{"damage":7,"enemies":"conspire:FuzzyDice","floor":18,"turns":5},{"damage":0,"enemies":"Spheric Guardian","floor":20,"turns":2},{"damage":52,"enemies":"Book of Stabbing","floor":24,"turns":6}],"seed_played":"2056456096759933810","potions_obtained":[{"floor":7,"key":"Block Potion"},{"floor":12,"key":"blueLaboratory:BubblePotion"},{"floor":14,"key":"blueLaboratory:BottleOfRum"}],"is_trial":false,"path_per_floor":["M","$","M","M","?","R","E","?","T","M","R","M","R","M","R","B",null,"M","?","M","$","?","R","E"],"character_chosen":"WATCHER","items_purchased":["Study"],"campfire_rested":0,"item_purchase_floors":[21],"current_hp_per_floor":[72,72,72,71,57,57,28,47,47,45,45,45,45,45,45,45,79,72,72,72,72,72,72,20,20],"gold":188,"neow_bonus":"RANDOM_COLORLESS_2","is_daily":false,"chose_seed":false,"campfire_upgraded":5,"win_rate":0.0,"timestamp":1613315060,"path_taken":["M","$","M","M","?","R","E","?","T","M","R","M","R","M","R","BOSS","M","?","M","$","?","R","E"],"items_purchased_type":["Card"],"build_version":"2020-12-22","purchased_purges":1,"victory":false,"max_hp_per_floor":[72,72,72,72,72,72,79,79,79,79,79,79,79,79,79,79,79,79,79,79,79,79,79,79,79],"card_choices":[{"not_picked":["Transmutation","ReplayUltimateDefense"],"picked":"Master of Strategy","floor":0.0},{"not_picked":["Worship","WaveOfTheHand"],"picked":"FollowUp","floor":1.0},{"not_picked":["Replay:BluntJabs","FlurryOfBlows","JustLucky"],"picked":"SKIP","floor":3.0},{"not_picked":["PathToVictory","Halt"],"picked":"FollowUp","floor":4.0},{"not_picked":["WindmillStrike","Evaluate"],"picked":"Halt","floor":7},{"not_picked":["InnerPeace","JustLucky"],"picked":"SandsOfTime","floor":10},{"not_picked":["CutThroughFate","WaveOfTheHand","Prostrate"],"picked":"SKIP","floor":12},{"not_picked":["Evaluate","WindmillStrike"],"picked":"Judgement","floor":14},{"not_picked":["Establishment","Omniscience"],"picked":"Alpha","floor":16},{"not_picked":["Adaptation","Evaluate+1"],"picked":"TalkToTheHand","floor":18},{"not_picked":["Replay:AtTheReady","Wallop"],"picked":"FollowUp","floor":20}],"player_experience":737776,"relics_obtained":[{"floor":7,"key":"Strawberry"}],"event_choices":[{"damage_healed":0.0,"max_hp_gain":0.0,"max_hp_loss":0.0,"gold_gain":0.0,"event_name":"Shining Light","player_choice":"Entered Light","floor":5.0,"gold_loss":0.0,"damage_taken":14.0,"cards_upgraded":["Master of Strategy","Strike_P"]},{"damage_healed":19,"gold_gain":0,"player_choice":"Healed","damage_taken":0,"max_hp_gain":0,"max_hp_loss":0,"event_name":"The Cleric","floor":8,"gold_loss":35},{"damage_healed":0,"gold_gain":0,"player_choice":"Simplicity","damage_taken":0,"max_hp_gain":0,"max_hp_loss":0,"event_name":"Back to Basics","floor":19,"gold_loss":0,"cards_upgraded":["Strike_P","Strike_P","Strike_P","Defend_P","Defend_P","Defend_P","Defend_P"]},{"damage_healed":0,"gold_gain":0,"player_choice":"Inject Mutagens","damage_taken":0,"relics_obtained":["MutagenicStrength"],"max_hp_gain":0,"max_hp_loss":0,"event_name":"Drug Dealer","floor":22,"gold_loss":0}],"is_beta":false,"boss_relics":[{"not_picked":["HolyWater","reliquary:Craggleroot"],"picked":"VioletLotus"}],"items_purged_floors":[2],"is_endless":false,"potions_floor_spawned":[1,7,12,14,20],"killed_by":"Book of Stabbing","ascension_level":1}}