{"host":"8d3fefv2347kqkpz","time":1613261253,"event":{"mods":["AchievementEnabler","Act Like it!","BaseMod","Better Vampires","Colored Map","Colored Powertips","Downfall","GifTheSpireLib","Highlight Path","Minty Spire (QoL Compilation)","Quick Restart","Rare Cards Sparkle","Relic Stats","Replay The Spire","Spicy Shops","StSLib","Waifu the Spire"],"gold_per_floor":[99,114,114,132,148,58,58,75,75,103,119,23,23,40,50,147,147,47,62,62,80,94,94,94,105,205,90,90,103,103,113,128,224,224,224,235,247,301,320,334,334,347,197,207,207,207,226,51,67,67],"floor_reached":51,"language":"ZHS","playtime":2266,"items_purged":["Slimebound:Tackle","Slimebound:Strike_Slimebound","Slimebound:Strike_Slimebound","Slimebound:Defend_Slimebound+1","ReplayTheSpireMod:Doomed"],"score":709,"play_id":"3a99432c-6744-43ca-9070-4b11f65d0362","local_time":"20210214080733","is_ascension_mode":false,"campfire_choices":[{"data":"Slimebound:Split","floor":1,"key":"SMITH"},{"data":"Slimebound:Repurpose","floor":13,"key":"SMITH"},{"data":"Slimebound:SlimeBarrage","floor":18,"key":"SMITH"},{"data":"Slimebound:MassRepurpose","floor":23,"key":"SMITH"},{"data":"Slimebound:Repurpose","floor":28,"key":"SMITH"},{"data":"Slimebound:Recycling","floor":30,"key":"SMITH"},{"data":"Dramatic Entrance","floor":35,"key":"SMITH"},{"data":"Mayhem","floor":46,"key":"SMITH"}],"circlet_count":0,"master_deck":["Slimebound:Defend_Slimebound+1","Slimebound:Defend_Slimebound+1","Slimebound:Defend_Slimebound+1","Slimebound:Split+1","Slimebound:SlimeBarrage+1","Slimebound:SplitLeeching","Slimebound:Repurpose+1","Slimebound:MassRepurpose+1","Slimebound:Repurpose+1","Slimebound:SplitBruiser","Slimebound:SplitLeeching","Slimebound:Recycling+1","Slimebound:SplitLeeching+1","Slimebound:SplitMire","Slimebound:SlimeTap","Mayhem+1","Slimebound:SplitAcid+1","Slimebound:SplitLeeching+1","Slimebound:SelfFormingGoo"],"relics":["m_BurningSludge","Divine Protection","Replay:Bottled Eggs","Runic Pyramid","downfall:HeartBlessingGreen","Thread and Needle","Toy Ornithopter","Sozu","Vajra"],"acts_visited":["Exordium","TheCity","TheBeyond"],"potions_floor_usage":[16,16,27,50,50,50],"damage_taken":[{"damage":1,"enemies":"Jaw Worm","floor":2,"turns":3},{"damage":1,"enemies":"Cultist","floor":4,"turns":3},{"damage":0,"enemies":"2 Louse","floor":5,"turns":2},{"damage":0,"enemies":"downfall:FleeingMerchant","floor":6,"turns":4},{"damage":0,"enemies":"Lots of Slimes","floor":8,"turns":3},{"damage":12,"enemies":"3 Sentries","floor":10,"turns":9},{"damage":0,"enemies":"3 Louse","floor":11,"turns":2},{"damage":0,"enemies":"downfall:FleeingMerchant","floor":12,"turns":4},{"damage":0,"enemies":"Exordium Wildlife","floor":14,"turns":3},{"damage":0,"enemies":"Gremlin Gang","floor":15,"turns":3},{"damage":8,"enemies":"WA_ARCHETYPE_RETAIN","floor":16,"turns":13},{"damage":0,"enemies":"Spheric Guardian","floor":19,"turns":3},{"damage":0,"enemies":"Shell Parasite","floor":21,"turns":4},{"damage":9,"enemies":"Snake Plant","floor":22,"turns":4},{"damage":2,"enemies":"Centurion and Healer","floor":25,"turns":5},{"damage":0,"enemies":"downfall:LadyInBlue","floor":26,"turns":5},{"damage":0,"enemies":"downfall:FleeingMerchant","floor":27,"turns":4},{"damage":0,"enemies":"Cultist and Chosen","floor":29,"turns":5},{"damage":0,"enemies":"Shelled Parasite and Fungi","floor":31,"turns":5},{"damage":0,"enemies":"Snecko","floor":32,"turns":4},{"damage":16,"enemies":"DF_ARCHETYPE_CLAW","floor":33,"turns":6},{"damage":0,"enemies":"3 Darklings","floor":36,"turns":4},{"damage":0,"enemies":"Orb Walker","floor":37,"turns":3},{"damage":0,"enemies":"downfall:FleeingMerchant","floor":38,"turns":4},{"damage":6,"enemies":"Jaw Worm Horde","floor":39,"turns":4},{"damage":0,"enemies":"Transient","floor":40,"turns":5},{"damage":0,"enemies":"Spire Growth","floor":42,"turns":4},{"damage":0,"enemies":"Sphere and 2 Shapes","floor":44,"turns":3},{"damage":0,"enemies":"3 Darklings","floor":47,"turns":5},{"damage":6,"enemies":"Jaw Worm Horde","floor":49,"turns":3},{"damage":73,"enemies":"IC_BLOCK_ARCHETYPE","floor":50,"turns":9}],"seed_played":"-1209579766815005524","potions_obtained":[{"floor":4,"key":"ColorlessPotion"},{"floor":9,"key":"Fire Potion"},{"floor":9,"key":"SteroidPotion"},{"floor":15,"key":"Weak Potion"},{"floor":21,"key":"FearPotion"},{"floor":25,"key":"PowerPotion"},{"floor":26,"key":"LifebloodPotion"},{"floor":26,"key":"EntropicBrew"},{"floor":26,"key":"CultistPotion"},{"floor":31,"key":"Regen Potion"}],"is_trial":false,"path_per_floor":["R","M","?","M","M","$","T","M","?","E","M","$","R","M","M","B",null,"R","M","?","M","M","R","T","M","?","$","R","M","R","M","M","B",null,"R","M","M","$","M","M","T","M","$","M","?","R","M","$","M","B",null],"character_chosen":"SLIMEBOUND","items_purchased":["Slimebound:Repurpose","Mayhem"],"campfire_rested":0,"item_purchase_floors":[12,38],"current_hp_per_floor":[65,65,65,65,65,65,65,65,65,59,65,65,65,65,65,63,65,65,65,65,65,62,62,62,65,65,65,65,65,65,65,65,55,65,65,65,65,65,65,65,65,65,65,65,65,65,65,65,65,8],"gold":67,"neow_bonus":"RANDOM_COLORLESS","is_daily":false,"chose_seed":false,"campfire_upgraded":8,"win_rate":0.0,"timestamp":1613261253,"path_taken":["R","M","?","M","M","$","T","M","?","E","?","$","R","M","M","BOSS","R","?","?","M","M","R","T","M","?","$","R","M","R","M","M","BOSS","R","M","M","$","M","M","T","M","$","?","?","R","M","$","M","BOSS"],"items_purchased_type":["Card","Card"],"build_version":"2020-12-22","purchased_purges":5,"victory":true,"max_hp_per_floor":[65,65,65,65,65,65,65,65,65,65,65,65,65,65,65,65,65,65,65,65,65,65,65,65,65,65,65,65,65,65,65,65,65,65,65,65,65,65,65,65,65,65,65,65,65,65,65,65,65,65],"relic_stats":{"Sozu":7,"counters":[31,136],"obtain_stats":[{"Sozu":34,"Divine Protection":7,"Vajra":41,"downfall:HeartBlessingGreen":18,"Thread and Needle":24,"Slimebound:AbsorbEndCombat":0,"Replay:Bottled Eggs":10,"Toy Ornithopter":26,"m_BurningSludge":3,"Runic Pyramid":17},{"Sozu":21,"Divine Protection":4,"Vajra":26,"downfall:HeartBlessingGreen":11,"Thread and Needle":14,"Slimebound:AbsorbEndCombat":0,"Replay:Bottled Eggs":6,"Toy Ornithopter":16,"m_BurningSludge":1,"Runic Pyramid":11},{"Sozu":92,"Divine Protection":12,"Vajra":112,"downfall:HeartBlessingGreen":47,"Thread and Needle":58,"Slimebound:AbsorbEndCombat":0,"Replay:Bottled Eggs":22,"Toy Ornithopter":68,"m_BurningSludge":3,"Runic Pyramid":47}],"Toy Ornithopter":0},"card_choices":[{"not_picked":["Impatience","Dark Shackles"],"picked":"Dramatic Entrance","floor":0},{"not_picked":["Slimebound:RollThrough","Slimebound:PressTheAttack"],"picked":"Slimebound:SlimeBarrage","floor":2},{"not_picked":["Slimebound:Schlurp","Slimebound:GoopTackle","Slimebound:RollThrough"],"picked":"SKIP","floor":4},{"not_picked":["Slimebound:RainOfGoop","Sword Boomerang"],"picked":"Slimebound:SplitLeeching","floor":5},{"not_picked":["Slimebound:GoopSpray","Slimebound:ProtectTheBoss","Slimebound:OneTwoCombo"],"picked":"SKIP","floor":6},{"not_picked":["Slimebound:Schlurp","Slimebound:HauntingLick","Slimebound:GoopSpray"],"picked":"SKIP","floor":8},{"not_picked":["Slimebound:SamplingLick","Slimebound:Schlurp","Slimebound:SlimeSlap"],"picked":"SKIP","floor":10},{"not_picked":["Slimebound:SamplingLick","Slimebound:Schlurp","Slimebound:SlimeSlap"],"picked":"SKIP","floor":10},{"not_picked":["Slimebound:SlimeTap","Slimebound:FlameTackle","Slimebound:SlimeSpikes"],"picked":"SKIP","floor":11},{"not_picked":["Slimebound:Equalize","Slimebound:SplitBruiser","Slimebound:SplitMire"],"picked":"SKIP","floor":12},{"not_picked":["Slimebound:HungryTackle","Slimebound:GoopTackle","Whirlwind"],"picked":"SKIP","floor":14},{"not_picked":["Slimebound:RejuvenatingLick","Slimebound:Dissolve","Slimebound:LivingWall"],"picked":"SKIP","floor":15},{"not_picked":["Slimebound:TagTeam","Slimebound:CheckThePlaybook"],"picked":"Slimebound:MassRepurpose","floor":16},{"not_picked":["Slimebound:PressTheAttack","Slimebound:Grow","Slimebound:SamplingLick"],"picked":"SKIP","floor":19},{"not_picked":["Slimebound:SamplingLick","Slimebound:DivideAndConquer","Slimebound:Gluttony"],"picked":"SKIP","floor":21},{"not_picked":["Slimebound:SplitAcid","Slimebound:ViciousTackle"],"picked":"Slimebound:SplitBruiser","floor":22},{"not_picked":["Slimebound:Equalize+1","Slimebound:SamplingLick+1","Slimebound:GrowthPunch"],"picked":"SKIP","floor":25},{"not_picked":["Slimebound:LeechingTouch","Slimebound:Prepare+1"],"picked":"Slimebound:SplitLeeching","floor":27},{"not_picked":["Slimebound:RollThrough","Slimebound:AcidTongue"],"picked":"Slimebound:Recycling","floor":29},{"not_picked":["Slimebound:FinishingTackle","Slimebound:RejuvenatingLick"],"picked":"Slimebound:SplitLeeching+1","floor":31},{"not_picked":["Slimebound:SplitMire","Slimebound:LeechingTouch+1","Slimebound:RainOfGoop+1"],"picked":"SKIP","floor":32},{"not_picked":["Slimebound:LeechingTouch+1","Slimebound:RainOfGoop+1"],"picked":"Slimebound:SplitMire","floor":32},{"not_picked":["Slimebound:LivingWall+1","Slimebound:HauntingLick+1","Slimebound:Dissolve"],"picked":"SKIP","floor":36},{"not_picked":["Slimebound:SplitAcid","Slimebound:FinishingTackle"],"picked":"Slimebound:SlimeTap","floor":37},{"not_picked":["Slimebound:GrowthPunch+1","Slimebound:LivingWall+1","Slimebound:RollThrough"],"picked":"SKIP","floor":38},{"not_picked":["Slimebound:ComboTackle+1","Slimebound:Gluttony+1","Slimebound:GoopSpray+1"],"picked":"SKIP","floor":39},{"not_picked":["Slimebound:HauntingLick+1","Slimebound:GoopTackle+1"],"picked":"Slimebound:SplitAcid+1","floor":40},{"not_picked":["Slimebound:SplitAcid","Slimebound:ProtectTheBoss"],"picked":"Slimebound:SplitLeeching+1","floor":42},{"not_picked":["Slimebound:FinishingTackle","Slimebound:BestDefense","Slimebound:PressTheAttack"],"picked":"SKIP","floor":44},{"not_picked":["Slimebound:HauntingLick","Slimebound:ServeAndProtect","Slimebound:RollThrough"],"picked":"SKIP","floor":47},{"not_picked":["Slimebound:ItLooksTasty","Slimebound:SplitLeeching"],"picked":"Slimebound:SelfFormingGoo","floor":49}],"player_experience":369559,"relics_obtained":[{"floor":7,"key":"Divine Protection"},{"floor":10,"key":"Replay:Bottled Eggs"},{"floor":24,"key":"Thread and Needle"},{"floor":26,"key":"Toy Ornithopter"},{"floor":41,"key":"Vajra"}],"event_choices":[{"damage_healed":0,"gold_gain":0,"player_choice":"Got Potions","damage_taken":0,"max_hp_gain":0,"max_hp_loss":0,"event_name":"Lab","floor":9,"gold_loss":0},{"damage_healed":0,"gold_gain":0,"player_choice":"Read","damage_taken":0,"max_hp_gain":0,"max_hp_loss":0,"event_name":"The Library","floor":20,"gold_loss":0,"cards_obtained":["Slimebound:Repurpose"]}],"is_beta":false,"boss_relics":[{"not_picked":["Busted Crown","Slimebound:TarBlob"],"picked":"Runic Pyramid"},{"not_picked":["Black Star","Coffee Dripper"],"picked":"Sozu"}],"items_purged_floors":[6,27,38,43,48],"is_endless":false,"potions_floor_spawned":[4,11,15,21,25,29,31,32,39,44,47,49],"ascension_level":0}}