{"host":"w4b7hmige5bnqipq","time":1613300559,"event":{"mods":["2.2 Compatiblity","BaseMod","Colored Map","DeckTracker","Keyboard Shortcuts","Minty Spire (QoL Compilation)","Permanent Neow","Rare Cards Sparkle","SuperFastMode","everything is the same but u backflip on backflip","slay the spire mod where everything is the same but ironclad has a cowboy hat"],"gold_per_floor":[113,129,148,148,74,74,93,93,93,136,5,21,21,35,35,129,129,149,165,165,186,205,205,205,246,282,294,306,306],"floor_reached":28,"language":"KOR","playtime":871,"items_purged":["Strike_G"],"score":530,"play_id":"889b953f-2d63-4fd8-8a0e-a20ba4b4fe8e","local_time":"20210214190239","is_ascension_mode":true,"campfire_choices":[{"data":"Neutralize","floor":6.0,"key":"SMITH"},{"data":"Terror","floor":8.0,"key":"SMITH"},{"data":"Cloak And Dagger","floor":13.0,"key":"SMITH"},{"data":"Riddle With Holes","floor":15.0,"key":"SMITH"},{"floor":23,"key":"REST"}],"circlet_count":0,"master_deck":["AscendersBane","Strike_G+1","Strike_G+1","Strike_G+1","Strike_G+1","Defend_G+1","Defend_G+1","Defend_G+1","Defend_G+1","Defend_G+1","Survivor","Neutralize+1","Choke","Terror+1","Riddle With Holes+1","Masterful Stab","Backstab","Night Terror","Cloak And Dagger+1","PiercingWail","Caltrops","Venomology","Dagger Throw","Accuracy","After Image","Blade Dance","Blade Dance","Writhe"],"relics":["WristBlade","Golden Idol","Question Card","Pocketwatch","Runic Pyramid","MawBank","Regal Pillow","Thread and Needle"],"acts_visited":["Exordium","TheCity"],"potions_floor_usage":[22,22,25,25,28,28],"damage_taken":[{"damage":13.0,"enemies":"Cultist","floor":1.0,"turns":7.0},{"damage":2.0,"enemies":"Jaw Worm","floor":2.0,"turns":6.0},{"damage":7.0,"enemies":"Small Slimes","floor":3.0,"turns":4.0},{"damage":0.0,"enemies":"Looter","floor":7.0,"turns":3.0},{"damage":0.0,"enemies":"Gremlin Nob","floor":10.0,"turns":2.0},{"damage":7.0,"enemies":"Large Slime","floor":12.0,"turns":3.0},{"damage":2.0,"enemies":"Lots of Slimes","floor":14.0,"turns":4.0},{"damage":8.0,"enemies":"Hexaghost","floor":16.0,"turns":6.0},{"damage":8.0,"enemies":"2 Thieves","floor":18.0,"turns":3.0},{"damage":0.0,"enemies":"3 Byrds","floor":19.0,"turns":4.0},{"damage":16.0,"enemies":"Shelled Parasite and Fungi","floor":21.0,"turns":5.0},{"damage":5,"enemies":"Cultist and Chosen","floor":22,"turns":7},{"damage":30,"enemies":"Slavers","floor":25,"turns":5},{"damage":22,"enemies":"3 Cultists","floor":28,"turns":4}],"seed_played":"-5063763740644518677","potions_obtained":[{"floor":2.0,"key":"Energy Potion"},{"floor":7.0,"key":"Weak Potion"},{"floor":14.0,"key":"DistilledChaos"},{"floor":16.0,"key":"Weak Potion"},{"floor":19.0,"key":"Energy Potion"},{"floor":25,"key":"Strength Potion"}],"is_trial":false,"path_per_floor":["M","M","M","?","$","R","M","R","T","E","$","M","R","M","R","B",null,"M","M","?","M","M","R","?","E","T","?","M"],"character_chosen":"THE_SILENT","items_purchased":["Masterful Stab","Cloak And Dagger"],"campfire_rested":1,"item_purchase_floors":[5,11],"current_hp_per_floor":[46,44,37,37,37,37,37,37,37,37,37,30,30,28,28,20,50,42,42,42,26,21,39,39,9,9,9,0,0],"gold":306,"neow_bonus":"BOSS_RELIC","is_daily":false,"chose_seed":false,"campfire_upgraded":4,"win_rate":0.0,"timestamp":1613300559,"path_taken":["M","M","?","?","$","R","M","R","T","E","$","M","R","M","R","BOSS","M","M","?","M","M","R","?","E","T","?","M"],"items_purchased_type":["Card","Card"],"build_version":"2020-12-22","purchased_purges":1,"victory":false,"max_hp_per_floor":[66,66,66,60,60,60,60,60,60,60,60,60,60,60,60,60,60,60,60,60,60,60,60,60,60,60,60,60,60],"card_choices":[{"not_picked":["Deflect","Underhanded Strike"],"picked":"Choke","floor":1.0},{"not_picked":["Outmaneuver","Dodge and Roll"],"picked":"Terror","floor":2.0},{"not_picked":["Deflect","Accuracy"],"picked":"Riddle With Holes","floor":3.0},{"not_picked":["Setup","Concentrate"],"picked":"Backstab","floor":7.0},{"not_picked":["Eviscerate","All Out Attack","Sucker Punch"],"picked":"Night Terror","floor":10.0},{"not_picked":["Setup","Sucker Punch","Masterful Stab"],"picked":"PiercingWail","floor":12.0},{"not_picked":["Slice","Deadly Poison","Bane"],"picked":"Caltrops","floor":14.0},{"not_picked":["Bullet Time","Unload","Adrenaline"],"picked":"Venomology","floor":16.0},{"not_picked":["Dodge and Roll","Quick Slash","Catalyst"],"picked":"Dagger Throw","floor":18.0},{"not_picked":["Setup","Poisoned Stab","Cloak And Dagger"],"picked":"Accuracy","floor":19.0},{"not_picked":["Underhanded Strike+1","Slice","Dagger Spray"],"picked":"Blade Dance","floor":21.0},{"not_picked":["Dagger Spray","Accuracy","Underhanded Strike"],"picked":"Blade Dance","floor":22},{"not_picked":["PiercingWail","Poisoned Stab","Glass Knife","Outmaneuver"],"picked":"SKIP","floor":25}],"player_experience":745531,"relics_obtained":[{"floor":9.0,"key":"Question Card"},{"floor":10.0,"key":"Pocketwatch"},{"floor":25,"key":"MawBank"},{"floor":26,"key":"Regal Pillow"}],"event_choices":[{"damage_healed":0.0,"max_hp_gain":0.0,"max_hp_loss":6.0,"gold_gain":0.0,"event_name":"Golden Idol","player_choice":"Lose Max HP","floor":4.0,"gold_loss":0.0,"damage_taken":0.0,"relics_obtained":["Golden Idol"]},{"damage_healed":0.0,"max_hp_gain":0.0,"max_hp_loss":0.0,"gold_gain":0.0,"event_name":"The Library","player_choice":"Read","floor":20.0,"gold_loss":0.0,"damage_taken":0.0,"cards_obtained":["After Image"]},{"damage_healed":0,"gold_gain":0,"player_choice":"Simplicity","damage_taken":0,"max_hp_gain":0,"max_hp_loss":0,"event_name":"Back to Basics","floor":24,"gold_loss":0,"cards_upgraded":["Strike_G","Strike_G","Strike_G","Strike_G","Defend_G","Defend_G","Defend_G","Defend_G","Defend_G"]},{"damage_healed":0,"gold_gain":0,"player_choice":"Opened","damage_taken":0,"relics_obtained":["Thread and Needle"],"max_hp_gain":0,"max_hp_loss":0,"event_name":"The Mausoleum","floor":27,"gold_loss":0,"cards_obtained":["Writhe"]}],"is_beta":false,"boss_relics":[{"not_picked":["Philosopher\u0027s Stone","HoveringKite"],"picked":"Runic Pyramid"}],"items_purged_floors":[11],"is_endless":false,"potions_floor_spawned":[2,7,14,16,19,25],"killed_by":"3 Cultists","ascension_level":20}}