{"host":"y76clbnovzmw9ubx","time":1613319135,"event":{"mods":["AchievementEnabler","BaseMod","Minty Spire (QoL Compilation)","Permanent Neow","Relic Stats"],"gold_per_floor":[210,221,221,221,12,12,50,50,50,15,55,87,87,169,169,268,268,335,371,415,330,397,397,432,492,492,492,560,585,510,540,540,540,540],"floor_reached":33,"language":"ENG","playtime":1565,"items_purged":[],"score":630,"play_id":"b39aa23f-205e-45e1-befd-730886118eed","local_time":"20210214111215","is_ascension_mode":true,"campfire_choices":[{"data":"HandOfGreed","floor":6.0,"key":"SMITH"},{"data":"Cloak And Dagger","floor":8.0,"key":"SMITH"},{"data":"Night Terror","floor":13.0,"key":"SMITH"},{"data":"Neutralize","floor":15.0,"key":"SMITH"},{"data":"Dagger Spray","floor":23,"key":"SMITH"},{"floor":27,"key":"REST"},{"floor":32,"key":"REST"}],"circlet_count":0,"master_deck":["AscendersBane","Strike_G+1","Strike_G","Strike_G+1","Strike_G","Defend_G+1","Defend_G","Defend_G","Defend_G","Defend_G+1","Survivor","Neutralize+1","Cloak And Dagger+1","Dash+1","HandOfGreed+1","Masterful Stab","Night Terror+1","PiercingWail","After Image","Dodge and Roll+1","Dagger Spray+1","Backflip+1","Night Terror","PiercingWail","Backstab+1","Corpse Explosion"],"relics":["Ring of the Snake","War Paint","Bag of Marbles","StrikeDummy","Sozu","Blue Candle","Whetstone","Gambling Chip","Tough Bandages"],"acts_visited":["Exordium","TheCity"],"potions_floor_usage":[29,29],"damage_taken":[{"damage":7.0,"enemies":"Small Slimes","floor":1.0,"turns":6.0},{"damage":3.0,"enemies":"2 Louse","floor":2.0,"turns":4.0},{"damage":0.0,"enemies":"Jaw Worm","floor":7.0,"turns":3.0},{"damage":0.0,"enemies":"Blue Slaver","floor":11.0,"turns":3.0},{"damage":3.0,"enemies":"Gremlin Nob","floor":12.0,"turns":3.0},{"damage":6.0,"enemies":"3 Sentries","floor":14.0,"turns":11.0},{"damage":20.0,"enemies":"The Guardian","floor":16.0,"turns":15.0},{"damage":4.0,"enemies":"2 Thieves","floor":18.0,"turns":5.0},{"damage":9.0,"enemies":"Spheric Guardian","floor":19.0,"turns":5.0},{"damage":4.0,"enemies":"Snecko","floor":20.0,"turns":4.0},{"damage":6.0,"enemies":"Cultist and Chosen","floor":22.0,"turns":7.0},{"damage":7,"enemies":"Book of Stabbing","floor":24,"turns":7},{"damage":1,"enemies":"Centurion and Healer","floor":25,"turns":10},{"damage":3,"enemies":"Chosen and Byrds","floor":28,"turns":7},{"damage":33,"enemies":"Gremlin Leader","floor":29,"turns":8},{"damage":17,"enemies":"Book of Stabbing","floor":31,"turns":5},{"damage":29,"enemies":"Automaton","floor":33,"turns":6}],"seed_played":"3238510655831714357","potions_obtained":[{"floor":2.0,"key":"Block Potion"},{"floor":7.0,"key":"FearPotion"},{"floor":12.0,"key":"Energy Potion"},{"floor":16.0,"key":"Weak Potion"}],"is_trial":false,"path_per_floor":["M","M","?","?","$","R","M","R","T","?","M","E","R","E","R","B",null,"M","M","M","?","M","R","E","M","T","R","M","E","?","E","R","B"],"character_chosen":"THE_SILENT","items_purchased":["HandOfGreed"],"campfire_rested":2,"item_purchase_floors":[5],"current_hp_per_floor":[52,49,49,54,54,54,54,54,54,71,71,68,68,62,62,42,64,60,51,47,47,41,41,34,33,33,54,51,18,18,1,22,0,0],"gold":540,"neow_bonus":"HUNDRED_GOLD","is_daily":false,"chose_seed":false,"campfire_upgraded":5,"win_rate":0.0,"timestamp":1613319135,"path_taken":["M","M","?","?","$","R","M","R","T","?","?","E","R","E","R","BOSS","M","M","M","?","M","R","E","M","T","R","M","E","?","E","R","BOSS"],"items_purchased_type":["Card"],"build_version":"2020-12-22","purchased_purges":0,"victory":false,"max_hp_per_floor":[66,66,66,71,71,71,71,71,71,71,71,71,71,71,71,71,71,71,71,71,71,71,71,71,71,71,71,71,71,71,71,71,71,71],"relic_stats":{"Sozu":5,"Tough Bandages":[15],"counters":[17,109],"Blue Candle":[0],"Gambling Chip":[6],"Whetstone":["Strike_G","Strike_G"],"War Paint":["Defend_G","Defend_G"],"obtain_stats":[{"Sozu":17,"Tough Bandages":31,"Blue Candle":21,"Gambling Chip":29,"Bag of Marbles":12,"Whetstone":24,"War Paint":9,"StrikeDummy":14,"Ring of the Snake":0},{"Sozu":7,"Tough Bandages":16,"Blue Candle":10,"Gambling Chip":15,"Bag of Marbles":5,"Whetstone":12,"War Paint":3,"StrikeDummy":6,"Ring of the Snake":0},{"Sozu":45,"Tough Bandages":103,"Blue Candle":59,"Gambling Chip":98,"Bag of Marbles":19,"Whetstone":73,"War Paint":13,"StrikeDummy":30,"Ring of the Snake":0}],"Ring of the Snake":[34]},"card_choices":[{"not_picked":["Acrobatics","Underhanded Strike"],"picked":"Cloak And Dagger","floor":1.0},{"not_picked":["Sucker Punch","Quick Slash"],"picked":"Dash","floor":2.0},{"not_picked":["Blade Dance","Bane"],"picked":"Masterful Stab","floor":7.0},{"not_picked":["Deadly Poison","Distraction","Underhanded Strike"],"picked":"SKIP","floor":11.0},{"not_picked":["Sucker Punch","Deadly Poison"],"picked":"Night Terror","floor":12.0},{"not_picked":["Deflect","Setup"],"picked":"PiercingWail","floor":14.0},{"not_picked":["Phantasmal Killer","Adrenaline"],"picked":"After Image","floor":16.0},{"not_picked":["Flying Knee","Cloak And Dagger"],"picked":"Dodge and Roll+1","floor":18.0},{"not_picked":["Concentrate","Terror"],"picked":"Dagger Spray","floor":19.0},{"not_picked":["Cloak And Dagger","Blade Dance"],"picked":"Backflip+1","floor":20.0},{"not_picked":["Dagger Spray","Sucker Punch","Outmaneuver"],"picked":"SKIP","floor":22},{"not_picked":["Dagger Spray","Bane"],"picked":"Night Terror","floor":24},{"not_picked":["Underhanded Strike","Expertise","Distraction"],"picked":"SKIP","floor":25},{"not_picked":["Acrobatics","Dagger Spray"],"picked":"PiercingWail","floor":28},{"not_picked":["Reflex","Deflect"],"picked":"Backstab+1","floor":29},{"not_picked":["Flechettes","Cloak And Dagger"],"picked":"Corpse Explosion","floor":31}],"player_experience":3237239,"relics_obtained":[{"floor":9.0,"key":"War Paint"},{"floor":12.0,"key":"Bag of Marbles"},{"floor":14.0,"key":"StrikeDummy"},{"floor":24,"key":"Whetstone"},{"floor":29,"key":"Gambling Chip"},{"floor":31,"key":"Tough Bandages"}],"event_choices":[{"damage_healed":0.0,"max_hp_gain":0.0,"max_hp_loss":0.0,"gold_gain":0.0,"event_name":"Living Wall","player_choice":"Grow","floor":3.0,"gold_loss":0.0,"damage_taken":0.0,"cards_upgraded":["Dash"]},{"damage_healed":0.0,"max_hp_gain":5.0,"max_hp_loss":0.0,"gold_gain":0.0,"event_name":"Big Fish","player_choice":"Donut","floor":4.0,"gold_loss":0.0,"damage_taken":0.0},{"damage_healed":17.0,"max_hp_gain":0.0,"max_hp_loss":0.0,"gold_gain":0.0,"event_name":"The Cleric","player_choice":"Healed","floor":10.0,"gold_loss":35.0,"damage_taken":0.0},{"damage_healed":0.0,"max_hp_gain":0.0,"max_hp_loss":0.0,"gold_gain":0.0,"event_name":"Addict","player_choice":"Obtained Relic","floor":21.0,"gold_loss":85.0,"damage_taken":0.0,"relics_obtained":["Blue Candle"]},{"cards_removed":["Strike_G"],"damage_healed":0,"gold_gain":0,"player_choice":"Gave Gold","damage_taken":0,"max_hp_gain":0,"max_hp_loss":0,"event_name":"Beggar","floor":30,"gold_loss":75}],"is_beta":false,"boss_relics":[{"not_picked":["Calling Bell","Pandora\u0027s Box"],"picked":"Sozu"}],"items_purged_floors":[],"is_endless":false,"potions_floor_spawned":[2,7,12,16,20,22,24,28,29,31],"killed_by":"Automaton","ascension_level":20}}