{"host":"b5mzvg96njlg7ry9","time":1613289423,"event":{"mods":["AlwaysNeverKeys","BaseMod","Colored Map","Colored Powertips","Downfall","Highlight Path","Minty Spire (QoL Compilation)","Quick Restart","Relic Sorter","StSLib","SuperFastMode","everything is the same but u backflip on backflip"],"gold_per_floor":[299,317,317,317,330,209,288,321,49,49,79,89,89,239,255,358,408,408,423,423,423,423,423,446,481,481,256,288,306,306,321,340,438,438,438,438,448,193,193,193,193,227,19,19,48,62,95,495,510,510,510,536,123,123,123,123],"floor_reached":57,"language":"ENG","playtime":3269,"items_purged":["Guardian:Defend_Guardian","Guardian:Strike_Guardian","downfall:Icky","Guardian:CurlUp","Decay","Guardian:Strike_Guardian+1","Guardian:TwinSlam+1"],"score":2198,"play_id":"ea038c49-fe9d-4b80-bfa6-9797d2736c43","local_time":"20210214085703","is_ascension_mode":true,"campfire_choices":[{"data":"Guardian:TwinSlam","floor":1.0,"key":"SMITH"},{"data":"Guardian:BaubleBeam","floor":13.0,"key":"SMITH"},{"data":"Guardian:ExploitGems","floor":18.0,"key":"SMITH"},{"data":"Guardian:StasisField","floor":23.0,"key":"SMITH"},{"data":"Guardian:ExploitGems","floor":30.0,"key":"SMITH"},{"data":"Guardian:FloatingOrbs","floor":35.0,"key":"SMITH"},{"data":"Guardian:Emergency","floor":40.0,"key":"SMITH"},{"data":"Master of Strategy","floor":44.0,"key":"SMITH"},{"floor":54.0,"key":"REST"}],"circlet_count":0,"master_deck":["AscendersBane","Guardian:Defend_Guardian+1","Guardian:Defend_Guardian+1","Guardian:MultiBeam+1","Guardian:Reroute+1","Guardian:Emergency+1","Master of Strategy+1","Guardian:GemFinder+1","Guardian:ExploitGems+1","Guardian:BaubleBeam+1","Guardian:FloatingOrbs+1","Guardian:StasisField+1","Necronomicurse","Guardian:ExploitGems+1","Guardian:BaubleBeam+1","Guardian:Repulse+1","Guardian:Gem_Synthetic","Guardian:BaubleBeam+1","Guardian:ExploitGems+1","Guardian:BronzeOrb+1"],"relics":["Black Star","downfall:HeartBlessingRed","downfall:HeartBlessingBlue","downfall:HeartBlessingGreen","Gremlin Horn","Mercury Hourglass","Pen Nib","hexamod:BolsterEngine","Guardian:DefensiveModeMoreBlock","Ancient Tea Set","Tiny House","Necronomicon","Dream Catcher","Mango","Orichalcum","Molten Egg 2","Membership Card","Guardian:SackOfGems","Frozen Egg 2","Whetstone","Ginger","SlaversCollar","Vajra","Singing Bowl","Guardian:PocketSentry","Bottled Tornado","hexamod:CandleOfCauterizing","Mummified Hand","War Paint","The Courier","Guardian:PickAxe","champ:DuelingGlove","Guardian:StasisCodex","Chemical X","Akabeko","InkBottle","bronze:BronzeIdol"],"acts_visited":["Exordium","TheCity","TheBeyond","TheEnding"],"potions_floor_usage":[56,56,56,56],"damage_taken":[{"damage":0.0,"enemies":"Jaw Worm","floor":2.0,"turns":3.0},{"damage":0.0,"enemies":"Small Slimes","floor":5.0,"turns":3.0},{"damage":4.0,"enemies":"downfall:FleeingMerchant","floor":6.0,"turns":4.0},{"damage":14.0,"enemies":"3 Sentries","floor":8.0,"turns":4.0},{"damage":9.0,"enemies":"downfall:FleeingMerchant","floor":9.0,"turns":4.0},{"damage":1.0,"enemies":"Lagavulin","floor":11.0,"turns":7.0},{"damage":0.0,"enemies":"Cultist","floor":12.0,"turns":3.0},{"damage":0.0,"enemies":"3 Louse","floor":15.0,"turns":1.0},{"damage":7.0,"enemies":"DF_ARCHETYPE_STREAMLINE","floor":16.0,"turns":6.0},{"damage":1.0,"enemies":"Shell Parasite","floor":19.0,"turns":3.0},{"damage":4.0,"enemies":"Slavers","floor":25.0,"turns":2.0},{"damage":0.0,"enemies":"downfall:FleeingMerchant","floor":27.0,"turns":3.0},{"damage":10.0,"enemies":"Book of Stabbing","floor":28.0,"turns":4.0},{"damage":0.0,"enemies":"Spheric Guardian","floor":29.0,"turns":3.0},{"damage":0.0,"enemies":"3 Cultists","floor":31.0,"turns":1.0},{"damage":0.0,"enemies":"Sentry and Sphere","floor":32.0,"turns":2.0},{"damage":30.0,"enemies":"WA_ARCHETYPE_CALM","floor":33.0,"turns":7.0},{"damage":0.0,"enemies":"Orb Walker","floor":37.0,"turns":2.0},{"damage":0.0,"enemies":"Reptomancer","floor":42.0,"turns":2.0},{"damage":0.0,"enemies":"Giant Head","floor":45.0,"turns":2.0},{"damage":0.0,"enemies":"3 Darklings","floor":46.0,"turns":3.0},{"damage":0.0,"enemies":"Nemesis","floor":47.0,"turns":3.0},{"damage":0.0,"enemies":"4 Shapes","floor":49.0,"turns":1.0},{"damage":13.0,"enemies":"SI_POISON_ARCHETYPE","floor":50.0,"turns":3.0},{"damage":0.0,"enemies":"downfall:CharBossMerchant","floor":52.0,"turns":3.0},{"damage":0.0,"enemies":"downfall:NeowBoss","floor":55.0,"turns":4.0},{"damage":0,"enemies":"downfall:NeowBossFinal","floor":56,"turns":3}],"seed_played":"3436360821724817684","potions_obtained":[{"floor":8.0,"key":"GamblersBrew"},{"floor":12.0,"key":"bronze:BurnAndBuffPotion"},{"floor":15.0,"key":"Block Potion"},{"floor":16.0,"key":"Explosive Potion"},{"floor":25.0,"key":"Energy Potion"},{"floor":29.0,"key":"Fire Potion"},{"floor":31.0,"key":"Weak Potion"},{"floor":42.0,"key":"EntropicBrew"},{"floor":45.0,"key":"Fruit Juice"},{"floor":47.0,"key":"Dexterity Potion"},{"floor":52.0,"key":"Weak Potion"}],"is_trial":false,"path_per_floor":["R","M","?","?","M","$","T","E","$","?","E","M","R","?","M","B",null,"R","M","?","?","?","R","T","E","T","$","E","M","R","M","M","B",null,"R","?","M","$","?","R","T","E","$","R","E","M","E","$","M","B",null,"E","$","R","B","B",null],"character_chosen":"GUARDIAN","items_purchased":["Guardian:Gem_White","Master of Strategy","Gremlin Horn","Guardian:ExploitGems","Membership Card","Guardian:SackOfGems","Guardian:ExploitGems","Frozen Egg 2","Vajra","Guardian:Repulse+1","Guardian:Gem_Synthetic","hexamod:CandleOfCauterizing","Chemical X","Akabeko","InkBottle","bronze:BronzeIdol","ColorlessPotion"],"campfire_rested":1,"item_purchase_floors":[6,6,6,9,27,27,27,27,38,38,38,43,53,53,53,53,53],"current_hp_per_floor":[82,82,82,82,82,78,78,64,55,55,54,54,54,54,54,47,84,84,83,83,67,67,67,67,77,77,77,67,67,67,67,67,37,91,91,83,83,83,83,83,83,85,85,85,94,98,102,102,106,93,122,126,126,136,136,136],"gold":123,"neow_bonus":"BOSS_RELIC","is_daily":false,"chose_seed":false,"campfire_upgraded":8,"win_rate":0.0,"timestamp":1613289423,"path_taken":["R","M","?","?","?","$","T","E","$","?","E","M","R","?","M","BOSS","R","M","?","?","?","R","T","E","?","$","E","M","R","M","M","BOSS","R","?","?","$","?","R","T","E","$","R","E","?","E","$","M","BOSS","E","$","R","BOSS","BOSS"],"items_purchased_type":["Card","Card","Relic","Card","Relic","Relic","Card","Relic","Relic","Card","Card","Relic","Relic","Relic","Relic","Relic","Potion"],"build_version":"2020-12-22","purchased_purges":7,"victory":true,"max_hp_per_floor":[90,90,90,90,90,90,90,90,90,90,90,90,90,90,90,90,95,95,95,95,95,95,95,95,109,109,109,109,109,109,109,109,109,109,109,109,109,109,109,109,109,111,111,111,120,124,128,128,132,132,132,136,136,136,136,136],"card_choices":[{"not_picked":["Guardian:Reroute","Guardian:VentSteam"],"picked":"Guardian:MultiBeam","floor":2.0},{"not_picked":["Guardian:TimeCapacitor","Guardian:PrimingBeam"],"picked":"Guardian:Reroute","floor":5.0},{"not_picked":["Guardian:VentSteam","Guardian:ShieldCharger"],"picked":"Guardian:Emergency","floor":6.0},{"not_picked":["Guardian:EvasiveProtocol","Guardian:Preprogram"],"picked":"Guardian:GemFinder","floor":8.0},{"not_picked":["Guardian:Gem_Green","Guardian:Gem_Lightblue"],"picked":"Guardian:Gem_Cyan","floor":9.0},{"not_picked":["Guardian:Harden","Guardian:Planning"],"picked":"Guardian:Gem_Orange","floor":9.0},{"not_picked":["Guardian:Gem_Yellow","Guardian:ChargeCore"],"picked":"Guardian:BaubleBeam","floor":11.0},{"not_picked":["Guardian:Gem_Lightblue","Guardian:Gem_Red"],"picked":"Guardian:Gem_Green","floor":11.0},{"not_picked":["Guardian:Gem_Lightblue","Guardian:Gem_Green"],"picked":"Guardian:Gem_Cyan","floor":12.0},{"not_picked":["Guardian:Planning","Guardian:Reroute"],"picked":"Guardian:FloatingOrbs","floor":12.0},{"not_picked":["Guardian:PrimingBeam","Guardian:Recover"],"picked":"Guardian:Gem_Green","floor":15.0},{"not_picked":["Guardian:Gem_Cyan","Guardian:Gem_Lightblue"],"picked":"Guardian:Gem_Green","floor":16.0},{"not_picked":["Guardian:StasisStrike","Guardian:FierceBash"],"picked":"Guardian:StasisField","floor":16.0},{"not_picked":["Guardian:CrystalBeam","Guardian:Planning","Guardian:RefractedBeam"],"picked":"SKIP","floor":19.0},{"not_picked":["Guardian:Preprogram+1","Guardian:VentSteam","Guardian:DonusPower"],"picked":"SKIP","floor":25.0},{"not_picked":["Guardian:StasisStrike+1","Guardian:CrystalBeam+1","Guardian:Gem_Red"],"picked":"SKIP","floor":27.0},{"not_picked":["Guardian:TemporalStrike+1","Guardian:BronzeArmor+1","Guardian:RollAttack+1"],"picked":"SKIP","floor":28.0},{"not_picked":["Guardian:PiercingHide+1","Guardian:Incinerate+1","Guardian:Gem_Fragmented"],"picked":"SKIP","floor":29.0},{"not_picked":["Guardian:FierceBash+1","Guardian:Gem_Cyan","Guardian:DonusPower"],"picked":"SKIP","floor":31.0},{"not_picked":["Guardian:FierceBash+1","Guardian:Gem_Cyan","Guardian:DonusPower"],"picked":"SKIP","floor":31.0},{"not_picked":["Guardian:SentryBeam+1","Guardian:ChargeUp","Guardian:BronzeArmor"],"picked":"SKIP","floor":32.0},{"not_picked":["Guardian:Gem_Synthetic","Guardian:GemFinder+1"],"picked":"Guardian:BaubleBeam+1","floor":33.0},{"not_picked":["Guardian:Suspension","Guardian:Gem_Lightblue","Guardian:RefractedBeam+1"],"picked":"SKIP","floor":37.0},{"not_picked":["Guardian:Planning","Guardian:Repulse+1","Guardian:CrystalBeam+1"],"picked":"Singing Bowl","floor":42.0},{"not_picked":["Guardian:Gem_Lightblue","Guardian:Gem_Green","Guardian:BronzeArmor"],"picked":"Singing Bowl","floor":45.0},{"not_picked":["Guardian:Gem_Red","Guardian:Gem_Cyan","Guardian:Gem_Lightblue"],"picked":"Singing Bowl","floor":45.0},{"not_picked":["Guardian:Reroute+1","Guardian:SentryBeam+1","Guardian:DonusPower"],"picked":"Singing Bowl","floor":46.0},{"not_picked":["Guardian:Gem_Green","Guardian:Gem_Red","Guardian:Gem_Lightblue"],"picked":"Singing Bowl","floor":46.0},{"not_picked":["Guardian:GuardianWhirl+1","Guardian:TemporalStrike+1","Guardian:PrismaticBarrier+1"],"picked":"Singing Bowl","floor":47.0},{"not_picked":["Guardian:Gem_Green","Guardian:Gem_Red","Guardian:Gem_Cyan"],"picked":"Singing Bowl","floor":47.0},{"not_picked":["Guardian:Gem_Lightblue","Guardian:Gem_Cyan","Guardian:Gem_Green"],"picked":"Singing Bowl","floor":49.0},{"not_picked":["Guardian:ConstructionForm+1","Guardian:VentSteam","Guardian:Repulse+1"],"picked":"Singing Bowl","floor":49.0},{"not_picked":["Guardian:PolyBeam+1","Guardian:Gem_Fragmented","Guardian:DecasProtection"],"picked":"Singing Bowl","floor":52.0},{"not_picked":["Guardian:Gem_Green","Guardian:Gem_Cyan","Guardian:Gem_Red"],"picked":"Singing Bowl","floor":52.0},{"not_picked":["Guardian:Gem_Purple","Guardian:DonusPower+1"],"picked":"Guardian:BronzeOrb+1","floor":54.0}],"player_experience":839520,"relics_obtained":[{"floor":7.0,"key":"Mercury Hourglass"},{"floor":8.0,"key":"Pen Nib"},{"floor":8.0,"key":"hexamod:BolsterEngine"},{"floor":11.0,"key":"Guardian:DefensiveModeMoreBlock"},{"floor":11.0,"key":"Ancient Tea Set"},{"floor":21.0,"key":"Necronomicon"},{"floor":24.0,"key":"Dream Catcher"},{"floor":25.0,"key":"Mango"},{"floor":25.0,"key":"Orichalcum"},{"floor":26.0,"key":"Molten Egg 2"},{"floor":28.0,"key":"Whetstone"},{"floor":28.0,"key":"Ginger"},{"floor":41.0,"key":"Singing Bowl"},{"floor":42.0,"key":"Guardian:PocketSentry"},{"floor":42.0,"key":"Bottled Tornado"},{"floor":45.0,"key":"Mummified Hand"},{"floor":45.0,"key":"War Paint"},{"floor":47.0,"key":"The Courier"},{"floor":47.0,"key":"Guardian:PickAxe"},{"floor":52.0,"key":"champ:DuelingGlove"},{"floor":52.0,"key":"Guardian:StasisCodex"}],"event_choices":[{"damage_healed":0.0,"max_hp_gain":0.0,"max_hp_loss":0.0,"gold_gain":0.0,"event_name":"Vampires","player_choice":"Ignored","floor":20.0,"gold_loss":0.0,"damage_taken":0.0}],"is_beta":false,"boss_relics":[{"not_picked":["Cursed Key","Busted Crown"],"picked":"Tiny House"},{"not_picked":["Fusion Hammer","Coffee Dripper"],"picked":"SlaversCollar"}],"items_purged_floors":[6,9,27,38,43,48,53],"is_endless":false,"potions_floor_spawned":[8,12,15,16,25,29,31,33,42,45,47,52],"ascension_level":10}}