{"host":"gbbz8f5svnnpwo8d","time":1613344682,"event":{"mods":["AchievementEnabler","AlwaysNeverKeys","BaseMod","Bestiary","Better Altar","Better Match","Better Note","Better Sensory Stone","Better Silent Start","Better Skull","Better Third Choice","Better Vampires","Better-Laid Plans","BetterRewards","Block Reminder","Bossed Relics","Colored Map","Colored Powertips","Curses Come First","Dark Map","Displayed Cursed Tome","GifTheSpireLib","Minty Spire (QoL Compilation)","MonsterHotkey","Permanent Neow","Potion Indicator Mod","Quick Restart","Random Character Button","Rare Cards Sparkle","Relic Stats","Shop Mod","Spicy Shops","Spire Birthday Party","StSLib","Transform Curses"],"gold_per_floor":[115,130,55,11,29,29,39,59,59,59,59,59,87,97,97,196,196,207,225,225,237,237,237,251,266,266,292,311,311,321,355,355,455,455,465,476,476,36,51,51,151,165,165,165,179,179,194,206,206,206,206,206,12,38,38],"floor_reached":56,"language":"ENG","playtime":2863,"items_purged":["Strike_R"],"score":1545,"play_id":"7cb161f0-74fe-402d-92f4-80e773054358","local_time":"20210214161802","is_ascension_mode":false,"campfire_choices":[{"floor":6.0,"key":"REST"},{"data":"Enlightenment","floor":11.0,"key":"SMITH"},{"data":"Bash","floor":15.0,"key":"SMITH"},{"data":"Seeing Red","floor":23.0,"key":"SMITH"},{"data":"Bloodletting","floor":29.0,"key":"SMITH"},{"data":"Exhume","floor":32.0,"key":"SMITH"},{"data":"Exhume","floor":40.0,"key":"SMITH"},{"data":"Offering","floor":44.0,"key":"SMITH"},{"data":"Defend_R","floor":46.0,"key":"SMITH"},{"floor":49.0,"key":"REST"},{"data":"Defend_R","floor":52.0,"key":"SMITH"}],"circlet_count":0,"master_deck":["Strike_R","Strike_R","Strike_R","Defend_R+1","Defend_R","Defend_R","Defend_R+1","Bash+1","Sword Boomerang+1","Enlightenment+1","Hemokinesis+1","Wild Strike+1","Demon Form+1","Offering+1","Reaper+1","Whirlwind+1","Blood for Blood+1","Body Slam+1","Exhume+1","Seeing Red+1","Flex+1","Dual Wield+1","Flame Barrier+1","Offering+1","Bloodletting+1","Shockwave+1","Exhume+1","Power Through+1","Impervious+1","Limit Break+1","Offering+1","Sever Soul+1","Parasite","Flex+1","Dual Wield+1"],"relics":["Burning Blood","FossilizedHelix","betterThird:SlimedRelic","Cursed Key","Sozu","Dead Branch","Incense Burner","Paper Frog","MerchantsRug","Chemical X","Akabeko","Sling","Bottled Flame"],"acts_visited":["Exordium","TheCity","TheBeyond","TheEnding"],"potions_floor_usage":[],"damage_taken":[{"damage":6.0,"enemies":"2 Louse","floor":1.0,"turns":3.0},{"damage":0.0,"enemies":"Cultist","floor":2.0,"turns":2.0},{"damage":2.0,"enemies":"Jaw Worm","floor":5.0,"turns":2.0},{"damage":8.0,"enemies":"Exordium Thugs","floor":7.0,"turns":2.0},{"damage":2.0,"enemies":"Lots of Slimes","floor":8.0,"turns":2.0},{"damage":0.0,"enemies":"Lagavulin","floor":13.0,"turns":3.0},{"damage":8.0,"enemies":"Exordium Wildlife","floor":14.0,"turns":2.0},{"damage":42.0,"enemies":"The Guardian","floor":16.0,"turns":6.0},{"damage":6.0,"enemies":"2 Thieves","floor":18.0,"turns":2.0},{"damage":5.0,"enemies":"Chosen","floor":19.0,"turns":4.0},{"damage":12.0,"enemies":"Sentry and Sphere","floor":21.0,"turns":3.0},{"damage":17.0,"enemies":"Shelled Parasite and Fungi","floor":24.0,"turns":2.0},{"damage":43.0,"enemies":"Cultist and Chosen","floor":25.0,"turns":5.0},{"damage":18.0,"enemies":"Slavers","floor":27.0,"turns":4.0},{"damage":6.0,"enemies":"Centurion and Healer","floor":28.0,"turns":1.0},{"damage":18.0,"enemies":"Snake Plant","floor":30.0,"turns":3.0},{"damage":8.0,"enemies":"Gremlin Leader","floor":31.0,"turns":4.0},{"damage":108.0,"enemies":"Automaton","floor":33.0,"turns":8.0},{"damage":0.0,"enemies":"3 Darklings","floor":35.0,"turns":1.0},{"damage":42.0,"enemies":"3 Shapes","floor":36.0,"turns":4.0},{"damage":27.0,"enemies":"Transient","floor":39.0,"turns":5.0},{"damage":8.0,"enemies":"Spire Growth","floor":42.0,"turns":2.0},{"damage":23.0,"enemies":"Maw","floor":45.0,"turns":3.0},{"damage":54.0,"enemies":"Transient","floor":47.0,"turns":5.0},{"damage":0.0,"enemies":"Spire Growth","floor":48.0,"turns":2.0},{"damage":69.0,"enemies":"Time Eater","floor":50.0,"turns":6.0},{"damage":20,"enemies":"Shield and Spear","floor":54,"turns":2},{"damage":29,"enemies":"The Heart","floor":55,"turns":6}],"seed_played":"256785054738076031","potions_obtained":[{"floor":5.0,"key":"Dexterity Potion"},{"floor":7.0,"key":"Explosive Potion"},{"floor":12.0,"key":"Fire Potion"},{"floor":12.0,"key":"Fire Potion"},{"floor":13.0,"key":"HeartOfIron"},{"floor":18.0,"key":"BloodPotion"},{"floor":24.0,"key":"Swift Potion"},{"floor":27.0,"key":"Fruit Juice"},{"floor":28.0,"key":"SneckoOil"}],"is_trial":false,"path_per_floor":["M","M","?","?","M","R","M","M","T","$","R","?","E","M","R","B",null,"M","M","?","M","?","R","M","M","T","E","M","R","M","E","R","B",null,"M","M","?","$","M","R","?","M","T","R","M","R","M","M","R","B",null,"R","$","E","B",null],"character_chosen":"IRONCLAD","items_purchased":["Molten Egg 2","Sword Boomerang+1","Enlightenment","Dead Branch","TheAbacus","Strawberry","Incense Burner","MerchantsRug","Chemical X","Akabeko","Sling"],"campfire_rested":2,"item_purchase_floors":[0,0,0,38,38,38,38,53,53,53,53],"current_hp_per_floor":[32,38,38,27,31,55,63,80,80,80,80,80,80,78,80,44,80,80,80,80,74,74,80,69,44,44,87,87,90,78,86,90,32,95,95,59,59,66,56,74,74,101,101,102,85,102,56,62,102,39,102,102,102,88,94],"gold":38,"neow_bonus":"","is_daily":false,"chose_seed":false,"campfire_upgraded":9,"win_rate":0.0,"timestamp":1613344682,"path_taken":["M","M","?","?","?","R","?","M","T","$","R","?","E","M","R","BOSS","M","?","?","M","?","R","M","?","T","E","M","R","M","E","R","BOSS","M","M","?","$","?","R","?","M","T","R","M","R","M","M","R","BOSS","R","$","E","BOSS"],"items_purchased_type":["Relic","Card","Card","Relic","Relic","Relic","Relic","Relic","Relic","Relic","Relic"],"build_version":"2020-12-22","purchased_purges":1,"victory":true,"max_hp_per_floor":[80,80,80,80,80,80,80,80,80,80,80,80,80,80,80,80,80,80,80,80,80,80,80,80,80,80,90,90,90,90,90,90,95,95,95,95,95,102,102,102,102,102,102,102,102,102,102,102,102,102,102,102,102,102,102],"relic_stats":{"Sozu":2,"counters":[329,1319],"Dead Branch":[249],"Chemical X":[29],"Cursed Key":1,"obtain_stats":[{"Whetstone":6,"Ginger":0,"Bottled Tornado":53,"Boot":14,"Sling":0,"Old Coin":22,"Blood Vial":25,"Sundial":9,"MealTicket":37,"Fusion Hammer":34,"HandDrill":38,"Kunai":29,"Runic Cube":17,"MerchantsRug":0,"Pear":46,"Blue Candle":9,"Eternal Feather":52,"Pen Nib":54,"Akabeko":32,"SlaversCollar":17,"Bird Faced Urn":0,"Mark of Pain":34,"StrikeDummy":54,"Unceasing Top":46,"Lantern":44,"Regal Pillow":28,"Magic Flower":7,"StoneCalendar":37,"Bag of Preparation":44,"Ancient Tea Set":0,"Cursed Key":34,"Smiling Mask":40,"Burning Blood":0,"Shovel":0,"Toolbox":2,"WingedGreaves":13,"Chemical X":0,"InkBottle":27,"Paper Frog":13,"Potion Belt":43,"Lee\u0027s Waffle":30,"Self Forming Clay":40,"Golden Idol":4,"Thread and Needle":22,"PreservedInsect":31,"The Courier":48,"Omamori":12,"Frozen Egg 2":9,"MawBank":29,"Busted Crown":17,"Ornamental Fan":41,"Bloody Idol":25,"betterThird:SlimedRelic":12,"Ectoplasm":17,"Art of War":9,"Bottled Lightning":49,"Champion Belt":53,"Toy Ornithopter":22,"Ice Cream":0,"Calipers":37,"Gremlin Horn":25,"CeramicFish":44,"Vajra":0,"Sozu":17,"Centennial Puzzle":48,"Lizard Tail":0,"HornCleat":53,"DollysMirror":53,"Strawberry":53,"Prayer Wheel":6,"Toxic Egg 2":26,"Girya":0,"Happy Flower":26,"Astrolabe":17,"Dead Branch":38,"Oddly Smooth Stone":53,"Charon\u0027s Ashes":53,"Letter Opener":53,"War Paint":41,"Question Card":30,"Du-Vu Doll":14,"Bottled Flame":38,"Shuriken":41,"Bronze Scales":42,"Molten Egg 2":43,"Nloth\u0027s Gift":21,"Meat on the Bone":24,"Darkstone Periapt":48,"reliquary:Firecrackers":43,"Black Blood":17,"Mango":9,"Incense Burner":0,"Juzu Bracelet":8,"PrismaticShard":0,"ClockworkSouvenir":45,"SsserpentHead":21,"Nunchaku":23,"Dream Catcher":48,"TheAbacus":38,"Mummified Hand":0,"Gambling Chip":40,"Pantograph":52,"Tiny Chest":31,"reliquary:RoseTintedGlasses":45,"Red Mask":45,"Red Skull":27,"Runic Pyramid":17,"Odd Mushroom":13,"Orichalcum":0,"Medical Kit":0,"White Beast Statue":54,"Peace Pipe":0,"Calling Bell":17,"Cauldron":53,"Anchor":0,"reliquary:TuningFork":31,"Bag of Marbles":44,"Membership Card":0,"TungstenRod":9,"FossilizedHelix":26},{"Whetstone":4,"Ginger":51,"Bottled Tornado":272,"Boot":83,"Sling":224,"Old Coin":157,"Blood Vial":133,"Sundial":225,"MealTicket":91,"Fusion Hammer":219,"HandDrill":294,"Kunai":66,"Runic Cube":155,"MerchantsRug":0,"Pear":19,"Blue Candle":278,"Eternal Feather":76,"Pen Nib":23,"Akabeko":136,"SlaversCollar":104,"Bird Faced Urn":0,"Mark of Pain":14,"StrikeDummy":50,"Unceasing Top":245,"Lantern":73,"Regal Pillow":160,"Magic Flower":125,"StoneCalendar":43,"Bag of Preparation":73,"Ancient Tea Set":97,"Cursed Key":113,"Smiling Mask":269,"Burning Blood":0,"Shovel":24,"Toolbox":148,"WingedGreaves":127,"Chemical X":147,"InkBottle":11,"Paper Frog":32,"Potion Belt":19,"Lee\u0027s Waffle":66,"Self Forming Clay":45,"Golden Idol":99,"Thread and Needle":184,"PreservedInsect":40,"The Courier":75,"Omamori":82,"Frozen Egg 2":177,"MawBank":134,"Busted Crown":8,"Ornamental Fan":141,"Bloody Idol":133,"betterThird:SlimedRelic":152,"Ectoplasm":230,"Art of War":30,"Bottled Lightning":48,"Champion Belt":120,"Toy Ornithopter":63,"Ice Cream":0,"Calipers":70,"Gremlin Horn":38,"CeramicFish":46,"Vajra":78,"Sozu":84,"Centennial Puzzle":48,"Lizard Tail":147,"HornCleat":145,"DollysMirror":49,"Strawberry":95,"Prayer Wheel":124,"Toxic Egg 2":65,"Girya":24,"Happy Flower":11,"Astrolabe":129,"Dead Branch":321,"Oddly Smooth Stone":49,"Charon\u0027s Ashes":49,"Letter Opener":22,"War Paint":141,"Question Card":40,"Du-Vu Doll":283,"Bottled Flame":268,"Shuriken":72,"Bronze Scales":46,"Molten Egg 2":195,"Nloth\u0027s Gift":213,"Meat on the Bone":38,"Darkstone Periapt":198,"reliquary:Firecrackers":46,"Black Blood":61,"Mango":126,"Incense Burner":0,"Juzu Bracelet":5,"PrismaticShard":97,"ClockworkSouvenir":46,"SsserpentHead":286,"Nunchaku":108,"Dream Catcher":271,"TheAbacus":321,"Mummified Hand":51,"Gambling Chip":18,"Pantograph":49,"Tiny Chest":67,"reliquary:RoseTintedGlasses":46,"Red Mask":73,"Red Skull":38,"Runic Pyramid":284,"Odd Mushroom":7,"Orichalcum":173,"Medical Kit":201,"White Beast Statue":121,"Peace Pipe":78,"Calling Bell":256,"Cauldron":299,"Anchor":97,"reliquary:TuningFork":40,"Bag of Marbles":73,"Membership Card":24,"TungstenRod":5,"FossilizedHelix":38},{"Whetstone":13,"Ginger":247,"Bottled Tornado":1136,"Boot":387,"Sling":928,"Old Coin":684,"Blood Vial":586,"Sundial":932,"MealTicket":418,"Fusion Hammer":906,"HandDrill":1200,"Kunai":297,"Runic Cube":677,"MerchantsRug":0,"Pear":113,"Blue Candle":1157,"Eternal Feather":362,"Pen Nib":150,"Akabeko":601,"SlaversCollar":463,"Bird Faced Urn":0,"Mark of Pain":80,"StrikeDummy":240,"Unceasing Top":1034,"Lantern":342,"Regal Pillow":689,"Magic Flower":554,"StoneCalendar":215,"Bag of Preparation":342,"Ancient Tea Set":443,"Cursed Key":500,"Smiling Mask":1121,"Burning Blood":0,"Shovel":164,"Toolbox":654,"WingedGreaves":559,"Chemical X":651,"InkBottle":58,"Paper Frog":181,"Potion Belt":113,"Lee\u0027s Waffle":297,"Self Forming Clay":222,"Golden Idol":448,"Thread and Needle":779,"PreservedInsect":207,"The Courier":351,"Omamori":385,"Frozen Egg 2":746,"MawBank":592,"Busted Crown":41,"Ornamental Fan":616,"Bloody Idol":586,"betterThird:SlimedRelic":668,"Ectoplasm":969,"Art of War":178,"Bottled Lightning":231,"Champion Belt":527,"Toy Ornithopter":286,"Ice Cream":0,"Calipers":328,"Gremlin Horn":201,"CeramicFish":226,"Vajra":375,"Sozu":393,"Centennial Puzzle":231,"Lizard Tail":651,"HornCleat":636,"DollysMirror":237,"Strawberry":433,"Prayer Wheel":547,"Toxic Egg 2":294,"Girya":164,"Happy Flower":58,"Astrolabe":570,"Dead Branch":1288,"Oddly Smooth Stone":237,"Charon\u0027s Ashes":237,"Letter Opener":139,"War Paint":616,"Question Card":207,"Du-Vu Doll":1168,"Bottled Flame":1118,"Shuriken":337,"Bronze Scales":226,"Molten Egg 2":824,"Nloth\u0027s Gift":881,"Meat on the Bone":201,"Darkstone Periapt":834,"reliquary:Firecrackers":226,"Black Blood":277,"Mango":557,"Incense Burner":0,"Juzu Bracelet":21,"PrismaticShard":443,"ClockworkSouvenir":226,"SsserpentHead":1176,"Nunchaku":476,"Dream Catcher":1129,"TheAbacus":1288,"Mummified Hand":247,"Gambling Chip":108,"Pantograph":237,"Tiny Chest":305,"reliquary:RoseTintedGlasses":226,"Red Mask":342,"Red Skull":201,"Runic Pyramid":1173,"Odd Mushroom":29,"Orichalcum":736,"Medical Kit":849,"White Beast Statue":534,"Peace Pipe":375,"Calling Bell":1080,"Cauldron":1214,"Anchor":443,"reliquary:TuningFork":207,"Bag of Marbles":342,"Membership Card":164,"TungstenRod":21,"FossilizedHelix":201}],"Burning Blood":1699},"card_choices":[{"not_picked":["Inflame","Twin Strike+1"],"picked":"Hemokinesis+1","floor":1.0},{"not_picked":["Thunderclap+1","Flex"],"picked":"Wild Strike+1","floor":2.0},{"not_picked":["Offering+1","Limit Break+1"],"picked":"Demon Form+1","floor":3.0},{"not_picked":["Immolate+1","Barricade+1"],"picked":"Offering+1","floor":3.0},{"not_picked":["Berserk+1","Juggernaut+1"],"picked":"Reaper+1","floor":3.0},{"not_picked":["Clash+1","Thunderclap+1"],"picked":"Whirlwind+1","floor":5.0},{"not_picked":["Bludgeon+1","Shrug It Off"],"picked":"Blood for Blood+1","floor":7.0},{"not_picked":["Sword Boomerang+1","Pommel Strike+1","Evolve"],"picked":"SKIP","floor":8.0},{"not_picked":["Infernal Blade","Shrug It Off","Clothesline+1"],"picked":"SKIP","floor":13.0},{"not_picked":["Pommel Strike+1","Cleave+1","Warcry"],"picked":"Body Slam+1","floor":14.0},{"not_picked":["Fiend Fire+1","Demon Form","Berserk"],"picked":"Exhume","floor":16.0},{"not_picked":["Flex","Sword Boomerang+1","Body Slam+1"],"picked":"Seeing Red","floor":18.0},{"not_picked":["Dropkick+1","Warcry","Pommel Strike+1"],"picked":"Flex+1","floor":19.0},{"not_picked":["Spot Weakness","Armaments+1","Shrug It Off"],"picked":"Dual Wield+1","floor":21.0},{"not_picked":["Pommel Strike+1","Combust","Flex"],"picked":"Flame Barrier+1","floor":24.0},{"not_picked":["Infernal Blade","True Grit","Reckless Charge+1"],"picked":"Offering","floor":25.0},{"not_picked":["Evolve","Pommel Strike+1","Perfected Strike+1","Flame Barrier"],"picked":"SKIP","floor":27.0},{"not_picked":["Hemokinesis+1","Rampage+1","Dual Wield"],"picked":"Bloodletting","floor":28.0},{"not_picked":["Dropkick+1","Wild Strike+1","Shrug It Off","Pommel Strike+1"],"picked":"SKIP","floor":30.0},{"not_picked":["Power Through","Intimidate+1","Sever Soul+1"],"picked":"Shockwave+1","floor":31.0},{"not_picked":["Bludgeon+1","Limit Break","Demon Form"],"picked":"Exhume","floor":33.0},{"not_picked":["Fire Breathing","Clash+1","Cleave+1","Uppercut+1"],"picked":"SKIP","floor":35.0},{"not_picked":["Evolve","Armaments+1","Dropkick+1"],"picked":"Power Through+1","floor":36.0},{"not_picked":["Fiend Fire+1","Exhume+1","Brutality+1"],"picked":"Impervious+1","floor":37.0},{"not_picked":["Immolate+1","Reaper+1","Fiend Fire+1"],"picked":"Limit Break+1","floor":37.0},{"not_picked":["Fiend Fire+1","Juggernaut+1","Demon Form+1"],"picked":"Offering+1","floor":37.0},{"not_picked":["Cleave+1","Evolve","Sever Soul+1","Carnage+1"],"picked":"SKIP","floor":39.0},{"not_picked":["Cleave+1","Evolve","Carnage+1"],"picked":"Sever Soul+1","floor":39.0},{"not_picked":["Dropkick+1","Bloodletting","Body Slam+1","Armaments+1"],"picked":"SKIP","floor":42.0},{"not_picked":["Rampage+1","Clash+1","Evolve"],"picked":"Flex+1","floor":45.0},{"not_picked":["Exhume","Fire Breathing+1","Rampage+1"],"picked":"Dual Wield+1","floor":47.0},{"not_picked":["Perfected Strike+1","Warcry","Pommel Strike+1","Inflame"],"picked":"SKIP","floor":48.0},{"not_picked":["Thunderclap+1","True Grit","Warcry"],"picked":"SKIP","floor":54}],"player_experience":3779445,"relics_obtained":[{"floor":9.0,"key":"Eternal Feather"},{"floor":13.0,"key":"Question Card"},{"floor":27.0,"key":"Pear"},{"floor":31.0,"key":"The Courier"},{"floor":43.0,"key":"Paper Frog"},{"floor":54,"key":"Bottled Flame"}],"event_choices":[{"damage_healed":0.0,"max_hp_gain":0.0,"max_hp_loss":0.0,"gold_gain":0.0,"event_name":"betterMatch:BetterMatch","player_choice":"3","floor":3.0,"gold_loss":0.0,"damage_taken":0.0,"cards_obtained":["betterMatch:RareCard"]},{"damage_healed":0.0,"max_hp_gain":0.0,"max_hp_loss":0.0,"gold_gain":0.0,"event_name":"betterThird:BetterGoop","player_choice":"Slimed","floor":4.0,"gold_loss":44.0,"damage_taken":11.0},{"damage_healed":0.0,"max_hp_gain":0.0,"max_hp_loss":0.0,"gold_gain":0.0,"event_name":"Lab","player_choice":"Got Potions","floor":12.0,"gold_loss":0.0,"damage_taken":0.0},{"cards_removed":["Strike_R"],"damage_healed":0.0,"max_hp_gain":0.0,"max_hp_loss":0.0,"gold_gain":0.0,"event_name":"betterNote:BetterNote","player_choice":"Give","floor":20.0,"gold_loss":0.0,"damage_taken":0.0,"cards_obtained":["Strike_P"]},{"cards_removed":["Strike_R"],"damage_healed":0.0,"max_hp_gain":0.0,"max_hp_loss":0.0,"gold_gain":0.0,"event_name":"Bonfire Elementals","player_choice":"Offered Basic","floor":22.0,"gold_loss":0.0,"damage_taken":0.0},{"damage_healed":0.0,"max_hp_gain":0.0,"max_hp_loss":0.0,"gold_gain":0.0,"event_name":"betterMatch:BetterMatch","player_choice":"3","floor":37.0,"gold_loss":0.0,"damage_taken":0.0,"cards_obtained":["betterMatch:RareCard"]},{"damage_healed":0.0,"max_hp_gain":0.0,"max_hp_loss":0.0,"gold_gain":100.0,"event_name":"Golden Shrine","player_choice":"Pray","floor":41.0,"gold_loss":0.0,"damage_taken":0.0}],"is_beta":false,"boss_relics":[{"not_picked":["Coffee Dripper","Runic Cube"],"picked":"Cursed Key"},{"not_picked":["Empty Cage","Tiny House"],"picked":"Sozu"}],"items_purged_floors":[53],"is_endless":false,"potions_floor_spawned":[5,7,13,18,24,27,28,36,42],"ascension_level":0}}