{"host":"5dk97cf2ubw2v967","time":1613326602,"event":{"mods":["AlwaysNeverKeys","BaseMod","Better Altar","Better Vampires","Block Reminder","Card Filter","Colored Powertips","Downfall","Googly Eyes","Highlight Path","Minty Spire (QoL Compilation)","Permanent Neow","Potion Indicator Mod","Quick Restart","Relic Filter","Relic Stats","Say the Spire","Spicy Shops","StSLib","Waifu the Spire","everything is the same but u backflip on backflip"],"gold_per_floor":[114,114,39,49,61,86,97,97,97,97,117,145,16,49,61,73,73],"floor_reached":16,"language":"ENG","playtime":475,"items_purged":["Regret"],"score":240,"play_id":"bcc92856-821b-425c-b8a8-88d187b0822f","local_time":"20210214181642","is_ascension_mode":true,"campfire_choices":[{"data":"Cleave","floor":8,"key":"SMITH"},{"floor":15,"key":"REST"}],"circlet_count":0,"master_deck":["AscendersBane","Strike_R","Strike_R+1","Strike_R+1","Strike_R","Strike_R","Defend_R","Defend_R","Defend_R","Defend_R","Bash","Panacea","Battle Trance","Cleave+1","Hemokinesis","Shrug It Off+1","Shrug It Off","Dropkick","Intimidate","Havoc"],"relics":["Burning Blood","Ancient Tea Set","The Courier","Whetstone","PreservedInsect","CaptainsWheel","MawBank"],"acts_visited":["Exordium"],"potions_floor_usage":[12,12],"damage_taken":[{"damage":10,"enemies":"Small Slimes","floor":1,"turns":3},{"damage":2,"enemies":"Cultist","floor":4,"turns":4},{"damage":7,"enemies":"Jaw Worm","floor":5,"turns":3},{"damage":34,"enemies":"3 Sentries","floor":6,"turns":6},{"damage":15,"enemies":"Red Slaver","floor":7,"turns":3},{"damage":0,"enemies":"2 Fungi Beasts","floor":11,"turns":3},{"damage":20,"enemies":"Lagavulin","floor":12,"turns":5},{"damage":10,"enemies":"Gremlin Nob","floor":14,"turns":4},{"damage":36,"enemies":"Hexaghost","floor":16,"turns":8}],"seed_played":"-6275291246024307446","potions_obtained":[{"floor":1,"key":"SmokeBomb"},{"floor":6,"key":"Ancient Potion"},{"floor":7,"key":"Swift Potion"},{"floor":11,"key":"Strength Potion"}],"is_trial":false,"path_per_floor":["M","?","$","M","M","E","M","R","T","?","M","E","?","E","R","B"],"character_chosen":"IRONCLAD","items_purchased":[],"campfire_rested":1,"item_purchase_floors":[],"current_hp_per_floor":[64,64,64,68,67,39,30,30,30,30,36,22,22,18,40,4,4],"gold":73,"neow_bonus":"RANDOM_COLORLESS","is_daily":false,"chose_seed":false,"campfire_upgraded":1,"win_rate":0.0,"timestamp":1613326602,"path_taken":["M","?","$","M","M","E","M","R","T","?","?","E","?","E","R","BOSS"],"items_purchased_type":[],"build_version":"2020-12-22","purchased_purges":1,"victory":false,"max_hp_per_floor":[75,75,75,75,75,75,75,75,75,75,75,75,75,75,75,75,75],"relic_stats":{"counters":[9,39],"PreservedInsect":22,"Whetstone":["Strike_R","Strike_R"],"MawBank":24,"obtain_stats":[{"CaptainsWheel":13,"The Courier":6,"PreservedInsect":12,"Whetstone":9,"Ancient Tea Set":2,"MawBank":14,"Burning Blood":0},{"CaptainsWheel":7,"The Courier":4,"PreservedInsect":7,"Whetstone":5,"Ancient Tea Set":1,"MawBank":8,"Burning Blood":0},{"CaptainsWheel":27,"The Courier":16,"PreservedInsect":27,"Whetstone":19,"Ancient Tea Set":3,"MawBank":31,"Burning Blood":0}],"Burning Blood":48},"card_choices":[{"not_picked":["Deep Breath","Good Instincts"],"picked":"Panacea","floor":0},{"not_picked":["Warcry","True Grit"],"picked":"Battle Trance","floor":1},{"not_picked":["Warcry","Clothesline"],"picked":"Cleave","floor":4},{"not_picked":["Burning Pact","Clash"],"picked":"Hemokinesis","floor":5},{"not_picked":["Whirlwind","True Grit"],"picked":"Shrug It Off","floor":6},{"not_picked":["Armaments","Uppercut"],"picked":"Shrug It Off","floor":7},{"not_picked":["Demon Form","Wild Strike"],"picked":"Dropkick","floor":11},{"not_picked":["Armaments","Heavy Blade"],"picked":"Intimidate","floor":12},{"not_picked":["Dark Embrace","Armaments"],"picked":"Havoc","floor":14}],"player_experience":1319327,"relics_obtained":[{"floor":6,"key":"The Courier"},{"floor":9,"key":"Whetstone"},{"floor":12,"key":"PreservedInsect"},{"floor":14,"key":"MawBank"}],"event_choices":[{"damage_healed":0,"gold_gain":0,"player_choice":"Box","damage_taken":0,"relics_obtained":["Ancient Tea Set"],"max_hp_gain":0,"max_hp_loss":0,"event_name":"Big Fish","floor":2,"gold_loss":0,"cards_obtained":["Regret"]},{"damage_healed":0,"gold_gain":0,"player_choice":"Upgraded","damage_taken":0,"max_hp_gain":0,"max_hp_loss":0,"event_name":"Upgrade Shrine","floor":10,"gold_loss":0,"cards_upgraded":["Shrug It Off"]},{"damage_healed":0,"gold_gain":0,"player_choice":"Paid Gold","damage_taken":0,"relics_obtained":["CaptainsWheel"],"max_hp_gain":0,"max_hp_loss":0,"event_name":"WeMeetAgain","floor":13,"gold_loss":129}],"is_beta":false,"boss_relics":[],"items_purged_floors":[3],"is_endless":false,"potions_floor_spawned":[1,6,7,11],"killed_by":"Hexaghost","ascension_level":20}}