{"host":"iy54rgx5egu9t31x","time":1613291783,"event":{"mods":["2.2 Compatiblity","Act Like it!","Always Whale","BaseMod","Downfall","Gensokyo","Marisa¡]Ãú«B¡@Å]²z¨F¡^","Minty Spire (QoL Compilation)","Quick Restart","StSLib","SuperFastMode"],"gold_per_floor":[99,112,57,75,7,7,31,66,86,186,197,97,331,343,358,463,463,363,380,395,395,645,23,49,49,83,121,280,314,639,664,724,833,833,733,753,799,819,819,838,863,863,941,212,15,78,78,91,128,161,161,199,147,147,152,175],"floor_reached":57,"language":"ZHS","playtime":2516,"items_purged":[],"score":1680,"play_id":"bdcc4637-c986-44b3-953e-0e1379c44572","local_time":"20210214163623","is_ascension_mode":true,"campfire_choices":[{"floor":1,"key":"RECALL"},{"floor":12,"key":"REST"},{"floor":18,"key":"REST"},{"floor":35,"key":"REST"},{"floor":47,"key":"REST"},{"floor":54,"key":"REST"}],"circlet_count":0,"master_deck":["sneckomod:Strike","sneckomod:Defend","sneckomod:TailWhip","sneckomod:SnekBite","sneckomod:Unknown","sneckomod:Unknown","sneckomod:UnknownClassLunar","sneckomod:MorePower","sneckomod:UnknownUncommonPower","sneckomod:UnknownRareAttack+1","sneckomod:UnknownExhaust","sneckomod:UnknownRareSkill+1","sneckomod:UnknownBoss+1","sneckomod:UnknownRarePower+1","sneckomod:UnknownClassLunar","sneckomod:UnknownStrength+1","sneckomod:UnknownX","sneckomod:Unknown0Cost","sneckomod:UnknownExhaust+1","sneckomod:UnknownDraw","sneckomod:GlitteringGambit","sneckomod:Unknown0Cost+1","sneckomod:UnknownColorless+1","sneckomod:WideSting","sneckomod:UnknownUncommonAttack+1","sneckomod:Transmogrify","sneckomod:RainOfDice+1","sneckomod:DefensiveFlair+1","sneckomod:TrashToTreasure","sneckomod:Unknown3Cost+1","sneckomod:GlitteringGambit+1","sneckomod:UnknownClassMARISA_DERIVATIONS","sneckomod:UnendingSupply+1","sneckomod:Nope","expansioncontent:DashGenerateEvil","sneckomod:UnendingSupply+1","sneckomod:UnknownClassLunar+1","sneckomod:SoulDraw+1","sneckomod:Unknown3Cost","sneckomod:SerpentMind","sneckomod:UnknownBoss+1","sneckomod:Rotation+1","sneckomod:SlitherStrike+1","sneckomod:UnknownVulnerable+1","sneckomod:SnakeSap+1","Gensokyo:Dawn+1","sneckomod:UnknownRareAttack","expansioncontent:QuickStudy","sneckomod:UnknownBoss+1","sneckomod:QuickBite+1","sneckomod:Unknown3Cost+1","sneckomod:UnknownStrike+1","sneckomod:UnknownCommonAttack+1","sneckomod:UnknownClassLunar+1","sneckomod:SerpentIdol"],"relics":["Fusion Hammer","Potion Belt","downfall:HeartBlessingRed","downfall:HeartBlessingGreen","HandDrill","Toolbox","Vajra","hexamod:Sixitude","Turnip","Bag of Marbles","Shuriken","sneckomod:SneckoTalon","downfall:HeartBlessingBlue","Sling","SlaversCollar","Strawberry","Molten Egg 2","OrangePellets","Darkstone Periapt","Chemical X","MealTicket","Pen Nib","sneckomod:BlankCard","Orichalcum","Blood Vial"],"acts_visited":["Gensokyo:Gensokyo","Gensokyo:Gensokyoer","Gensokyo:Gensokyoest","TheEnding"],"potions_floor_usage":[3,19,26,26,26,37,37,49,50,55,56,56,56,56],"damage_taken":[{"damage":0,"enemies":"Gensokyo:2_Kodama","floor":2,"turns":4},{"damage":0,"enemies":"downfall:FleeingMerchant","floor":3,"turns":4},{"damage":8,"enemies":"Gensokyo:Gryphon","floor":4,"turns":3},{"damage":3,"enemies":"Gensokyo:Aya","floor":8,"turns":6},{"damage":10,"enemies":"Gensokyo:Python","floor":9,"turns":3},{"damage":0,"enemies":"Gensokyo:LivingMonolith","floor":11,"turns":1},{"damage":0,"enemies":"Gensokyo:Cirno","floor":13,"turns":6},{"damage":0,"enemies":"Gensokyo:3_Kodama","floor":14,"turns":2},{"damage":2,"enemies":"Gensokyo:5_Fairies","floor":15,"turns":4},{"damage":0,"enemies":"SI_SHIV_ARCHETYPE","floor":16,"turns":3},{"damage":1,"enemies":"Gensokyo:CosmicMonolith","floor":19,"turns":2},{"damage":0,"enemies":"Gensokyo:Chomper","floor":20,"turns":2},{"damage":17,"enemies":"Gensokyo:Wraith","floor":26,"turns":4},{"damage":5,"enemies":"Gensokyo:Tenshi","floor":27,"turns":4},{"damage":9,"enemies":"downfall:FleeingMerchant","floor":28,"turns":3},{"damage":0,"enemies":"Gensokyo:Swordslinger","floor":29,"turns":2},{"damage":0,"enemies":"Gensokyo:3_Gloops","floor":31,"turns":3},{"damage":0,"enemies":"Gensokyo:Mirror_and_Dog","floor":32,"turns":3},{"damage":4,"enemies":"IC_MUSHROOM_ARCHETYPE","floor":33,"turns":2},{"damage":0,"enemies":"Gensokyo:3_Bats","floor":36,"turns":2},{"damage":3,"enemies":"Gensokyo:3_Boulders","floor":37,"turns":3},{"damage":4,"enemies":"Gensokyo:SeedOfUnknown","floor":38,"turns":5},{"damage":0,"enemies":"Gensokyo:SeedOfUnknown","floor":40,"turns":4},{"damage":0,"enemies":"Gensokyo:4_Bats","floor":46,"turns":4},{"damage":0,"enemies":"Gensokyo:Dusk_and_Dawn","floor":48,"turns":2},{"damage":0,"enemies":"Gensokyo:SeedOfUnknown","floor":49,"turns":3},{"damage":0,"enemies":"WA_ARCHETYPE_DIVINITY","floor":50,"turns":3},{"damage":6,"enemies":"downfall:CharBossMerchant","floor":52,"turns":2},{"damage":9,"enemies":"downfall:NeowBoss","floor":55,"turns":5},{"damage":37,"enemies":"downfall:NeowBossFinal","floor":56,"turns":5}],"seed_played":"1059468388061862651","potions_obtained":[{"floor":2,"key":"BlessingOfTheForge"},{"floor":8,"key":"Fire Potion"},{"floor":11,"key":"Weak Potion"},{"floor":13,"key":"EssenceOfSteel"},{"floor":14,"key":"champ:CounterPotion"},{"floor":16,"key":"Fire Potion"},{"floor":19,"key":"Strength Potion"},{"floor":29,"key":"Fire Potion"},{"floor":32,"key":"Fire Potion"},{"floor":33,"key":"Strength Potion"},{"floor":46,"key":"Fire Potion"},{"floor":48,"key":"GamblersBrew"},{"floor":52,"key":"BlessingOfTheForge"}],"is_trial":false,"path_per_floor":["R","M","$","M","COS","?","T","E","M","?","M","R","E","M","M","B",null,"R","M","M","T","?","COS","T","?","M","E","$","M","?","M","M","B",null,"R","M","M","M","?","?","T","?","T","$","COS","M","R","M","M","B",null,"E","$","R","B","B",null],"character_chosen":"THE_SNECKO","items_purchased":["sneckomod:UnknownUncommonPower","Turnip","expansioncontent:DashGenerateEvil","OrangePellets","MealTicket","Darkstone Periapt","expansioncontent:QuickStudy","SteroidPotion"],"campfire_rested":5,"item_purchase_floors":[3,28,28,44,44,44,44,53],"current_hp_per_floor":[90,90,90,82,82,82,82,79,69,69,69,90,90,90,88,88,90,90,89,89,89,85,85,85,85,68,63,54,54,54,54,54,50,85,95,95,92,88,88,88,95,95,95,95,95,95,102,102,102,102,102,96,102,102,93,58],"gold":175,"neow_bonus":"BOSS_RELIC","is_daily":false,"chose_seed":false,"campfire_upgraded":0,"win_rate":0.0,"timestamp":1613291783,"path_taken":["R","M","$","M","COS","?","T","E","M","?","M","R","E","M","M","BOSS","R","M","M","?","?","COS","T","?","M","E","$","?","?","?","M","BOSS","R","M","M","M","?","?","T","?","?","?","COS","M","R","M","M","BOSS","E","$","R","BOSS","BOSS"],"items_purchased_type":["Card","Relic","Card","Relic","Relic","Relic","Card","Potion"],"build_version":"2020-12-22","purchased_purges":0,"victory":true,"max_hp_per_floor":[90,90,90,90,90,90,90,90,90,90,90,90,90,90,90,90,90,90,90,90,90,85,85,85,85,85,85,85,85,85,85,85,85,85,95,95,95,95,95,95,102,102,102,102,102,102,102,102,102,102,102,102,102,102,102,102],"card_choices":[{"not_picked":["sneckomod:DiceBlock","sneckomod:IronFang"],"picked":"sneckomod:UnknownClassLunar","floor":2},{"not_picked":["sneckomod:SnekBeam","sneckomod:UnknownClassMARISA_DERIVATIONS"],"picked":"sneckomod:MorePower","floor":3},{"not_picked":["sneckomod:UnknownVulnerable+1","sneckomod:Unknown0Cost+1"],"picked":"sneckomod:UnknownRareAttack+1","floor":4},{"not_picked":["sneckomod:Nope","sneckomod:SoulDraw"],"picked":"sneckomod:UnknownExhaust","floor":4},{"not_picked":["sneckomod:UnknownUncommonPower+1","sneckomod:Unknown1Cost+1"],"picked":"sneckomod:UnknownRareSkill+1","floor":8},{"not_picked":["sneckomod:UnknownExhaust+1","sneckomod:UnknownRarePower+1"],"picked":"sneckomod:UnknownBoss+1","floor":8},{"not_picked":["sneckomod:UnknownStrike+1","sneckomod:UnknownRareAttack+1"],"picked":"sneckomod:UnknownRarePower+1","floor":8},{"not_picked":["sneckomod:Rotation","sneckomod:RainOfDice"],"picked":"sneckomod:UnknownClassLunar","floor":8},{"not_picked":["sneckomod:UnknownX+1","sneckomod:Unknown0Cost+1"],"picked":"sneckomod:UnknownStrength+1","floor":9},{"not_picked":["sneckomod:MasterEye","sneckomod:IronFang"],"picked":"sneckomod:UnknownX","floor":9},{"not_picked":["sneckomod:SoulRoll","sneckomod:ImprovisedGuard"],"picked":"sneckomod:Unknown0Cost","floor":11},{"not_picked":["sneckomod:Unknown0Cost+1","sneckomod:UnknownX+1"],"picked":"sneckomod:UnknownExhaust+1","floor":13},{"not_picked":["sneckomod:IronFang","sneckomod:UnknownCommonAttack"],"picked":"sneckomod:UnknownDraw","floor":13},{"not_picked":["sneckomod:UnknownUncommonSkill","sneckomod:MasterEye+1"],"picked":"sneckomod:GlitteringGambit","floor":14},{"not_picked":["sneckomod:Unknown1Cost+1","sneckomod:UnknownCommonAttack+1"],"picked":"sneckomod:Unknown0Cost+1","floor":15},{"not_picked":["sneckomod:UnknownStrength+1","sneckomod:UnknownClassUrban Legend+1"],"picked":"sneckomod:UnknownColorless+1","floor":15},{"not_picked":["sneckomod:UnknownClassUrban Legend","sneckomod:SoulRoll"],"picked":"sneckomod:WideSting","floor":15},{"not_picked":["sneckomod:UnknownCommonSkill+1","sneckomod:UnknownDraw+1"],"picked":"sneckomod:UnknownUncommonAttack+1","floor":16},{"not_picked":["sneckomod:UnknownRareAttack","sneckomod:DangerNoodle"],"picked":"sneckomod:Transmogrify","floor":16},{"not_picked":["sneckomod:UnknownCommonAttack","sneckomod:IronFang"],"picked":"sneckomod:RainOfDice+1","floor":19},{"not_picked":["sneckomod:UnknownColorless","sneckomod:Nope"],"picked":"sneckomod:DefensiveFlair+1","floor":20},{"not_picked":["sneckomod:UnknownCommonAttack+1","sneckomod:UnknownUncommonPower+1"],"picked":"sneckomod:Unknown3Cost+1","floor":26},{"not_picked":["sneckomod:WideSting+1","sneckomod:UnknownUncommonSkill+1"],"picked":"sneckomod:GlitteringGambit+1","floor":26},{"not_picked":["sneckomod:IronFang+1","sneckomod:Unknown1Cost"],"picked":"sneckomod:UnknownClassMARISA_DERIVATIONS","floor":26},{"not_picked":["sneckomod:UnknownStrike","sneckomod:UnknownCommonSkill+1"],"picked":"sneckomod:UnendingSupply+1","floor":27},{"not_picked":["sneckomod:UnknownCommonAttack+1","sneckomod:QuickBite"],"picked":"sneckomod:Nope","floor":28},{"not_picked":["sneckomod:SoulRoll","sneckomod:IronFang+1"],"picked":"sneckomod:UnendingSupply+1","floor":29},{"not_picked":["sneckomod:UnknownClassMARISA_DERIVATIONS+1","sneckomod:Unknown1Cost+1"],"picked":"sneckomod:UnknownClassLunar+1","floor":31},{"not_picked":["sneckomod:DiceBlock","sneckomod:SoulCleanse"],"picked":"sneckomod:SoulDraw+1","floor":31},{"not_picked":["sneckomod:SoulDraw","sneckomod:Unknown1Cost"],"picked":"sneckomod:Unknown3Cost","floor":32},{"not_picked":["sneckomod:Restock","sneckomod:Mudshield"],"picked":"sneckomod:SerpentMind","floor":33},{"not_picked":["sneckomod:UnknownBlock+1","sneckomod:UnknownCommonSkill+1"],"picked":"sneckomod:UnknownBoss+1","floor":36},{"not_picked":["sneckomod:UnknownExhaust","sneckomod:UnknownStrength"],"picked":"sneckomod:Rotation+1","floor":36},{"not_picked":["sneckomod:QuickMove+1","sneckomod:UnknownClassLunar"],"picked":"sneckomod:SlitherStrike+1","floor":37},{"not_picked":["sneckomod:UnknownUncommonSkill+1","sneckomod:UnknownDraw+1"],"picked":"sneckomod:UnknownVulnerable+1","floor":38},{"not_picked":["sneckomod:Unknown1Cost+1","sneckomod:UnknownClassUrban Legend"],"picked":"sneckomod:SnakeSap+1","floor":38},{"not_picked":["Gensokyo:MorningStar+1","Gensokyo:RainbowDanmaku+1"],"picked":"Gensokyo:Dawn+1","floor":40},{"not_picked":["sneckomod:UnknownClassLunar+1","sneckomod:UnknownStrike+1"],"picked":"sneckomod:UnknownBoss+1","floor":46},{"not_picked":["sneckomod:UnknownColorless+1","sneckomod:UnknownUncommonPower"],"picked":"sneckomod:QuickBite+1","floor":46},{"not_picked":["sneckomod:UnknownClassMARISA_DERIVATIONS+1","sneckomod:UnknownUncommonSkill+1"],"picked":"sneckomod:Unknown3Cost+1","floor":48},{"not_picked":["sneckomod:Unknown2Cost","sneckomod:UnknownDraw"],"picked":"sneckomod:UnknownStrike+1","floor":48},{"not_picked":["sneckomod:QuickMove","sneckomod:DiceBoulder+1"],"picked":"sneckomod:UnknownCommonAttack+1","floor":49},{"not_picked":["sneckomod:UnknownVulnerable+1","sneckomod:UnknownUncommonAttack+1"],"picked":"sneckomod:UnknownClassLunar+1","floor":52},{"not_picked":["sneckomod:UnknownColorless+1","sneckomod:Unknown1Cost"],"picked":"sneckomod:SerpentIdol","floor":52}],"player_experience":1097157,"relics_obtained":[{"floor":7,"key":"Omamori"},{"floor":8,"key":"Lantern"},{"floor":13,"key":"Frozen Egg 2"},{"floor":19,"key":"Orichalcum"},{"floor":21,"key":"Pantograph"},{"floor":26,"key":"Toolbox"},{"floor":26,"key":"Orichalcum"},{"floor":27,"key":"Vajra"},{"floor":27,"key":"hexamod:Sixitude"},{"floor":27,"key":"Bronze Scales"},{"floor":31,"key":"Shuriken"},{"floor":37,"key":"Sling"},{"floor":38,"key":"SlaversCollar"},{"floor":41,"key":"Strawberry"},{"floor":43,"key":"Molten Egg 2"},{"floor":46,"key":"MealTicket"},{"floor":49,"key":"Pen Nib"},{"floor":52,"key":"Orichalcum"},{"floor":52,"key":"Blood Vial"}],"event_choices":[],"is_beta":false,"boss_relics":[{"not_picked":["Tiny House","Snecko Eye"],"picked":"Black Star"},{"not_picked":["Astrolabe","Empty Cage"],"picked":"sneckomod:SneckoTalon"}],"items_purged_floors":[],"is_endless":false,"potions_floor_spawned":[2,8,11,13,14,16,19,20,29,32,33,46,48,52],"ascension_level":4}}