{"host":"fnlf8nl5agtxb8g8","time":1613322172,"event":{"mods":["Act Like it!","BaseMod","Better Altar","Better Match","Better Note","Better Sensory Stone","Better Skull","Better Third Choice","Better Vampires","Minty Spire (QoL Compilation)","Quick Restart","Rare Cards Sparkle","StSLib","The Jungle","The Marked"],"gold_per_floor":[112,62,74,90,102,102,102,102,127,163,227,227,270,289,289,410,410,431,431,450,450,450,493,493,529,529,548,563,563,15,30,30,151,151,169,189,205,86,419,452,452,452,477,507,523,533,533,547,547,547,547,547,26,53,53],"floor_reached":56,"language":"ENG","playtime":4573,"items_purged":["theMarked:Defend"],"score":1282,"play_id":"bc9234b0-9922-4356-900d-4b9128a2c94c","local_time":"20210214110252","is_ascension_mode":false,"campfire_choices":[{"data":"theMarked:SoldierOfQuellstein","floor":6.0,"key":"SMITH"},{"data":"theMarked:ChannelForce","floor":8.0,"key":"SMITH"},{"floor":12.0,"key":"REST"},{"data":"theMarked:RogueSparks","floor":15.0,"key":"SMITH"},{"data":"theMarked:EmpowerWeapon","floor":24.0,"key":"SMITH"},{"floor":29.0,"key":"REST"},{"data":"theMarked:Memento","floor":32.0,"key":"SMITH"},{"floor":49.0,"key":"RECALL"},{"data":"theMarked:WardOff","floor":52.0,"key":"SMITH"}],"circlet_count":0,"master_deck":["theMarked:Strike","theMarked:Strike","theMarked:Strike","theMarked:Strike","theMarked:Strike","theMarked:SoldierOfQuellstein+1","theMarked:ChannelForce+1","theMarked:Opportunist","theMarked:Memento+1","theMarked:RogueSparks+1","theMarked:TurnInvisible","theMarked:WardOff+1","theMarked:WardOff","theMarked:EmpowerWeapon+1","theMarked:TurnInvisible","theMarked:WardOff+1","theMarked:Electrocute+1","theMarked:FavorableWinds+1","theMarked:Memento+1","theMarked:Maelstrom+1","theMarked:EnhanceMovement+1","theMarked:EmpowerWeapon+1","theMarked:EmpowerWeapon","theMarked:Heritage+1"],"relics":["theMarked:ArtifactOfAir","Toy Ornithopter","Ancient Tea Set","Art of War","Empty Cage","Nloth\u0027s Gift","Mummified Hand","The Courier","Boot","Tiny Chest","Membership Card","Bag of Marbles","Nunchaku","Molten Egg 2","Singing Bowl","Orichalcum","theMarked:SpiritSword","Lizard Tail","Omamori","WarpedTongs","Pen Nib","Peace Pipe","theMarked:VonisonLock","Bronze Scales","Ornamental Fan","War Paint","Lantern","Blue Candle","Letter Opener"],"acts_visited":["Exordium","TheCity","TheBeyond","TheEnding"],"potions_floor_usage":[55,55,55],"damage_taken":[{"damage":0.0,"enemies":"2 Louse","floor":1.0,"turns":2.0},{"damage":6.0,"enemies":"Jaw Worm","floor":3.0,"turns":3.0},{"damage":2.0,"enemies":"Small Slimes","floor":4.0,"turns":3.0},{"damage":13.0,"enemies":"Blue Slaver","floor":5.0,"turns":5.0},{"damage":12.0,"enemies":"3 Sentries","floor":10.0,"turns":6.0},{"damage":8.0,"enemies":"3 Sentries","floor":11.0,"turns":5.0},{"damage":19.0,"enemies":"Gremlin Nob","floor":13.0,"turns":4.0},{"damage":1.0,"enemies":"Gremlin Gang","floor":14.0,"turns":4.0},{"damage":4.0,"enemies":"The Guardian","floor":16.0,"turns":8.0},{"damage":7.0,"enemies":"3 Byrds","floor":18.0,"turns":5.0},{"damage":0.0,"enemies":"Spheric Guardian","floor":20.0,"turns":3.0},{"damage":35.0,"enemies":"Slavers","floor":23.0,"turns":6.0},{"damage":27.0,"enemies":"Book of Stabbing","floor":25.0,"turns":7.0},{"damage":0.0,"enemies":"Centurion and Healer","floor":27.0,"turns":5.0},{"damage":13.0,"enemies":"Snake Plant","floor":28.0,"turns":2.0},{"damage":2.0,"enemies":"Snecko","floor":31.0,"turns":5.0},{"damage":19.0,"enemies":"Collector","floor":33.0,"turns":8.0},{"damage":5.0,"enemies":"3 Darklings","floor":35.0,"turns":5.0},{"damage":7.0,"enemies":"Orb Walker","floor":36.0,"turns":3.0},{"damage":13.0,"enemies":"Sphere and 2 Shapes","floor":37.0,"turns":4.0},{"damage":8.0,"enemies":"Reptomancer","floor":40.0,"turns":6.0},{"damage":5.0,"enemies":"Giant Head","floor":44.0,"turns":6.0},{"damage":0.0,"enemies":"3 Darklings","floor":45.0,"turns":4.0},{"damage":17.0,"enemies":"Spire Growth","floor":46.0,"turns":4.0},{"damage":10.0,"enemies":"Transient","floor":48.0,"turns":5.0},{"damage":6.0,"enemies":"Time Eater","floor":50.0,"turns":7.0},{"damage":15,"enemies":"Shield and Spear","floor":54,"turns":6},{"damage":130,"enemies":"The Heart","floor":55,"turns":9}],"seed_played":"1276323573225639855","potions_obtained":[{"floor":1.0,"key":"Ancient Potion"},{"floor":5.0,"key":"Swift Potion"},{"floor":10.0,"key":"SneckoOil"},{"floor":11.0,"key":"Dexterity Potion"},{"floor":25.0,"key":"GamblersBrew"},{"floor":27.0,"key":"AttackPotion"},{"floor":28.0,"key":"LiquidBronze"},{"floor":33.0,"key":"BlessingOfTheForge"},{"floor":40.0,"key":"Ancient Potion"},{"floor":48.0,"key":"LiquidBronze"},{"floor":54,"key":"FearPotion"}],"is_trial":false,"path_per_floor":["M","?","M","M","M","R","?","R","T","E","?","R","E","M","R","B",null,"M","?","M","?","T","E","R","E","T","M","M","R","$","M","R","B",null,"M","M","M","$","?","E","?","T","T","E","M","M","?","M","R","B",null,"R","$","E","B",null],"character_chosen":"THE_DEFAULT","items_purchased":["Membership Card","Bag of Marbles","Nunchaku","Molten Egg 2","Singing Bowl","Orichalcum","Lizard Tail","theMarked:VonisonLock","Bronze Scales","Ornamental Fan","War Paint","Lantern","Blue Candle","theMarked:EmpowerWeapon"],"campfire_rested":2,"item_purchase_floors":[30,30,30,30,30,30,38,53,53,53,53,53,53,53],"current_hp_per_floor":[63,63,57,55,42,42,21,21,21,14,11,36,17,21,21,22,84,77,77,77,77,77,42,42,15,15,15,7,32,32,32,32,13,86,83,78,65,65,65,67,67,67,67,64,64,47,47,39,39,33,94,94,94,79,15],"gold":53,"neow_bonus":"TWENTY_PERCENT_HP_BONUS","is_daily":false,"chose_seed":false,"campfire_upgraded":6,"win_rate":0.0,"timestamp":1613322172,"path_taken":["M","?","M","M","M","R","?","R","T","E","?","R","E","M","R","BOSS","M","?","M","?","?","E","R","E","T","M","M","R","$","M","R","BOSS","M","?","M","$","?","E","?","?","T","E","M","M","?","M","R","BOSS","R","$","E","BOSS"],"items_purchased_type":["Relic","Relic","Relic","Relic","Relic","Relic","Relic","Relic","Relic","Relic","Relic","Relic","Relic","Card"],"build_version":"2020-12-22","purchased_purges":1,"victory":true,"max_hp_per_floor":[84,84,84,84,84,84,84,84,84,84,84,84,84,84,84,84,84,84,84,84,84,84,84,84,84,84,84,84,84,84,86,86,86,86,88,90,90,90,90,90,90,90,90,92,92,92,92,94,94,94,94,94,94,94,94],"card_choices":[{"not_picked":["theMarked:GodGivenPower","theMarked:ComboAttacks"],"picked":"theMarked:ChannelForce","floor":1.0},{"not_picked":["theMarked:WastefulAttack","theMarked:RepellingDischarge"],"picked":"theMarked:Opportunist","floor":3.0},{"not_picked":["theMarked:Generate","theMarked:ElectricStrings"],"picked":"theMarked:Memento","floor":4.0},{"not_picked":["theMarked:BanishingStrike","theMarked:HeightenedSenses","theMarked:ElectricStrings"],"picked":"SKIP","floor":5.0},{"not_picked":["theMarked:ChainLightning","theMarked:HeightenedSenses","theMarked:Generate"],"picked":"SKIP","floor":10.0},{"not_picked":["theMarked:Heritage","theMarked:Frustration","theMarked:ContemptForTheProud"],"picked":"SKIP","floor":13.0},{"not_picked":["theMarked:RepellingDischarge","theMarked:Parkour"],"picked":"theMarked:RogueSparks","floor":14.0},{"not_picked":["theMarked:ThrowWeapon","theMarked:Snap"],"picked":"theMarked:TurnInvisible","floor":16.0},{"not_picked":["theMarked:Frustration","theMarked:Generate"],"picked":"theMarked:WardOff","floor":18.0},{"not_picked":["theMarked:Aftermath+1","theMarked:TwofoldDefense"],"picked":"theMarked:WardOff","floor":20.0},{"not_picked":["theMarked:Pokerface","theMarked:TakeCover"],"picked":"theMarked:TurnInvisible","floor":23.0},{"not_picked":["theMarked:ThrowWeapon","theMarked:Toughness"],"picked":"theMarked:WardOff","floor":25.0},{"not_picked":["theMarked:Frustration","theMarked:ResourceFulStrike+1","theMarked:Aftermath+1"],"picked":"SKIP","floor":27.0},{"not_picked":["theMarked:WastefulAttack","theMarked:ElectricStrings"],"picked":"theMarked:Electrocute+1","floor":28.0},{"not_picked":["theMarked:ChannelForce","theMarked:Memento","theMarked:RogueSparks"],"picked":"Singing Bowl","floor":31.0},{"not_picked":["theMarked:Snap+1","theMarked:Toughness"],"picked":"theMarked:FavorableWinds","floor":33.0},{"not_picked":["theMarked:Improvise+1","theMarked:Parkour+1","theMarked:RogueSparks"],"picked":"Singing Bowl","floor":35.0},{"not_picked":["theMarked:Opportunist+1","theMarked:RepellingDischarge","theMarked:TunnelVision+1"],"picked":"Singing Bowl","floor":36.0},{"not_picked":["theMarked:AttractMetal+1","theMarked:Seal"],"picked":"theMarked:Memento+1","floor":37.0},{"not_picked":["theMarked:Frustration+1","theMarked:Opportunist+1"],"picked":"theMarked:Maelstrom+1","floor":40.0},{"not_picked":["theMarked:ShockingTouch+1","theMarked:SwordAndMagic+1","theMarked:Parkour+1"],"picked":"Singing Bowl","floor":44.0},{"not_picked":["theMarked:Challenge","theMarked:EmpowerWeapon"],"picked":"theMarked:EnhanceMovement","floor":45.0},{"not_picked":["theMarked:FavorableWinds","theMarked:GodGivenPower+1"],"picked":"theMarked:EmpowerWeapon+1","floor":46.0},{"not_picked":["theMarked:Overcharge","theMarked:Polarize","theMarked:SwordAndMagic+1"],"picked":"Singing Bowl","floor":48.0},{"not_picked":["theMarked:TakeOffHeels","theMarked:ThrowWeapon+1"],"picked":"theMarked:Heritage+1","floor":54}],"player_experience":716956,"relics_obtained":[{"floor":9.0,"key":"Toy Ornithopter"},{"floor":10.0,"key":"Ancient Tea Set"},{"floor":11.0,"key":"Art of War"},{"floor":13.0,"key":"Dream Catcher"},{"floor":22.0,"key":"Mummified Hand"},{"floor":23.0,"key":"The Courier"},{"floor":25.0,"key":"Boot"},{"floor":26.0,"key":"Tiny Chest"},{"floor":40.0,"key":"Omamori"},{"floor":43.0,"key":"Pen Nib"},{"floor":44.0,"key":"Peace Pipe"},{"floor":54,"key":"Letter Opener"}],"event_choices":[{"cards_removed":["theMarked:Defend"],"damage_healed":0.0,"max_hp_gain":0.0,"max_hp_loss":0.0,"gold_gain":0.0,"event_name":"The Cleric","player_choice":"Card Removal","floor":2.0,"gold_loss":50.0,"damage_taken":0.0},{"damage_healed":0.0,"max_hp_gain":0.0,"max_hp_loss":0.0,"gold_gain":0.0,"event_name":"Golden Idol","player_choice":"Take Damage","floor":7.0,"gold_loss":0.0,"damage_taken":21.0,"relics_obtained":["Golden Idol"]},{"damage_healed":0.0,"max_hp_gain":0.0,"max_hp_loss":0.0,"gold_gain":30.0,"event_name":"Dead Adventurer","player_choice":"Searched \u00273\u0027 times","floor":11.0,"gold_loss":0.0,"damage_taken":0.0},{"damage_healed":0.0,"max_hp_gain":0.0,"max_hp_loss":0.0,"gold_gain":0.0,"event_name":"N\u0027loth","player_choice":"Traded Relic","floor":19.0,"relics_lost":["Dream Catcher"],"gold_loss":0.0,"damage_taken":0.0,"relics_obtained":["Nloth\u0027s Gift"]},{"cards_removed":["theMarked:ChannelForce"],"damage_healed":0.0,"max_hp_gain":0.0,"max_hp_loss":0.0,"gold_gain":0.0,"event_name":"betterNote:BetterNote","player_choice":"Take \u0026 Give","floor":21.0,"gold_loss":0.0,"damage_taken":0.0,"cards_obtained":["theMarked:EmpowerWeapon"]},{"damage_healed":0.0,"max_hp_gain":0.0,"max_hp_loss":0.0,"gold_gain":333.0,"event_name":"The Moai Head","player_choice":"Gave Idol","floor":39.0,"relics_lost":["Golden Idol"],"gold_loss":0.0,"damage_taken":0.0},{"damage_healed":0.0,"max_hp_gain":0.0,"max_hp_loss":0.0,"gold_gain":0.0,"event_name":"Accursed Blacksmith","player_choice":"Rummage","floor":41.0,"gold_loss":0.0,"damage_taken":0.0,"relics_obtained":["WarpedTongs"],"cards_obtained":["Pain"]},{"damage_healed":0.0,"max_hp_gain":0.0,"max_hp_loss":0.0,"gold_gain":0.0,"event_name":"Upgrade Shrine","player_choice":"Upgraded","floor":47.0,"gold_loss":0.0,"damage_taken":0.0,"cards_upgraded":["theMarked:EnhanceMovement"]}],"is_beta":false,"boss_relics":[{"not_picked":["Philosopher\u0027s Stone","Runic Dome"],"picked":"Empty Cage"},{"not_picked":["Coffee Dripper","Runic Pyramid"],"picked":"theMarked:SpiritSword"}],"items_purged_floors":[30],"is_endless":false,"potions_floor_spawned":[1,5,10,11,25,27,28,33,35,40,48,54],"ascension_level":0}}