{"host":"Sylvester","time":1613297500,"event":{"mods":["AchievementEnabler","BaseMod","Filter the Spire","Lobotomy","Minty Spire (QoL Compilation)","Replay The Spire","StSLib"],"gold_per_floor":[114,134,147,163,182,182,213,213,261,11,11,42,52,66,66,141,141,151,162,212,223,223,223],"floor_reached":22,"language":"ENG","playtime":848,"items_purged":["Strike_B"],"score":450,"play_id":"491171d5-2ea9-4870-aada-4270b1409e86","local_time":"20210214021140","is_ascension_mode":true,"campfire_choices":[{"data":"Hyperbeam","floor":6.0,"key":"SMITH"},{"data":"ReplayRNGCard","floor":8.0,"key":"SMITH"},{"data":"FIFO Queue","floor":15.0,"key":"SMITH"}],"circlet_count":0,"master_deck":["AscendersBane","Defend_B","Defend_B","Defend_B","Defend_B","Zap","Dualcast","Beam Cell","Cold Snap","Hyperbeam+1","Hologram+1","Ball Lightning","ReplayRNGCard+1","Core Surge","FIFO Queue+1","Ball Lightning","Mirror Shield","Self Repair+1","White Noise+1","Hologram+1","Genetic Algorithm","Hologram","BootSequence"],"relics":["ChewingGum","Centennial Puzzle","Potion Belt","Blue Candle","Astrolabe"],"acts_visited":["Exordium","TheCity"],"potions_floor_usage":[21],"damage_taken":[{"damage":0.0,"enemies":"Cultist","floor":1.0,"turns":3.0},{"damage":2.0,"enemies":"Small Slimes","floor":2.0,"turns":4.0},{"damage":2.0,"enemies":"2 Louse","floor":3.0,"turns":2.0},{"damage":4.0,"enemies":"Looter","floor":4.0,"turns":3.0},{"damage":0.0,"enemies":"Exordium Thugs","floor":5.0,"turns":2.0},{"damage":6.0,"enemies":"Gremlin Nob","floor":7.0,"turns":3.0},{"damage":0.0,"enemies":"3 Sentries","floor":12.0,"turns":3.0},{"damage":0.0,"enemies":"Exordium Wildlife","floor":13.0,"turns":1.0},{"damage":0.0,"enemies":"2 Fungi Beasts","floor":14.0,"turns":1.0},{"damage":45.0,"enemies":"The Guardian","floor":16.0,"turns":8.0},{"damage":6.0,"enemies":"Spheric Guardian","floor":18.0,"turns":5.0},{"damage":23.0,"enemies":"Shell Parasite","floor":19.0,"turns":6.0},{"damage":14,"enemies":"Snecko","floor":21,"turns":6},{"damage":35,"enemies":"Centurion and Healer","floor":22,"turns":6}],"seed_played":"-414576641558701517","potions_obtained":[{"floor":2.0,"key":"EssenceOfSteel"},{"floor":3.0,"key":"Block Potion"},{"floor":7.0,"key":"Death Potion"},{"floor":12.0,"key":"Block Potion"},{"floor":18.0,"key":"FocusPotion"},{"floor":19.0,"key":"Strength Potion"}],"is_trial":false,"path_per_floor":["M","M","M","M","M","R","E","R","T","$","?","E","M","M","R","B",null,"M","M","?","M","M"],"character_chosen":"DEFECT","items_purchased":["Core Surge"],"campfire_rested":0,"item_purchase_floors":[10],"current_hp_per_floor":[64,62,60,56,56,56,50,50,50,50,50,50,50,50,50,5,55,59,46,46,32,0,0],"gold":223,"neow_bonus":"BOSS_RELIC","is_daily":false,"chose_seed":false,"campfire_upgraded":3,"win_rate":0.0,"timestamp":1613297500,"path_taken":["M","M","M","M","?","R","E","R","T","$","?","E","M","?","R","BOSS","M","M","?","M","M"],"items_purchased_type":["Card"],"build_version":"2020-11-17","purchased_purges":1,"victory":false,"max_hp_per_floor":[71,71,71,71,71,71,71,71,71,71,71,71,71,71,71,71,71,71,71,71,71,71,71],"card_choices":[{"not_picked":["Steam","ReplayTheSpireMod:Calculation Training"],"picked":"Beam Cell","floor":1.0},{"not_picked":["Conserve Battery","Go for the Eyes"],"picked":"Cold Snap","floor":2.0},{"not_picked":["Blizzard","Conserve Battery"],"picked":"Hyperbeam","floor":3.0},{"not_picked":["Sweeping Beam","Capacitor"],"picked":"Hologram","floor":4.0},{"not_picked":["ReplaySort","Auto Shields"],"picked":"Ball Lightning","floor":5.0},{"not_picked":["Beam Cell","Go for the Eyes"],"picked":"ReplayRNGCard","floor":7.0},{"not_picked":["Rip and Tear","Sunder"],"picked":"FIFO Queue","floor":12.0},{"not_picked":["FTL","Reprogram"],"picked":"Ball Lightning","floor":13.0},{"not_picked":["ReplayTheSpireMod:Repulse","Darkness","Go for the Eyes"],"picked":"SKIP","floor":14.0},{"not_picked":["Hyperbeam","Meteor Strike"],"picked":"Mirror Shield","floor":16.0},{"not_picked":["ReplaySolidLightProjector","ReplayTheSpireMod:Reroute Power"],"picked":"Genetic Algorithm","floor":18.0},{"not_picked":["Go for the Eyes","Barrage"],"picked":"Hologram","floor":19.0},{"not_picked":["FIFO Queue","Sweeping Beam"],"picked":"BootSequence","floor":21}],"player_experience":256302,"relics_obtained":[{"floor":7.0,"key":"Centennial Puzzle"},{"floor":9.0,"key":"Potion Belt"},{"floor":12.0,"key":"Blue Candle"}],"event_choices":[{"damage_healed":0.0,"max_hp_gain":0.0,"max_hp_loss":0.0,"gold_gain":0.0,"event_name":"Accursed Blacksmith","player_choice":"Forge","floor":11.0,"gold_loss":0.0,"damage_taken":0.0,"cards_upgraded":["Hologram"]},{"damage_healed":0.0,"max_hp_gain":0.0,"max_hp_loss":0.0,"gold_gain":50.0,"event_name":"Nest","player_choice":"Stole From Cult","floor":20.0,"gold_loss":0.0,"damage_taken":0.0}],"is_beta":true,"boss_relics":[{"not_picked":["Replay:Ancient Bell","SlaversCollar"],"picked":"Astrolabe"}],"items_purged_floors":[10],"is_endless":false,"potions_floor_spawned":[2,3,7,12,18,19],"killed_by":"Centurion and Healer","ascension_level":20}}