{"host":"7qdnj56gqvs5vt6s","time":1613331004,"event":{"mods":["BaseMod","Colored Map","Hermit","Hubris","Minty Spire (QoL Compilation)","Replay The Spire","StSLib"],"gold_per_floor":[110,124,124,134,134,134,169,169,194,209,240,240,268,282,282,282,282],"floor_reached":16,"language":"ENG","playtime":7110,"items_purged":[],"score":126,"play_id":"0705fa9d-9cc8-4f4f-9b7f-0fa4666e5ef4","local_time":"20210214113004","is_ascension_mode":true,"campfire_choices":[{"floor":6,"key":"REST"},{"data":"hermit:CursedWeapon","floor":8,"key":"SMITH"},{"floor":12,"key":"REST"},{"floor":15,"key":"REST"}],"circlet_count":0,"master_deck":["hermit:Strike_Hermit","hermit:Strike_Hermit","hermit:Strike_Hermit","hermit:Defend_Hermit","hermit:Defend_Hermit","hermit:Defend_Hermit","hermit:Defend_Hermit","hermit:Snapshot+1","hermit:Covet","hermit:BigShot","hermit:BigShot+1","hermit:CalledShot","hermit:GhostlyPresence","hermit:CursedWeapon+1","hermit:Ricochet","hermit:CalledShot","hermit:CursedWeapon","hermit:CalledShot"],"relics":["hermit:Momento","Simple Rune","Centennial Puzzle","Bag of Preparation","Nunchaku"],"acts_visited":["Exordium"],"potions_floor_usage":[16,16,16],"damage_taken":[{"damage":0,"enemies":"2 Louse","floor":1,"turns":2},{"damage":6,"enemies":"Jaw Worm","floor":2,"turns":2},{"damage":6,"enemies":"Cultist","floor":4,"turns":3},{"damage":8,"enemies":"Replay:BlueRogue","floor":7,"turns":6},{"damage":19,"enemies":"Exordium Wildlife","floor":10,"turns":4},{"damage":17,"enemies":"3 Sentries","floor":11,"turns":6},{"damage":22,"enemies":"Lagavulin","floor":13,"turns":5},{"damage":5,"enemies":"3 Louse","floor":14,"turns":2},{"damage":55,"enemies":"Fading Forest","floor":16,"turns":10}],"seed_played":"2441004749981344612","potions_obtained":[{"floor":1,"key":"SkillPotion"},{"floor":2,"key":"Swift Potion"},{"floor":4,"key":"SteroidPotion"}],"is_trial":false,"path_per_floor":["M","M","?","M","?","R","E","R","T","M","E","R","E","M","R","B"],"character_chosen":"HERMIT","items_purchased":[],"campfire_rested":3,"item_purchase_floors":[],"current_hp_per_floor":[75,69,54,48,48,70,62,62,62,43,26,48,26,21,43,0,0],"gold":282,"neow_bonus":"UPGRADE_CARD","is_daily":false,"chose_seed":false,"campfire_upgraded":1,"win_rate":0.0,"timestamp":1613331004,"path_taken":["M","M","?","M","?","R","E","R","T","M","E","R","E","?","R","BOSS"],"items_purchased_type":[],"build_version":"2020-12-22","purchased_purges":0,"victory":false,"max_hp_per_floor":[75,75,75,75,75,75,75,75,75,75,75,75,75,75,75,75,75],"card_choices":[{"not_picked":["hermit:TakeAim","hermit:GhostlyPresence"],"picked":"hermit:BigShot","floor":1},{"not_picked":["hermit:LuckOfTheDraw","hermit:Midnight"],"picked":"hermit:BigShot","floor":2},{"not_picked":["hermit:BodyArmor","hermit:PistolWhip"],"picked":"hermit:CalledShot","floor":4},{"not_picked":["hermit:HighCaliber","hermit:WideOpen"],"picked":"hermit:CursedWeapon","floor":7},{"not_picked":["hermit:Gestalt","hermit:Malice"],"picked":"hermit:Ricochet","floor":10},{"not_picked":["hermit:Dissolve","hermit:BodyArmor"],"picked":"hermit:CalledShot","floor":11},{"not_picked":["hermit:Dive","hermit:WideOpen"],"picked":"hermit:CursedWeapon","floor":13},{"not_picked":["hermit:Scavenge","hermit:Feint"],"picked":"hermit:CalledShot","floor":14}],"player_experience":61313,"relics_obtained":[{"floor":7,"key":"Simple Rune"},{"floor":9,"key":"Centennial Puzzle"},{"floor":11,"key":"Bag of Preparation"},{"floor":13,"key":"Nunchaku"}],"event_choices":[{"damage_healed":0,"gold_gain":0,"player_choice":"Entered Light","damage_taken":15,"max_hp_gain":0,"max_hp_loss":0,"event_name":"Shining Light","floor":3,"gold_loss":0,"cards_upgraded":["hermit:BigShot","hermit:Defend_Hermit"]},{"damage_healed":0,"gold_gain":0,"cards_transformed":["hermit:Strike_Hermit"],"player_choice":"Transformed","damage_taken":0,"max_hp_gain":0,"max_hp_loss":0,"event_name":"Transmorgrifier","floor":5,"gold_loss":0,"cards_obtained":["hermit:GhostlyPresence"]}],"is_beta":false,"boss_relics":[],"items_purged_floors":[],"is_endless":false,"potions_floor_spawned":[1,2,4,10],"killed_by":"Fading Forest","ascension_level":1}}