{"host":"knghpd923z1q8993","time":1613261414,"event":{"mods":["BaseMod","Colored Map","Colored Powertips","Minty Spire (QoL Compilation)","StSLib"],"gold_per_floor":[111,124,74,74,89,124,144,69,69,169,169,181,44,71,71,168,168,183,183,62,77,77,110,123,155,155,155,155,28,28,42,42,138,138,149,103,117,117,130,130,159,159,185,185,196,196,10,23,23,23],"floor_reached":51,"language":"ENG","playtime":4505,"items_purged":["Defend_G","Strike_G"],"score":1047,"play_id":"688093ac-ceda-4cab-8ba7-93703ede321e","local_time":"20210214011014","is_ascension_mode":true,"campfire_choices":[{"data":"Tools of the Trade","floor":11,"key":"SMITH"},{"data":"Accuracy","floor":15,"key":"SMITH"},{"floor":27,"key":"REST"},{"data":"After Image","floor":32,"key":"SMITH"},{"data":"Phantasmal Killer","floor":40,"key":"SMITH"},{"data":"Phantasmal Killer","floor":42,"key":"SMITH"},{"data":"Accuracy","floor":44,"key":"SMITH"},{"data":"Accuracy","floor":49,"key":"SMITH"}],"circlet_count":0,"master_deck":["Survivor","Neutralize","Blade Dance","Slice","Tools of the Trade+1","Blade Dance","Tactician","Backstab","Accuracy+1","After Image+1","Deflect","Concentrate","PiercingWail","Caltrops","Accuracy+1","Accuracy+1","Malaise","Infinite Blades","Cloak And Dagger","Phantasmal Killer+1","Sucker Punch","Calculated Gamble","Phantasmal Killer+1","Masterful Stab","Blade Dance","Reflex+1","Blade Dance","Accuracy+1","Cloak And Dagger","Backflip","Parasite","Terror+1"],"relics":["WristBlade","Strawberry","Oddly Smooth Stone","Mummified Hand","Runic Pyramid","Snake Skull","Pantograph","Nunchaku","Shuriken","Pandora\u0027s Box","The Courier","Anchor"],"acts_visited":["Exordium","TheCity","TheBeyond"],"potions_floor_usage":[18,18,23,23,33,39,41,41,50,50,50],"damage_taken":[{"damage":9.0,"enemies":"Cultist","floor":1.0,"turns":5.0},{"damage":4.0,"enemies":"Small Slimes","floor":2.0,"turns":3.0},{"damage":7.0,"enemies":"Jaw Worm","floor":5.0,"turns":3.0},{"damage":15.0,"enemies":"Lagavulin","floor":6.0,"turns":4.0},{"damage":0,"enemies":"3 Louse","floor":7,"turns":2},{"damage":0,"enemies":"Exordium Thugs","floor":12,"turns":3},{"damage":7,"enemies":"Gremlin Nob","floor":14,"turns":3},{"damage":25,"enemies":"The Guardian","floor":16,"turns":9},{"damage":0,"enemies":"3 Byrds","floor":18,"turns":3},{"damage":2,"enemies":"Shell Parasite","floor":21,"turns":2},{"damage":0,"enemies":"Gremlin Leader","floor":23,"turns":5},{"damage":26,"enemies":"Snake Plant","floor":24,"turns":4},{"damage":28,"enemies":"Slavers","floor":25,"turns":4},{"damage":0,"enemies":"Chosen and Byrds","floor":31,"turns":4},{"damage":0,"enemies":"Automaton","floor":33,"turns":6},{"damage":5,"enemies":"3 Darklings","floor":35,"turns":2},{"damage":3,"enemies":"Orb Walker","floor":37,"turns":3},{"damage":0,"enemies":"Transient","floor":39,"turns":5},{"damage":29,"enemies":"Nemesis","floor":41,"turns":5},{"damage":0,"enemies":"3 Darklings","floor":45,"turns":3},{"damage":2,"enemies":"Writhing Mass","floor":48,"turns":4},{"damage":12,"enemies":"Donu and Deca","floor":50,"turns":5}],"seed_played":"-7963085046137725928","potions_obtained":[{"floor":2.0,"key":"LiquidBronze"},{"floor":5.0,"key":"SkillPotion"},{"floor":14,"key":"Ancient Potion"},{"floor":16,"key":"Swift Potion"},{"floor":18,"key":"ColorlessPotion"},{"floor":19,"key":"GhostInAJar"},{"floor":25,"key":"EssenceOfSteel"},{"floor":33,"key":"LiquidMemories"},{"floor":39,"key":"SkillPotion"},{"floor":41,"key":"CultistPotion"}],"is_trial":false,"path_per_floor":["M","M","?","?","M","E","M","$","T","?","R","M","$","E","R","B",null,"M","?","$","M","T","E","M","E","T","R","?","$","?","M","R","B",null,"M","$","M","?","M","R","E","R","T","R","M","?","$","M","R","B",null],"character_chosen":"THE_SILENT","items_purchased":["Accuracy","Concentrate","PiercingWail","Malaise","Block Potion","Blade Dance","Cloak And Dagger","Weak Potion","Backflip","Weak Potion","Weak Potion"],"campfire_rested":1,"item_purchase_floors":[13,20,20,29,29,36,47,47,47,47,47],"current_hp_per_floor":[54,50,50,50,43,35,35,35,35,35,35,35,35,28,28,3,59,59,59,59,57,57,57,31,3,3,26,26,26,26,26,26,51,71,66,66,63,77,77,77,48,48,48,48,48,48,48,46,46,59],"gold":23,"neow_bonus":"BOSS_RELIC","is_daily":false,"chose_seed":false,"campfire_upgraded":7,"win_rate":0.0,"timestamp":1613261414,"path_taken":["M","?","?","?","M","E","M","$","T","?","R","?","$","E","R","BOSS","M","?","?","M","?","E","?","E","T","R","?","?","?","M","R","BOSS","M","$","M","?","?","R","E","R","T","R","M","?","$","M","R","BOSS"],"items_purchased_type":["Card","Card","Card","Card","Potion","Card","Card","Potion","Card","Potion","Potion"],"build_version":"2020-12-22","purchased_purges":2,"victory":true,"max_hp_per_floor":[70,70,70,70,70,77,77,77,77,77,77,77,77,77,77,77,77,77,77,77,77,77,77,77,77,77,77,77,77,77,77,77,77,77,77,77,77,77,77,77,77,77,77,77,77,73,73,73,73,73],"card_choices":[{"not_picked":["Deadly Poison","Quick Slash"],"picked":"Blade Dance","floor":1.0},{"not_picked":["Prepared","Sucker Punch"],"picked":"Slice","floor":2.0},{"not_picked":["Well Laid Plans","Tactician"],"picked":"Tools of the Trade","floor":5.0},{"not_picked":["Quick Slash","Crippling Poison"],"picked":"Blade Dance","floor":6.0},{"not_picked":["Bane","Underhanded Strike"],"picked":"Tactician","floor":7},{"not_picked":["Deflect","Escape Plan"],"picked":"Backstab","floor":12},{"not_picked":["Bane","Poisoned Stab","Dagger Throw"],"picked":"SKIP","floor":14},{"not_picked":["Malaise","Envenom"],"picked":"After Image","floor":16},{"not_picked":["Sucker Punch","Dash+1"],"picked":"Deflect","floor":18},{"not_picked":["Catalyst+1","Riddle With Holes","Poisoned Stab"],"picked":"SKIP","floor":21},{"not_picked":["Slice","Distraction"],"picked":"Caltrops","floor":23},{"not_picked":["Expertise+1","Reflex"],"picked":"Accuracy","floor":24},{"not_picked":["Concentrate","Eviscerate"],"picked":"Accuracy+1","floor":25},{"not_picked":["Expertise+1","Noxious Fumes+1"],"picked":"Cloak And Dagger","floor":31},{"not_picked":["Die Die Die","After Image"],"picked":"Phantasmal Killer","floor":33},{"not_picked":["Acrobatics","Underhanded Strike+1"],"picked":"Reflex+1","floor":35},{"not_picked":["Poisoned Stab+1","Caltrops","Outmaneuver"],"picked":"SKIP","floor":37},{"not_picked":["Deadly Poison+1","Sucker Punch","Quick Slash"],"picked":"SKIP","floor":39},{"not_picked":["Dagger Spray+1","Outmaneuver","Poisoned Stab"],"picked":"SKIP","floor":41},{"not_picked":["Concentrate+1","Expertise+1"],"picked":"Accuracy","floor":45},{"not_picked":["Prepared","Calculated Gamble+1"],"picked":"Terror+1","floor":48}],"player_experience":89575,"relics_obtained":[{"floor":6.0,"key":"Strawberry"},{"floor":9,"key":"Oddly Smooth Stone"},{"floor":14,"key":"Mummified Hand"},{"floor":22,"key":"Snake Skull"},{"floor":23,"key":"Pantograph"},{"floor":25,"key":"Nunchaku"},{"floor":26,"key":"Shuriken"},{"floor":41,"key":"The Courier"},{"floor":43,"key":"Anchor"}],"event_choices":[{"cards_removed":["Defend_G"],"damage_healed":0.0,"max_hp_gain":0.0,"max_hp_loss":0.0,"gold_gain":0.0,"event_name":"The Cleric","player_choice":"Card Removal","floor":3.0,"gold_loss":50.0,"damage_taken":0.0},{"cards_removed":["Strike_G"],"damage_healed":0.0,"max_hp_gain":0.0,"max_hp_loss":0.0,"gold_gain":0.0,"event_name":"Living Wall","player_choice":"Forget","floor":4.0,"gold_loss":0.0,"damage_taken":0.0},{"damage_healed":0,"gold_gain":100,"player_choice":"Pray","damage_taken":0,"max_hp_gain":0,"max_hp_loss":0,"event_name":"Golden Shrine","floor":10,"gold_loss":0},{"damage_healed":0,"gold_gain":0,"player_choice":"Got Potions","damage_taken":0,"max_hp_gain":0,"max_hp_loss":0,"event_name":"Lab","floor":19,"gold_loss":0},{"damage_healed":0,"gold_gain":0,"player_choice":"Ignored","damage_taken":0,"max_hp_gain":0,"max_hp_loss":0,"event_name":"Ghosts","floor":28,"gold_loss":0},{"damage_healed":0,"gold_gain":0,"player_choice":"Read","damage_taken":0,"max_hp_gain":0,"max_hp_loss":0,"event_name":"The Library","floor":30,"gold_loss":0,"cards_obtained":["Infinite Blades"]},{"cards_removed":["Catalyst"],"damage_healed":14,"gold_gain":0,"player_choice":"Offered Uncommon","damage_taken":0,"max_hp_gain":0,"max_hp_loss":0,"event_name":"Bonfire Elementals","floor":38,"gold_loss":0},{"damage_healed":0,"gold_gain":0,"player_choice":"Max HP","damage_taken":0,"max_hp_gain":0,"max_hp_loss":4,"event_name":"Winding Halls","floor":46,"gold_loss":0}],"is_beta":false,"boss_relics":[{"not_picked":["Empty Cage","SlaversCollar"],"picked":"Runic Pyramid"},{"not_picked":["Velvet Choker","Cursed Key"],"picked":"Pandora\u0027s Box"}],"items_purged_floors":[8,13],"is_endless":false,"potions_floor_spawned":[2,5,14,16,18,25,33,39,41,48],"ascension_level":6}}