{"host":"uv5ws9rdk87e8i5k","time":1613346024,"event":{"mods":["AchievementEnabler","BaseMod","Colored Map","Minty Spire (QoL Compilation)","Permanent Neow","Quick Restart","StSLib","SuperFastMode","The Necromancer"],"gold_per_floor":[116,127,145,156,172,202,202,217,272,283,295,324,324,340,340,440,440,456,555,572,572,586,620,620,646,669,29,129,129,129],"floor_reached":29,"language":"ENG","playtime":685,"items_purged":[],"score":378,"play_id":"42852074-1810-497e-96e0-21e6cea9cbc7","local_time":"20210214174024","is_ascension_mode":true,"campfire_choices":[{"data":"Defragment","floor":7.0,"key":"SMITH"},{"data":"Loop","floor":13.0,"key":"SMITH"},{"data":"Storm","floor":15.0,"key":"SMITH"},{"data":"Rainbow","floor":24.0,"key":"SMITH"}],"circlet_count":0,"master_deck":["Strike_B","Strike_B","Strike_B","Strike_B","Defend_B","Defend_B","Defend_B","Defend_B","Zap","Dualcast","Conserve Battery","Cold Snap","Ball Lightning","Loop+1","Defragment+1","Sweeping Beam","Force Field","Turbo","Storm+1","Self Repair","Rainbow+1","Beam Cell+1","Static Discharge","Heatsinks","Turbo","Loop","Mayhem"],"relics":["Cracked Core","Thread and Needle","Smiling Mask","Strawberry","Blue Candle","Runic Pyramid","Gremlin Horn","Art of War","Tiny Chest","PreservedInsect","Mercury Hourglass","Pocketwatch","Symbiotic Virus"],"acts_visited":["Exordium","TheCity"],"potions_floor_usage":[],"damage_taken":[{"damage":0.0,"enemies":"Cultist","floor":1.0,"turns":3.0},{"damage":0.0,"enemies":"Jaw Worm","floor":2.0,"turns":4.0},{"damage":0.0,"enemies":"2 Louse","floor":3.0,"turns":2.0},{"damage":0.0,"enemies":"Looter","floor":4.0,"turns":3.0},{"damage":0.0,"enemies":"Large Slime","floor":5.0,"turns":6.0},{"damage":11.0,"enemies":"Lagavulin","floor":6.0,"turns":4.0},{"damage":1.0,"enemies":"3 Louse","floor":8.0,"turns":3.0},{"damage":7.0,"enemies":"Lots of Slimes","floor":10.0,"turns":3.0},{"damage":0.0,"enemies":"2 Fungi Beasts","floor":11.0,"turns":2.0},{"damage":6.0,"enemies":"Gremlin Nob","floor":12.0,"turns":4.0},{"damage":0.0,"enemies":"Looter","floor":14.0,"turns":3.0},{"damage":0.0,"enemies":"Slime Boss","floor":16.0,"turns":6.0},{"damage":0.0,"enemies":"Spheric Guardian","floor":18.0,"turns":4.0},{"damage":8.0,"enemies":"Chosen","floor":20.0,"turns":4.0},{"damage":13.0,"enemies":"Sentry and Sphere","floor":22.0,"turns":5.0},{"damage":20.0,"enemies":"Gremlin Leader","floor":23.0,"turns":6.0},{"damage":29.0,"enemies":"Book of Stabbing","floor":25.0,"turns":3.0},{"damage":18,"enemies":"Colosseum Slavers","floor":28,"turns":3},{"damage":6,"enemies":"Colosseum Nobs","floor":28,"turns":3},{"damage":15,"enemies":"Snake Plant","floor":29,"turns":1}],"seed_played":"-8894023174884659563","potions_obtained":[{"floor":1.0,"key":"Strength Potion"},{"floor":3.0,"key":"Energy Potion"},{"floor":5.0,"key":"ColorlessPotion"},{"floor":6.0,"key":"LiquidMemories"},{"floor":10.0,"key":"PowerPotion"},{"floor":20.0,"key":"BlessingOfTheForge"},{"floor":22.0,"key":"SkillPotion"}],"is_trial":false,"path_per_floor":["M","M","M","M","M","E","R","M","T","M","M","E","R","M","R","B",null,"M","?","M","?","M","E","R","E","T","$","?","M"],"character_chosen":"DEFECT","items_purchased":["Loop","PreservedInsect","Mercury Hourglass","Mayhem"],"campfire_rested":0,"item_purchase_floors":[27,27,27,27],"current_hp_per_floor":[68,68,68,68,68,57,57,56,63,56,56,50,50,50,50,57,75,75,75,74,74,71,58,58,36,36,36,12,0,0],"gold":129,"neow_bonus":"ONE_RARE_RELIC","is_daily":false,"chose_seed":false,"campfire_upgraded":4,"win_rate":0.0,"timestamp":1613346024,"path_taken":["M","M","M","M","M","E","R","M","T","M","?","E","R","M","R","BOSS","M","?","M","?","M","E","R","E","T","$","?","M"],"items_purchased_type":["Card","Relic","Relic","Card"],"build_version":"2020-12-22","purchased_purges":0,"victory":false,"max_hp_per_floor":[68,68,68,68,68,68,68,68,75,75,75,75,75,75,75,75,75,75,75,75,75,75,75,75,75,75,75,75,75,75],"card_choices":[{"not_picked":["Fusion","Go for the Eyes"],"picked":"Conserve Battery","floor":1.0},{"not_picked":["Barrage","Ball Lightning"],"picked":"Cold Snap","floor":2.0},{"not_picked":["Conserve Battery","Lockon"],"picked":"Ball Lightning","floor":3.0},{"not_picked":["Ball Lightning","Cold Snap"],"picked":"Loop","floor":4.0},{"not_picked":["Fusion","Conserve Battery","Hologram"],"picked":"SKIP","floor":5.0},{"not_picked":["Capacitor","Beam Cell"],"picked":"Defragment","floor":6.0},{"not_picked":["Barrage","Beam Cell"],"picked":"Sweeping Beam","floor":8.0},{"not_picked":["Leap","Rebound"],"picked":"Force Field","floor":10.0},{"not_picked":["Gash","Stack"],"picked":"Turbo","floor":11.0},{"not_picked":["Thunder Strike","Darkness"],"picked":"Storm","floor":12.0},{"not_picked":["Reprogram","Hologram"],"picked":"Self Repair","floor":14.0},{"not_picked":["Hyperbeam","Multi-Cast"],"picked":"Rainbow","floor":16.0},{"not_picked":["Sweeping Beam","Steam"],"picked":"Beam Cell+1","floor":18.0},{"not_picked":["Hologram","Beam Cell"],"picked":"Static Discharge","floor":20.0},{"not_picked":["Hologram","Force Field"],"picked":"Heatsinks","floor":22.0},{"not_picked":["Leap","Compile Driver"],"picked":"Turbo","floor":23.0},{"not_picked":["Streamline+1","Multi-Cast","Genetic Algorithm"],"picked":"SKIP","floor":25.0}],"player_experience":187747,"relics_obtained":[{"floor":6.0,"key":"Smiling Mask"},{"floor":9.0,"key":"Strawberry"},{"floor":12.0,"key":"Blue Candle"},{"floor":23.0,"key":"Gremlin Horn"},{"floor":25.0,"key":"Art of War"},{"floor":26.0,"key":"Tiny Chest"},{"floor":28,"key":"Pocketwatch"},{"floor":28,"key":"Symbiotic Virus"}],"event_choices":[{"damage_healed":0.0,"max_hp_gain":0.0,"max_hp_loss":0.0,"gold_gain":99.0,"event_name":"Nest","player_choice":"Stole From Cult","floor":19.0,"gold_loss":0.0,"damage_taken":0.0},{"damage_healed":0.0,"max_hp_gain":0.0,"max_hp_loss":0.0,"gold_gain":0.0,"event_name":"Ghosts","player_choice":"Ignored","floor":21.0,"gold_loss":0.0,"damage_taken":0.0},{"damage_healed":0,"gold_gain":0,"player_choice":"Fight","damage_taken":0,"max_hp_gain":0,"max_hp_loss":0,"event_name":"Colosseum","floor":28,"gold_loss":0},{"damage_healed":0,"gold_gain":0,"player_choice":"Fought Nobs","damage_taken":0,"max_hp_gain":0,"max_hp_loss":0,"event_name":"Colosseum","floor":28,"gold_loss":0}],"is_beta":false,"boss_relics":[{"not_picked":["Ectoplasm","Astrolabe"],"picked":"Runic Pyramid"}],"items_purged_floors":[],"is_endless":false,"potions_floor_spawned":[1,3,5,6,10,20,22,28],"killed_by":"Snake Plant","ascension_level":3}}