{"host":"49pjgf1q9ev52n8z","time":1613269616,"event":{"mods":["BaseMod","Bestiary","Colored Map","Keyboard Shortcuts","Minty Spire (QoL Compilation)","Practice Mode","Relic Stats","StSLib"],"gold_per_floor":[116,130,145,163,183,208,208],"floor_reached":6,"language":"ENG","playtime":436,"items_purged":[],"score":63,"play_id":"3cb991ff-39ba-44cc-b8b3-763e552dfc23","local_time":"20210213182656","is_ascension_mode":true,"campfire_choices":[],"circlet_count":0,"master_deck":["Strike_B","Strike_B","Strike_B","Strike_B","Defend_B","Defend_B","Defend_B","Defend_B","Zap","Dualcast","Barrage","All For One","Redo","Compile Driver"],"relics":["Coffee Dripper","Regal Pillow"],"acts_visited":["Exordium"],"potions_floor_usage":[6,6],"damage_taken":[{"damage":0.0,"enemies":"Cultist","floor":1.0,"turns":3.0},{"damage":4.0,"enemies":"Jaw Worm","floor":2.0,"turns":4.0},{"damage":0.0,"enemies":"2 Louse","floor":3.0,"turns":3.0},{"damage":16.0,"enemies":"Blue Slaver","floor":4.0,"turns":4.0},{"damage":0.0,"enemies":"Large Slime","floor":5.0,"turns":4.0},{"damage":32,"enemies":"Gremlin Nob","floor":6,"turns":4}],"seed_played":"2388451960667250340","potions_obtained":[{"floor":3.0,"key":"Weak Potion"},{"floor":4.0,"key":"SteroidPotion"},{"floor":5.0,"key":"Strength Potion"}],"is_trial":false,"path_per_floor":["M","M","M","M","M","E"],"character_chosen":"DEFECT","items_purchased":[],"campfire_rested":0,"item_purchase_floors":[],"current_hp_per_floor":[75,71,71,55,55,23,23],"gold":208,"neow_bonus":"BOSS_RELIC","is_daily":false,"chose_seed":false,"campfire_upgraded":0,"win_rate":0.0,"timestamp":1613269616,"path_taken":["M","M","M","?","M","E"],"items_purchased_type":[],"build_version":"2020-12-22","purchased_purges":0,"victory":false,"max_hp_per_floor":[75,75,75,75,75,75,75],"relic_stats":{"Regal Pillow":0,"counters":[6,22],"obtain_stats":[{"Regal Pillow":6,"Coffee Dripper":0,"Cracked Core":0},{"Regal Pillow":6,"Coffee Dripper":0,"Cracked Core":0},{"Regal Pillow":22,"Coffee Dripper":0,"Cracked Core":0}]},"card_choices":[{"not_picked":["Gash","Steam"],"picked":"Barrage","floor":1.0},{"not_picked":["Gash","Conserve Battery","Beam Cell"],"picked":"SKIP","floor":2.0},{"not_picked":["Capacitor","Conserve Battery"],"picked":"All For One","floor":3.0},{"not_picked":["Turbo","Conserve Battery"],"picked":"Redo","floor":4.0},{"not_picked":["Sweeping Beam","White Noise"],"picked":"Compile Driver","floor":5.0}],"player_experience":843673,"relics_obtained":[{"floor":6,"key":"Regal Pillow"}],"event_choices":[],"is_beta":false,"boss_relics":[],"items_purged_floors":[],"is_endless":false,"potions_floor_spawned":[3,4,5],"killed_by":"Gremlin Nob","ascension_level":5}}