{"host":"630px4nyj50z5id8","time":1613304242,"event":{"mods":["BaseMod","Better Note","Colored Powertips","Good Game Mod","Minty Spire (QoL Compilation)","Quick Restart","Rare Cards Sparkle","Relic Filter Mod","Replay The Spire","StSLib","Waifu the Spire"],"gold_per_floor":[118,135,155,175,200,258,294,294,294,345,388,428,428,486,486,613,613,654,654,696,696,745,775,775],"floor_reached":23,"language":"ZHS","playtime":1126,"items_purged":[],"score":226,"play_id":"a0fa3684-f945-4c46-b8e2-46e75b8b6056","local_time":"20210214200402","is_ascension_mode":true,"campfire_choices":[{"floor":13,"key":"REST"},{"data":"Wish","floor":15,"key":"SMITH"}],"circlet_count":0,"master_deck":["Strike_R","Strike_R","Strike_R","Strike_R","Defend_R","Defend_R","Defend_R","Defend_R","Bash","Bandage Up","Spot Weakness","Seeing Red","Pommel Strike","Wish+1","Seeing Red","Juggernaut","Disarm","Sword Boomerang","Dual Wield","Limit Break+1","Headbutt","Pain","Second Wind","Pummel+1"],"relics":["Burning Blood","REME:ComplimentaryCards","King of Hearts","MealTicket","Garlic","Durian","Orichalcum","Runic Cube","WarpedTongs"],"acts_visited":["Exordium","TheCity"],"potions_floor_usage":[10,10,23],"damage_taken":[{"damage":9.0,"enemies":"Cultist","floor":1.0,"turns":5.0},{"damage":4.0,"enemies":"2 Louse","floor":2.0,"turns":3.0},{"damage":8.0,"enemies":"Small Slimes","floor":3.0,"turns":5.0},{"damage":5,"enemies":"Looter","floor":4,"turns":2},{"damage":31,"enemies":"Lagavulin","floor":6,"turns":7},{"damage":21,"enemies":"Blue Slaver","floor":7,"turns":4},{"damage":39,"enemies":"Gremlin Nob","floor":10,"turns":4},{"damage":11,"enemies":"Exordium Thugs","floor":11,"turns":5},{"damage":13,"enemies":"3 Louse","floor":12,"turns":4},{"damage":28,"enemies":"3 Sentries","floor":14,"turns":6},{"damage":29,"enemies":"The Guardian","floor":16,"turns":11},{"damage":0,"enemies":"3 Byrds","floor":18,"turns":10},{"damage":28,"enemies":"Chosen","floor":20,"turns":5},{"damage":24,"enemies":"Snecko","floor":22,"turns":7},{"damage":1,"enemies":"Gremlin Leader","floor":23,"turns":2}],"seed_played":"-3881848773728049418","potions_obtained":[{"floor":1.0,"key":"AttackPotion"},{"floor":4,"key":"FearPotion"},{"floor":11,"key":"Energy Potion"},{"floor":14,"key":"SmokeBomb"},{"floor":16,"key":"Milkshake"}],"is_trial":false,"path_per_floor":["M","M","M","M","T","E","M","?","T","E","M","M","R","E","R","B",null,"M","?","M","?","M","E"],"character_chosen":"IRONCLAD","items_purchased":[],"campfire_rested":1,"item_purchase_floors":[],"current_hp_per_floor":[80,80,80,80,80,59,48,48,48,24,23,20,45,27,27,8,85,85,85,67,67,53,52,52],"gold":775,"neow_bonus":"RANDOM_COLORLESS","is_daily":false,"chose_seed":false,"campfire_upgraded":1,"win_rate":0.0,"timestamp":1613304242,"path_taken":["M","M","?","M","?","E","M","?","T","E","?","M","R","E","R","BOSS","M","?","M","?","M","E"],"items_purchased_type":[],"build_version":"2020-12-22","purchased_purges":0,"victory":false,"max_hp_per_floor":[80,80,80,80,80,80,80,80,80,85,85,85,85,85,85,85,85,85,85,85,85,85,85,85],"card_choices":[{"not_picked":["Impatience","ReplayTheSpireMod:Trickstab"],"picked":"Bandage Up","floor":0.0},{"not_picked":["Dual Wield","Flame Barrier"],"picked":"Spot Weakness","floor":1.0},{"not_picked":["Headbutt","Wild Strike"],"picked":"Seeing Red","floor":2.0},{"not_picked":["Thunderclap","Sword Boomerang"],"picked":"Pommel Strike","floor":3.0},{"not_picked":["Clash","Replay:Undeath\u0027s Touch","Rampage"],"picked":"SKIP","floor":4},{"not_picked":["Clash","Replay:Undeath\u0027s Touch","Rampage"],"picked":"SKIP","floor":4},{"not_picked":["Warcry","Cleave","Rage"],"picked":"SKIP","floor":6},{"not_picked":["Anger","Warcry"],"picked":"Seeing Red","floor":7},{"not_picked":["Dual Wield","Seeing Red"],"picked":"Disarm","floor":10},{"not_picked":["Cleave","Heavy Blade"],"picked":"Sword Boomerang","floor":11},{"not_picked":["Perfected Strike","Sentinel","Warcry"],"picked":"SKIP","floor":12},{"not_picked":["Havoc","Twin Strike"],"picked":"Dual Wield","floor":14},{"not_picked":["Demonic Infusion","Replay:Many Hands"],"picked":"Limit Break","floor":16},{"not_picked":["Carnage+1","Blood for Blood"],"picked":"Headbutt","floor":18},{"not_picked":["Warcry","ReplayTheSpireMod:Stacked"],"picked":"Second Wind","floor":20},{"not_picked":["Warcry","Pommel Strike"],"picked":"Pummel+1","floor":22}],"player_experience":388401,"relics_obtained":[{"floor":5,"key":"King of Hearts"},{"floor":6,"key":"MealTicket"},{"floor":9,"key":"Garlic"},{"floor":10,"key":"Durian"},{"floor":14,"key":"Orichalcum"}],"event_choices":[{"damage_healed":0,"gold_gain":0,"cards_transformed":["Strike_R"],"player_choice":"Transformed","damage_taken":0,"max_hp_gain":0,"max_hp_loss":0,"event_name":"Transmorgrifier","floor":8,"gold_loss":0,"cards_obtained":["Juggernaut"]},{"damage_healed":0,"gold_gain":0,"player_choice":"Rummage","damage_taken":0,"relics_obtained":["WarpedTongs"],"max_hp_gain":0,"max_hp_loss":0,"event_name":"Accursed Blacksmith","floor":19,"gold_loss":0,"cards_obtained":["Pain"]},{"damage_healed":0,"gold_gain":0,"player_choice":"Upgraded","damage_taken":0,"max_hp_gain":0,"max_hp_loss":0,"event_name":"Upgrade Shrine","floor":21,"gold_loss":0,"cards_upgraded":["Limit Break"]}],"is_beta":false,"boss_relics":[{"not_picked":["Black Star","Velvet Choker"],"picked":"Runic Cube"}],"items_purged_floors":[],"is_endless":false,"potions_floor_spawned":[1,4,11,14,16],"killed_by":"Gremlin Leader","ascension_level":1}}