{"host":"1mv6gj0zv8k9e9tz","time":1613305149,"event":{"mods":["AchievementEnabler","BaseMod","Better Third Choice","Colored Map","DeckTracker","Highlight Path","KOR Keyword Fix","Keyboard Shortcuts","Minty Spire (QoL Compilation)","Permanent Neow","Quick Restart","Rare Cards Sparkle","StSLib","SuperFastMode","everything is the same but u backflip on backflip"],"gold_per_floor":[367,337,71,89,105,105,21,49,49,49,65,65,76,89,89,163,163,183,201,212,226,64,64,92,92,92,123,123,20,20,20,20,93,93,106,106,126,126,126,126,142,142,142,142,158,158,158],"floor_reached":46,"language":"KOR","playtime":2183,"items_purged":[],"score":893,"play_id":"3561fd14-1bb4-4773-ac2f-02d14745d314","local_time":"20210214211909","is_ascension_mode":true,"campfire_choices":[{"data":"Zap","floor":6.0,"key":"SMITH"},{"data":"Seek","floor":12.0,"key":"SMITH"},{"data":"Glacier","floor":15.0,"key":"SMITH"},{"data":"Consume","floor":23.0,"key":"SMITH"},{"data":"Double Energy","floor":25,"key":"SMITH"},{"data":"Tempest","floor":28,"key":"SMITH"},{"data":"Double Energy","floor":32,"key":"SMITH"},{"data":"Madness","floor":40,"key":"SMITH"},{"data":"Madness","floor":42,"key":"SMITH"},{"floor":44,"key":"RECALL"}],"circlet_count":0,"master_deck":["AscendersBane","Strike_B","Defend_B","Defend_B","Defend_B","Zap+1","Dualcast+1","Cold Snap","Capacitor+1","Seek+1","Glacier+1","Ball Lightning","Echo Form+1","Conserve Battery+1","Creative AI+1","FTL+1","Conserve Battery+1","Turbo","Consume+1","Capacitor+1","Double Energy+1","Tempest+1","Blizzard+1","Biased Cognition+1","Coolheaded+1","Double Energy+1","Defragment+1","Buffer+1","Madness+1","Madness+1","BootSequence+1","Chaos+1","Static Discharge+1"],"relics":["Cracked Core","Frozen Egg 2","Mango","Symbiotic Virus","Astrolabe","Orrery","Pocketwatch","Pantograph","Boot","Sozu"],"acts_visited":["Exordium","TheCity","TheBeyond"],"potions_floor_usage":[33,41],"damage_taken":[{"damage":5.0,"enemies":"Small Slimes","floor":1.0,"turns":3.0},{"damage":4.0,"enemies":"Cultist","floor":4.0,"turns":3.0},{"damage":2.0,"enemies":"Jaw Worm","floor":5.0,"turns":5.0},{"damage":16.0,"enemies":"Lagavulin","floor":8.0,"turns":8.0},{"damage":9.0,"enemies":"Blue Slaver","floor":11.0,"turns":4.0},{"damage":0.0,"enemies":"Red Slaver","floor":13.0,"turns":4.0},{"damage":0.0,"enemies":"2 Fungi Beasts","floor":14.0,"turns":3.0},{"damage":26.0,"enemies":"The Guardian","floor":16.0,"turns":11.0},{"damage":10.0,"enemies":"2 Thieves","floor":18.0,"turns":4.0},{"damage":1.0,"enemies":"Spheric Guardian","floor":19.0,"turns":5.0},{"damage":6.0,"enemies":"Centurion and Healer","floor":20.0,"turns":8.0},{"damage":0.0,"enemies":"Snecko","floor":21.0,"turns":8.0},{"damage":16,"enemies":"Book of Stabbing","floor":24,"turns":5},{"damage":3,"enemies":"Gremlin Leader","floor":27,"turns":7},{"damage":5,"enemies":"Champ","floor":33,"turns":8},{"damage":8,"enemies":"3 Darklings","floor":35,"turns":3},{"damage":0,"enemies":"Orb Walker","floor":37,"turns":4},{"damage":0,"enemies":"Writhing Mass","floor":41,"turns":4},{"damage":35,"enemies":"4 Shapes","floor":45,"turns":4},{"damage":51,"enemies":"Nemesis","floor":46,"turns":2}],"seed_played":"-6113444610559421238","potions_obtained":[{"floor":2.0,"key":"Regen Potion"},{"floor":2.0,"key":"SpeedPotion"},{"floor":5.0,"key":"PowerPotion"},{"floor":13.0,"key":"SteroidPotion"},{"floor":14.0,"key":"DuplicationPotion"},{"floor":18.0,"key":"ColorlessPotion"},{"floor":19.0,"key":"PotionOfCapacity"},{"floor":24,"key":"Block Potion"}],"is_trial":false,"path_per_floor":["M","?","$","M","M","R","$","E","T","?","M","R","M","M","R","B",null,"M","M","M","M","$","R","E","R","T","E","R","$","?","?","R","B",null,"M","?","M","?","?","R","M","R","T","R","M","E"],"character_chosen":"DEFECT","items_purchased":["Frozen Egg 2","Capacitor+1","Orrery","Coolheaded","Double Energy"],"campfire_rested":0,"item_purchase_floors":[3,7,22,29,29],"current_hp_per_floor":[41,41,41,37,49,49,49,47,47,47,38,38,38,38,38,12,67,57,56,50,50,50,50,34,34,34,31,31,31,31,31,31,51,77,69,54,54,54,54,54,54,54,54,54,19,0,0],"gold":158,"neow_bonus":"TWO_FIFTY_GOLD","is_daily":false,"chose_seed":false,"campfire_upgraded":9,"win_rate":0.0,"timestamp":1613305149,"path_taken":["M","?","$","M","M","R","?","E","T","?","M","R","M","M","R","BOSS","M","M","M","M","$","R","E","R","T","E","R","$","?","?","R","BOSS","M","?","M","?","?","R","?","R","T","R","M","E"],"items_purchased_type":["Relic","Card","Relic","Card","Card"],"build_version":"2020-12-22","purchased_purges":0,"victory":false,"max_hp_per_floor":[71,71,71,71,71,71,71,85,85,85,85,85,85,85,85,85,85,85,85,85,85,85,85,85,85,85,85,85,85,85,85,85,85,85,85,85,85,85,85,85,85,85,85,85,85,85,85],"card_choices":[{"not_picked":["Hologram","Redo"],"picked":"Cold Snap","floor":1.0},{"not_picked":["Steam","Stack","Barrage"],"picked":"SKIP","floor":4.0},{"not_picked":["Leap","Hello World+1","Redo"],"picked":"SKIP","floor":5.0},{"not_picked":["Turbo","Compile Driver"],"picked":"Seek","floor":8.0},{"not_picked":["Go for the Eyes","Stack"],"picked":"Glacier","floor":11.0},{"not_picked":["Turbo","Amplify","Chaos"],"picked":"SKIP","floor":13.0},{"not_picked":["Streamline","Go for the Eyes"],"picked":"Ball Lightning","floor":14.0},{"not_picked":["Fission","Thunder Strike"],"picked":"Echo Form+1","floor":16.0},{"not_picked":["Compile Driver","Hologram"],"picked":"Conserve Battery+1","floor":18.0},{"not_picked":["Hologram","Redo"],"picked":"Turbo","floor":19.0},{"not_picked":["Ball Lightning+1","Reprogram+1"],"picked":"Consume","floor":20.0},{"not_picked":["Compile Driver","Barrage","Conserve Battery"],"picked":"SKIP","floor":21.0},{"not_picked":["Go for the Eyes","Turbo"],"picked":"Capacitor+1","floor":22.0},{"not_picked":["Ball Lightning","Barrage"],"picked":"Double Energy","floor":22.0},{"not_picked":["Melter","Rebound"],"picked":"Tempest","floor":22.0},{"not_picked":["Melter","Hyperbeam"],"picked":"Blizzard+1","floor":24},{"not_picked":["Darkness","Static Discharge+1"],"picked":"Biased Cognition+1","floor":27},{"not_picked":["Hyperbeam","Biased Cognition+1"],"picked":"Buffer+1","floor":33},{"not_picked":["Reinforced Body","Scrape+1","Turbo"],"picked":"SKIP","floor":35},{"not_picked":["Steam Power+1","Compile Driver"],"picked":"BootSequence+1","floor":37},{"not_picked":["Cold Snap","Rebound"],"picked":"Chaos+1","floor":41},{"not_picked":["Leap","Genetic Algorithm"],"picked":"Static Discharge+1","floor":45}],"player_experience":647321,"relics_obtained":[{"floor":8.0,"key":"Mango"},{"floor":9.0,"key":"Symbiotic Virus"},{"floor":24,"key":"Pocketwatch"},{"floor":26,"key":"Pantograph"},{"floor":27,"key":"Boot"}],"event_choices":[{"damage_healed":0.0,"max_hp_gain":0.0,"max_hp_loss":0.0,"gold_gain":0.0,"event_name":"The Woman in Blue","player_choice":"Bought 2 Potions","floor":2.0,"gold_loss":0.0,"damage_taken":0.0},{"damage_healed":0.0,"max_hp_gain":0.0,"max_hp_loss":0.0,"gold_gain":0.0,"event_name":"Living Wall","player_choice":"Grow","floor":10.0,"gold_loss":0.0,"damage_taken":0.0,"cards_upgraded":["Dualcast"]},{"damage_healed":0,"gold_gain":0,"player_choice":"Read","damage_taken":0,"max_hp_gain":0,"max_hp_loss":0,"event_name":"The Library","floor":30,"gold_loss":0,"cards_obtained":["Defragment"]},{"cards_removed":["Strike_B"],"damage_healed":0,"gold_gain":0,"player_choice":"Purged","damage_taken":0,"max_hp_gain":0,"max_hp_loss":0,"event_name":"Purifier","floor":31,"gold_loss":0},{"damage_healed":0,"gold_gain":0,"player_choice":"Embrace Madness","damage_taken":15,"max_hp_gain":0,"max_hp_loss":0,"event_name":"Winding Halls","floor":36,"gold_loss":0,"cards_obtained":["Madness","Madness"]},{"damage_healed":0,"gold_gain":0,"player_choice":"Ignored","damage_taken":0,"max_hp_gain":0,"max_hp_loss":0,"event_name":"Tomb of Lord Red Mask","floor":38,"gold_loss":0},{"damage_healed":0,"gold_gain":0,"player_choice":"Forge","damage_taken":0,"max_hp_gain":0,"max_hp_loss":0,"event_name":"Accursed Blacksmith","floor":39,"gold_loss":0,"cards_upgraded":["Coolheaded"]}],"is_beta":false,"boss_relics":[{"not_picked":["Ectoplasm","Empty Cage"],"picked":"Astrolabe"},{"not_picked":["Busted Crown","Runic Dome"],"picked":"Sozu"}],"items_purged_floors":[],"is_endless":false,"potions_floor_spawned":[5,13,14,18,19,24,37,41,45],"killed_by":"Nemesis","ascension_level":19}}