{"host":"nsc6ozq3atyrdr3m","time":1613339897,"event":{"mods":["BaseMod","Colored Map","Minty Spire (QoL Compilation)"],"gold_per_floor":[112,131,406,212,232,232,248,248,316,316,316,342,360,360,360,458,458,469,482,456,471,671,671,696,712,761,774,774,803,371,389,389,488,488,500,518,120,135,135,135,168,168,217,227,247,277,296,323,323,323,323,323,55,87,87,87],"floor_reached":55,"language":"FRA","playtime":1570,"items_purged":["Regret","Strike_B"],"score":924,"play_id":"95ae393e-60cc-461e-9084-a6bb11242ab7","local_time":"20210214225817","is_ascension_mode":true,"campfire_choices":[{"data":"Static Discharge","floor":6,"key":"SMITH"},{"data":"Storm","floor":8,"key":"SMITH"},{"data":"Storm","floor":10,"key":"SMITH"},{"floor":15,"key":"REST"},{"floor":23,"key":"REST"},{"floor":28,"key":"REST"},{"floor":32,"key":"REST"},{"data":"Electrodynamics","floor":40,"key":"SMITH"},{"data":"Static Discharge","floor":42,"key":"SMITH"},{"floor":49,"key":"RECALL"},{"data":"Static Discharge","floor":52,"key":"SMITH"}],"circlet_count":0,"master_deck":["Strike_B+1","Strike_B+1","Strike_B+1","Defend_B","Defend_B+1","Defend_B","Defend_B","Zap","Dualcast","Storm+1","Static Discharge+1","Storm+1","Hologram+1","Leap","BootSequence","Loop","Electrodynamics+1","Auto Shields+1","Genetic Algorithm","Leap","Glacier","Static Discharge+1","Self Repair","Force Field","Static Discharge+1","Reinforced Body","Rainbow","Electrodynamics+1","Creative AI+1","Leap","Echo Form+1","Force Field"],"relics":["Cracked Core","NeowsBlessing","Cables","Happy Flower","SlaversCollar","Blood Vial","MealTicket","Whetstone","Mummified Hand","Runic Pyramid","Frozen Egg 2","DollysMirror","PreservedInsect","Pen Nib","DataDisk","Akabeko"],"acts_visited":["Exordium","TheCity","TheBeyond","TheEnding"],"potions_floor_usage":[1,21,33,48,50,50,50,55,55,55],"damage_taken":[{"damage":0,"enemies":"Cultist","floor":1,"turns":1},{"damage":0,"enemies":"2 Louse","floor":2,"turns":1},{"damage":0,"enemies":"Jaw Worm","floor":5,"turns":1},{"damage":9,"enemies":"Blue Slaver","floor":7,"turns":3},{"damage":21,"enemies":"3 Sentries","floor":12,"turns":4},{"damage":6,"enemies":"Gremlin Gang","floor":13,"turns":4},{"damage":10,"enemies":"Slime Boss","floor":16,"turns":8},{"damage":21,"enemies":"Shell Parasite","floor":18,"turns":4},{"damage":5,"enemies":"3 Byrds","floor":19,"turns":1},{"damage":16,"enemies":"3 Cultists","floor":21,"turns":4},{"damage":9,"enemies":"Book of Stabbing","floor":24,"turns":5},{"damage":14,"enemies":"Snake Plant","floor":25,"turns":3},{"damage":18,"enemies":"Snecko","floor":27,"turns":3},{"damage":26,"enemies":"Slavers","floor":29,"turns":3},{"damage":8,"enemies":"Chosen and Byrds","floor":31,"turns":4},{"damage":48,"enemies":"Champ","floor":33,"turns":13},{"damage":0,"enemies":"Orb Walker","floor":35,"turns":3},{"damage":0,"enemies":"3 Darklings","floor":36,"turns":3},{"damage":20,"enemies":"Maw","floor":38,"turns":7},{"damage":24,"enemies":"Nemesis","floor":41,"turns":5},{"damage":21,"enemies":"4 Shapes","floor":44,"turns":2},{"damage":8,"enemies":"Spire Growth","floor":45,"turns":5},{"damage":23,"enemies":"Reptomancer","floor":46,"turns":3},{"damage":5,"enemies":"Sphere and 2 Shapes","floor":47,"turns":3},{"damage":6,"enemies":"Giant Head","floor":48,"turns":6},{"damage":15,"enemies":"Donu and Deca","floor":50,"turns":4},{"damage":59,"enemies":"Shield and Spear","floor":54,"turns":3},{"damage":46,"enemies":"The Heart","floor":55,"turns":2}],"seed_played":"414380835311301115","potions_obtained":[{"floor":1,"key":"Fruit Juice"},{"floor":7,"key":"GamblersBrew"},{"floor":12,"key":"Strength Potion"},{"floor":24,"key":"Energy Potion"},{"floor":25,"key":"Swift Potion"},{"floor":31,"key":"DistilledChaos"},{"floor":35,"key":"PowerPotion"},{"floor":48,"key":"Weak Potion"}],"is_trial":false,"path_per_floor":["M","M","?","$","M","R","M","R","T","R","?","E","M","?","R","B",null,"M","M","$","M","?","R","E","M","T","M","R","E","$","M","R","B",null,"M","M","$","M","$","R","E","R","T","M","M","E","M","E","R","B",null,"R","$","E","B"],"character_chosen":"DEFECT","items_purchased":["Storm","Hologram","Leap","Mummified Hand","Static Discharge","Frozen Egg 2","DollysMirror","EssenceOfDarkness","SkillPotion","Energy Potion","Force Field"],"campfire_rested":4,"item_purchase_floors":[4,4,20,30,30,37,37,53,53,53,53],"current_hp_per_floor":[80,80,80,80,80,80,71,71,71,71,71,50,44,28,52,42,80,59,54,54,38,38,62,53,41,41,25,49,32,47,48,72,33,80,80,80,80,67,80,80,63,63,63,44,45,31,28,31,31,18,80,80,80,28,0,0],"gold":87,"neow_bonus":"THREE_ENEMY_KILL","is_daily":false,"chose_seed":false,"campfire_upgraded":6,"win_rate":0.0,"timestamp":1613339897,"path_taken":["M","?","?","$","?","R","M","R","T","R","?","E","M","?","R","BOSS","M","M","$","M","?","R","E","?","T","M","R","E","$","M","R","BOSS","M","M","$","M","$","R","E","R","T","M","M","E","M","E","R","BOSS","R","$","E","BOSS"],"items_purchased_type":["Card","Card","Card","Relic","Card","Relic","Relic","Potion","Potion","Potion","Card"],"build_version":"2020-12-22","purchased_purges":2,"victory":false,"max_hp_per_floor":[80,80,80,80,80,80,80,80,80,80,80,80,80,80,80,80,80,80,80,80,80,80,80,80,80,80,80,80,80,80,80,80,80,80,80,80,80,80,80,80,80,80,80,80,80,80,80,80,80,80,80,80,80,80,80,80],"card_choices":[{"not_picked":["Rebound","Cold Snap"],"picked":"Storm","floor":1},{"not_picked":["Sunder","Auto Shields"],"picked":"Static Discharge","floor":2},{"not_picked":["Conserve Battery","Gash"],"picked":"Leap","floor":5},{"not_picked":["Beam Cell","Darkness","Coolheaded"],"picked":"SKIP","floor":7},{"not_picked":["Double Energy","Sweeping Beam"],"picked":"BootSequence","floor":12},{"not_picked":["Steam","Double Energy"],"picked":"Loop","floor":13},{"not_picked":["Seek","Machine Learning"],"picked":"Electrodynamics","floor":16},{"not_picked":["Loop","Redo"],"picked":"Auto Shields+1","floor":18},{"not_picked":["Beam Cell","Stack"],"picked":"Genetic Algorithm","floor":19},{"not_picked":["Skim","Aggregate"],"picked":"Glacier","floor":21},{"not_picked":["Double Energy","Tempest"],"picked":"Static Discharge","floor":24},{"not_picked":["Coolheaded","Compile Driver"],"picked":"Self Repair","floor":25},{"not_picked":["Rebound+1","Seek"],"picked":"Force Field","floor":27},{"not_picked":["Lockon","Amplify","Double Energy"],"picked":"SKIP","floor":29},{"not_picked":["Doom and Gloom","Go for the Eyes"],"picked":"Reinforced Body","floor":31},{"not_picked":["Seek","Amplify"],"picked":"Rainbow","floor":33},{"not_picked":["Go for the Eyes","Compile Driver","Gash"],"picked":"SKIP","floor":35},{"not_picked":["Redo","Cold Snap+1","Leap"],"picked":"SKIP","floor":36},{"not_picked":["Steam+1","Coolheaded+1","Scrape"],"picked":"SKIP","floor":38},{"not_picked":["Streamline","Blizzard+1","Double Energy"],"picked":"SKIP","floor":41},{"not_picked":["Steam","Hologram+1","Sweeping Beam+1"],"picked":"SKIP","floor":44},{"not_picked":["Steam","Rip and Tear","Steam Power"],"picked":"SKIP","floor":45},{"not_picked":["Double Energy","Redo+1"],"picked":"Creative AI+1","floor":46},{"not_picked":["Ball Lightning+1","Cold Snap+1"],"picked":"Leap","floor":47},{"not_picked":["Hologram","Turbo"],"picked":"Echo Form+1","floor":48},{"not_picked":["Reprogram+1","Rebound+1","Turbo"],"picked":"SKIP","floor":54}],"player_experience":418970,"relics_obtained":[{"floor":9,"key":"Cables"},{"floor":12,"key":"Happy Flower"},{"floor":24,"key":"Blood Vial"},{"floor":26,"key":"MealTicket"},{"floor":29,"key":"Whetstone"},{"floor":41,"key":"PreservedInsect"},{"floor":46,"key":"Pen Nib"},{"floor":48,"key":"DataDisk"},{"floor":54,"key":"Akabeko"}],"event_choices":[{"damage_healed":0,"gold_gain":275,"player_choice":"Desecrate","damage_taken":0,"max_hp_gain":0,"max_hp_loss":0,"event_name":"Golden Shrine","floor":3,"gold_loss":0,"cards_obtained":["Regret"]},{"damage_healed":0,"gold_gain":0,"player_choice":"Grow","damage_taken":0,"max_hp_gain":0,"max_hp_loss":0,"event_name":"Living Wall","floor":11,"gold_loss":0,"cards_upgraded":["Hologram"]},{"damage_healed":0,"gold_gain":0,"player_choice":"Entered Light","damage_taken":16,"max_hp_gain":0,"max_hp_loss":0,"event_name":"Shining Light","floor":14,"gold_loss":0,"cards_upgraded":["Defend_B","Strike_B"]},{"damage_healed":0,"gold_gain":250,"player_choice":"Bet on Owner","damage_taken":0,"max_hp_gain":0,"max_hp_loss":0,"event_name":"The Joust","floor":22,"gold_loss":50}],"is_beta":false,"boss_relics":[{"not_picked":["SacredBark","Astrolabe"],"picked":"SlaversCollar"},{"not_picked":["Snecko Eye","Pandora\u0027s Box"],"picked":"Runic Pyramid"}],"items_purged_floors":[4,30],"is_endless":false,"potions_floor_spawned":[1,7,12,24,25,27,29,31,35,41,44,48],"killed_by":"The Heart","ascension_level":4}}