{"host":"7t8rqoeeopyy0nh0","time":1613302348,"event":{"mods":["AchievementEnabler","Aspiration","BaseMod","Better Third Choice","BetterRewards","Colored Map","Colored Powertips","Conspire","Hubris","Minty Spire (QoL Compilation)","Permanent Neow","Quick Restart","Rare Cards Sparkle","Replay The Spire","StSLib"],"gold_per_floor":[116,135,42,42,42,67,67,99,99,99,136,155,181,2,2,90,90,109,130,230,256,4,4,4],"floor_reached":23,"language":"ENG","playtime":916,"items_purged":["Strike_G","Strike_G"],"score":398,"play_id":"253d3f99-263b-42fd-aa0f-595f7ce702ba","local_time":"20210214063228","is_ascension_mode":true,"campfire_choices":[{"floor":7,"key":"DIG"},{"data":"Neutralize","floor":10,"key":"SMITH"},{"floor":15,"key":"DIG"}],"circlet_count":0,"master_deck":["AscendersBane","Strike_G","Strike_G","Strike_G","Defend_G","Defend_G","Defend_G","Defend_G","Defend_G","Survivor","Neutralize+1","Skewer","Blade Dance","Blade Dance","Finisher+1","Predator","Infinite Blades","Madness","Sadistic Nature","Backflip","Crippling Poison","Backstab+1","Toxin Wave","Leg Sweep","Sucker Punch","Hidden Blade","Tools of the Trade","Footwork","Dagger Throw","A Thousand Cuts","Dodge and Roll","ReplayTheSpireMod:Shiv Toss+1","Hidden Blade"],"relics":["Blue Doll","Shovel","ReplayTheSpireMod:ShopPack","Sizzling Blood","Omamori","Tiny Chest","hubris:BundleOfHerbs","hubris:CrystalStatue","CeramicFish","Replay:Mystery Machine","conspire:SpecialSausage","aspiration:Nostalgia","Iron Core"],"acts_visited":["Exordium","TheCity"],"potions_floor_usage":[6,6,8,16,19],"damage_taken":[{"damage":4,"enemies":"2 Louse","floor":1,"turns":3},{"damage":20,"enemies":"Jaw Worm","floor":2,"turns":4},{"damage":0,"enemies":"Gremlin Nob","floor":6,"turns":2},{"damage":24,"enemies":"Lagavulin","floor":8,"turns":6},{"damage":19,"enemies":"3 Sentries","floor":11,"turns":7},{"damage":0,"enemies":"Cultist","floor":12,"turns":2},{"damage":6,"enemies":"Looter","floor":13,"turns":3},{"damage":44,"enemies":"The Guardian","floor":16,"turns":11},{"damage":28,"enemies":"conspire:FuzzyDice","floor":18,"turns":5},{"damage":6,"enemies":"Spheric Guardian","floor":19,"turns":4},{"damage":17,"enemies":"Centurion and Healer","floor":21,"turns":7},{"damage":29,"enemies":"Snecko","floor":23,"turns":4}],"seed_played":"8760271719442343354","potions_obtained":[{"floor":2,"key":"SteroidPotion"},{"floor":6,"key":"LiquidMemories"},{"floor":12,"key":"Reflective Coating"},{"floor":18,"key":"SteroidPotion"},{"floor":19,"key":"Dexterity Potion"}],"is_trial":false,"path_per_floor":["M","M","$","?","?","E","R","E","T","R","E","M","M","$","R","B",null,"M","M","?","M","$","M"],"character_chosen":"THE_SILENT","items_purchased":["Blue Doll","Skewer","Blade Dance","Finisher+1","Predator","Infinite Blades","ReplayTheSpireMod:ShopPack","Backstab+1","FearPotion","Footwork","Dagger Throw","aspiration:Nostalgia"],"campfire_rested":0,"item_purchase_floors":[0,0,0,0,0,0,0,3,3,14,14,22],"current_hp_per_floor":[24,4,4,8,80,80,80,60,60,60,45,49,47,47,47,7,62,38,36,36,23,23,0,0],"gold":4,"neow_bonus":"","is_daily":false,"chose_seed":false,"campfire_upgraded":1,"win_rate":0.0,"timestamp":1613302348,"path_taken":["M","M","$","?","?","E","R","E","T","R","E","M","M","$","R","BOSS","M","?","?","M","$","?"],"items_purchased_type":["Relic","Card","Card","Card","Card","Card","Relic","Card","Potion","Card","Card","Relic"],"build_version":"2020-12-22","purchased_purges":2,"victory":false,"max_hp_per_floor":[66,66,66,70,80,80,80,80,80,80,80,80,80,80,80,80,80,80,80,80,80,80,80,80],"card_choices":[{"not_picked":["The Bomb","Secret Weapon"],"picked":"Sadistic Nature","floor":0},{"not_picked":["Jack Of All Trades","hubris:Insight"],"picked":"Madness","floor":0},{"not_picked":["Replay:BasicMightCard","Jack Of All Trades"],"picked":"Sadistic Nature","floor":0},{"not_picked":["hubris:SlightOfHand","ReplayTheSpireMod:Shiv Toss"],"picked":"Backflip","floor":1},{"not_picked":["Prepared","PiercingWail"],"picked":"Crippling Poison","floor":2},{"not_picked":["PiercingWail","Sucker Punch"],"picked":"Toxin Wave","floor":6},{"not_picked":["Terror","Dodge and Roll"],"picked":"Leg Sweep","floor":8},{"not_picked":["Tactician","Underhanded Strike"],"picked":"Sucker Punch","floor":11},{"not_picked":["ReplayTheSpireMod:Scrap Shanks","Dagger Spray"],"picked":"Hidden Blade","floor":12},{"not_picked":["conspire:DoublingDagger","Prepared"],"picked":"Tools of the Trade","floor":13},{"not_picked":["Grand Finale","Night Terror"],"picked":"A Thousand Cuts","floor":16},{"not_picked":["Underhanded Strike","Dagger Throw"],"picked":"Dodge and Roll","floor":18},{"not_picked":["hubris:Sniper","Bane"],"picked":"ReplayTheSpireMod:Shiv Toss+1","floor":19},{"not_picked":["Sucker Punch","Distraction"],"picked":"Hidden Blade","floor":21}],"player_experience":411601,"relics_obtained":[{"floor":6,"key":"Omamori"},{"floor":7,"key":"Tiny Chest"},{"floor":8,"key":"hubris:BundleOfHerbs"},{"floor":9,"key":"hubris:CrystalStatue"},{"floor":11,"key":"CeramicFish"},{"floor":15,"key":"Replay:Mystery Machine"}],"event_choices":[{"cards_removed":["Sadistic Nature"],"damage_healed":62,"gold_gain":0,"player_choice":"Offered Rare","damage_taken":0,"max_hp_gain":10,"max_hp_loss":0,"event_name":"Bonfire Elementals","floor":5,"gold_loss":0},{"damage_healed":0,"gold_gain":100,"player_choice":"Pray","damage_taken":0,"max_hp_gain":0,"max_hp_loss":0,"event_name":"Golden Shrine","floor":20,"gold_loss":0}],"is_beta":false,"boss_relics":[{"not_picked":["ReplayTheSpireMod:DimensionalGlitch","hubris:CrackedHourglass"],"picked":"conspire:SpecialSausage"}],"items_purged_floors":[14,22],"is_endless":false,"potions_floor_spawned":[2,6,12,18,19],"killed_by":"Snecko","ascension_level":14}}