{"host":"kb6kd92pmlm29812","time":1613278665,"event":{"mods":["AchievementEnabler","BaseMod","Colored Map","Highlight Path","Minty Spire (QoL Compilation)","Permanent Neow","Quick Restart","StSLib"],"gold_per_floor":[117,135,135,10,10,43,43,55,81,94,108,208,218,236,236,339,339,359,284,294,310,17,17,17,47,121,121,147,147,62,62,62,161,161,174,11,26,36,36,36,49,49,49,49,65,65,97,5,5,5],"floor_reached":51,"language":"ENG","playtime":4053,"items_purged":["Strike_B","Strike_B","Defend_B","Defend_B"],"score":690,"play_id":"bd75a706-ed9c-467c-a92b-f6fabefae991","local_time":"20210213235745","is_ascension_mode":false,"campfire_choices":[{"data":"Seek","floor":7,"key":"SMITH"},{"data":"Defragment","floor":15,"key":"SMITH"},{"data":"Defragment","floor":23,"key":"SMITH"},{"data":"Electrodynamics","floor":29,"key":"SMITH"},{"data":"Defragment","floor":32,"key":"SMITH"},{"data":"Capacitor","floor":40,"key":"SMITH"},{"data":"Steam Power","floor":42,"key":"SMITH"},{"data":"FTL","floor":46,"key":"SMITH"},{"data":"Hologram","floor":49,"key":"SMITH"}],"circlet_count":0,"master_deck":["Defend_B+1","Dualcast","Steam+1","Steam Power+1","FTL+1","Cold Snap","Seek+1","Self Repair","Steam","Streamline","Defragment+1","Ball Lightning","Electrodynamics+1","Beam Cell+1","Rainbow+1","Glacier+1","Defragment+1","Cold Snap","Hologram+1","Cold Snap","Defragment+1","Rainbow+1","Hologram+1","Capacitor+1","Finesse+1","Coolheaded+1","Skim+1"],"relics":["Cracked Core","Bag of Preparation","MealTicket","Black Star","Membership Card","Sundial","InkBottle","Toxic Egg 2","Strawberry","Kunai","Potion Belt","Coffee Dripper","Bag of Marbles","Pen Nib","War Paint"],"acts_visited":["Exordium","TheCity","TheBeyond"],"potions_floor_usage":[6,16,16,16,18,50,50,50],"damage_taken":[{"damage":1,"enemies":"2 Louse","floor":1,"turns":3},{"damage":0,"enemies":"Cultist","floor":2,"turns":3},{"damage":33,"enemies":"Gremlin Nob","floor":6,"turns":5},{"damage":0,"enemies":"Jaw Worm","floor":8,"turns":3},{"damage":0,"enemies":"2 Fungi Beasts","floor":10,"turns":4},{"damage":1,"enemies":"Exordium Thugs","floor":11,"turns":5},{"damage":0,"enemies":"3 Louse","floor":13,"turns":3},{"damage":0,"enemies":"2 Fungi Beasts","floor":14,"turns":3},{"damage":14,"enemies":"The Guardian","floor":16,"turns":8},{"damage":2,"enemies":"3 Byrds","floor":18,"turns":1},{"damage":7,"enemies":"Shell Parasite","floor":20,"turns":5},{"damage":19,"enemies":"Snake Plant","floor":21,"turns":3},{"damage":14,"enemies":"Book of Stabbing","floor":25,"turns":6},{"damage":16,"enemies":"Gremlin Leader","floor":28,"turns":5},{"damage":31,"enemies":"Collector","floor":33,"turns":8},{"damage":9,"enemies":"3 Darklings","floor":35,"turns":3},{"damage":3,"enemies":"Orb Walker","floor":37,"turns":3},{"damage":14,"enemies":"Spire Growth","floor":38,"turns":4},{"damage":0,"enemies":"Sphere and 2 Shapes","floor":41,"turns":4},{"damage":9,"enemies":"3 Darklings","floor":45,"turns":3},{"damage":0,"enemies":"Giant Head","floor":47,"turns":8},{"damage":50,"enemies":"Time Eater","floor":50,"turns":10}],"seed_played":"6933911382451193022","potions_obtained":[{"floor":1,"key":"Swift Potion"},{"floor":2,"key":"PowerPotion"},{"floor":8,"key":"PowerPotion"},{"floor":11,"key":"Fire Potion"},{"floor":16,"key":"PowerPotion"},{"floor":20,"key":"LiquidMemories"},{"floor":28,"key":"FocusPotion"},{"floor":33,"key":"Explosive Potion"},{"floor":35,"key":"Weak Potion"},{"floor":38,"key":"SteroidPotion"}],"is_trial":false,"path_per_floor":["M","M","?","$","?","E","R","M","T","M","M","?","M","M","R","B",null,"M","?","M","M","$","R","$","E","T","?","E","R","?","?","R","B",null,"M","$","M","M","?","R","M","R","T","?","M","R","E","$","R","B",null],"character_chosen":"DEFECT","items_purchased":["Cold Snap","Glacier","Membership Card","Defragment","Cold Snap","Capacitor","Finesse+1","Coolheaded+1","Skim+1"],"campfire_rested":0,"item_purchase_floors":[4,22,22,22,22,36,36,36,48],"current_hp_per_floor":[53,53,53,53,53,20,20,20,20,27,33,33,40,47,47,40,75,73,73,73,61,75,75,75,68,68,68,66,66,66,66,66,42,82,73,82,82,75,75,75,75,75,75,75,73,73,80,82,82,39],"gold":5,"neow_bonus":"TRANSFORM_TWO_CARDS","is_daily":false,"chose_seed":false,"campfire_upgraded":9,"win_rate":0.0,"timestamp":1613278665,"path_taken":["M","M","?","?","?","E","R","M","T","M","M","?","M","?","R","BOSS","M","?","M","M","$","R","$","E","T","?","E","R","?","?","R","BOSS","M","$","M","M","?","R","M","R","T","?","M","R","E","$","R","BOSS"],"items_purchased_type":["Card","Card","Relic","Card","Card","Card","Card","Card","Card"],"build_version":"2020-12-22","purchased_purges":4,"victory":true,"max_hp_per_floor":[75,75,75,75,75,75,75,75,75,75,75,75,75,75,75,75,75,75,75,75,75,75,75,75,75,75,75,82,82,82,82,82,82,82,82,82,82,82,82,82,82,82,82,82,82,82,82,82,82,82],"card_choices":[{"not_picked":["Steam Power","White Noise"],"picked":"FTL","floor":1},{"not_picked":["Darkness","Skim","Leap"],"picked":"SKIP","floor":2},{"not_picked":["Darkness","Skim","Leap"],"picked":"SKIP","floor":2},{"not_picked":["Hologram","Cold Snap"],"picked":"Seek","floor":6},{"not_picked":["Steam","Hologram"],"picked":"Self Repair","floor":8},{"not_picked":["Reprogram","Steam Power"],"picked":"Steam","floor":10},{"not_picked":["Leap","Redo"],"picked":"Streamline","floor":11},{"not_picked":["Rainbow","Leap"],"picked":"Defragment","floor":13},{"not_picked":["Gash","Self Repair"],"picked":"Ball Lightning","floor":14},{"not_picked":["Buffer","Fission"],"picked":"Electrodynamics","floor":16},{"not_picked":["Conserve Battery","Consume+1","Stack"],"picked":"SKIP","floor":18},{"not_picked":["Compile Driver+1","Heatsinks+1"],"picked":"Beam Cell+1","floor":20},{"not_picked":["Scrape","Force Field"],"picked":"Rainbow","floor":21},{"not_picked":["Go for the Eyes","Sweeping Beam"],"picked":"Hologram","floor":25},{"not_picked":["Consume+1","Redo+1"],"picked":"Cold Snap","floor":28},{"not_picked":["Electrodynamics","Machine Learning"],"picked":"Rainbow+1","floor":33},{"not_picked":["Beam Cell","Gash"],"picked":"Hologram+1","floor":35},{"not_picked":["Ball Lightning","Auto Shields+1","Go for the Eyes+1"],"picked":"SKIP","floor":37},{"not_picked":["Steam+1","Coolheaded+1","Scrape+1"],"picked":"SKIP","floor":38},{"not_picked":["Melter+1","Redo+1","Reprogram+1"],"picked":"SKIP","floor":41},{"not_picked":["Steam+1","Ball Lightning","Gash+1"],"picked":"SKIP","floor":45},{"not_picked":["Auto Shields+1","Lockon+1","Ball Lightning"],"picked":"SKIP","floor":47}],"player_experience":10696,"relics_obtained":[{"floor":6,"key":"Bag of Preparation"},{"floor":9,"key":"MealTicket"},{"floor":25,"key":"Sundial"},{"floor":25,"key":"InkBottle"},{"floor":26,"key":"Toxic Egg 2"},{"floor":28,"key":"Strawberry"},{"floor":28,"key":"Kunai"},{"floor":43,"key":"Bag of Marbles"},{"floor":47,"key":"Pen Nib"},{"floor":47,"key":"War Paint"}],"event_choices":[{"damage_healed":0,"gold_gain":0,"player_choice":"Upgraded","damage_taken":0,"max_hp_gain":0,"max_hp_loss":0,"event_name":"Upgrade Shrine","floor":3,"gold_loss":0,"cards_upgraded":["Steam"]},{"damage_healed":0,"gold_gain":0,"player_choice":"Ignored","damage_taken":0,"max_hp_gain":0,"max_hp_loss":0,"event_name":"Liars Game","floor":5,"gold_loss":0},{"damage_healed":0,"gold_gain":100,"player_choice":"Pray","damage_taken":0,"max_hp_gain":0,"max_hp_loss":0,"event_name":"Golden Shrine","floor":12,"gold_loss":0},{"cards_removed":["Strike_B"],"damage_healed":0,"gold_gain":0,"player_choice":"Gave Gold","damage_taken":0,"max_hp_gain":0,"max_hp_loss":0,"event_name":"Beggar","floor":19,"gold_loss":75},{"damage_healed":0,"gold_gain":0,"player_choice":"Ignored","damage_taken":0,"max_hp_gain":0,"max_hp_loss":0,"event_name":"Ghosts","floor":27,"gold_loss":0},{"damage_healed":0,"gold_gain":0,"player_choice":"Obtained Relic","damage_taken":0,"relics_obtained":["Potion Belt"],"max_hp_gain":0,"max_hp_loss":0,"event_name":"Addict","floor":30,"gold_loss":85},{"damage_healed":0,"gold_gain":0,"player_choice":"Read","damage_taken":0,"max_hp_gain":0,"max_hp_loss":0,"event_name":"The Library","floor":31,"gold_loss":0,"cards_obtained":["Defragment"]},{"cards_removed":["Zap"],"damage_healed":0,"gold_gain":0,"player_choice":"Removed Skill","damage_taken":0,"max_hp_gain":0,"max_hp_loss":0,"event_name":"Falling","floor":39,"gold_loss":0},{"damage_healed":0,"gold_gain":0,"player_choice":"Forge","damage_taken":0,"max_hp_gain":0,"max_hp_loss":0,"event_name":"Accursed Blacksmith","floor":44,"gold_loss":0,"cards_upgraded":["Rainbow"]}],"is_beta":false,"boss_relics":[{"not_picked":["Nuclear Battery","Snecko Eye"],"picked":"Black Star"},{"not_picked":["FrozenCore","Runic Dome"],"picked":"Coffee Dripper"}],"items_purged_floors":[4,22,36,48],"is_endless":false,"potions_floor_spawned":[1,2,8,11,16,20,28,33,35,38,47],"ascension_level":0}}