{"host":"u0qetpmu4y58k1tf","time":1613288570,"event":{"mods":["100% Spire Juice","AchievementEnabler","Act Like it!","BaseMod","CapriCore","Colored Map","Colored Powertips","Hermit","Koishi","Marisa£¨Ùöéë¡¡Øª×âÞÞ£©","Minty Spire (QoL Compilation)","Quick Restart","Reliquary","Replay The Spire","StSLib","Td1madao Mod","The Bug Knight","The Cursed","The Dragon Tamer","The Gatherer","The Hierophant","The Immortal","The Jungle","The Runesmith","WarShipGirlsR/??á´Ò³R mod"],"gold_per_floor":[118,43,218,218,238,273,273,273,273],"floor_reached":8,"language":"KOR","playtime":452,"items_purged":["HollowMod:NailStrikeStart"],"score":54,"play_id":"27ce220b-69c3-4b72-8eec-6a2cc49cd864","local_time":"20210214164250","is_ascension_mode":false,"campfire_choices":[{"data":"HollowMod:DoubleDash","floor":7,"key":"SMITH"}],"circlet_count":0,"master_deck":["HollowMod:NailStrikeStart","HollowMod:NailStrikeStart","HollowMod:NailStrikeStart","HollowMod:QuickDashStart","HollowMod:QuickDashStart","HollowMod:QuickDashStart","HollowMod:QuickDashStart","HollowMod:FocusHealStart","HollowMod:PogoStrike","HollowMod:BaldurShell","Doubt","Regret","HollowMod:CloakDash","HollowMod:DoubleDash+1"],"relics":["HollowMod:VesselMask","Replay:Kaleidoscope","Unceasing Top","reliquary:ExpiredCoupon"],"acts_visited":["Exordium"],"potions_floor_usage":[],"damage_taken":[{"damage":1,"enemies":"Small Slimes","floor":1,"turns":5},{"damage":7,"enemies":"2 Louse","floor":5,"turns":5},{"damage":28,"enemies":"3 Sentries","floor":6,"turns":14},{"damage":11,"enemies":"Lagavulin","floor":8,"turns":4}],"seed_played":"-7496437419142483553","potions_obtained":[{"floor":6,"key":"Strength Potion"}],"is_trial":false,"path_per_floor":["M","$","?","?","M","E","R","E"],"character_chosen":"THE_BUGKNIGHT","items_purchased":[],"campfire_rested":0,"item_purchase_floors":[],"current_hp_per_floor":[67,67,67,67,65,49,49,38,38],"gold":273,"neow_bonus":"ONE_RARE_RELIC","is_daily":false,"chose_seed":false,"campfire_upgraded":1,"win_rate":0.0,"timestamp":1613288570,"path_taken":["M","$","?","?","M","E","R","E"],"items_purchased_type":[],"build_version":"2020-12-22","purchased_purges":1,"victory":false,"max_hp_per_floor":[68,68,68,68,68,68,68,68,68],"card_choices":[{"not_picked":["HollowMod:DescendingDark","HollowMod:DreamGate"],"picked":"HollowMod:BaldurShell","floor":1},{"not_picked":["HollowMod:LifebloodCocoon","HollowMod:SoulSplash"],"picked":"HollowMod:CloakDash","floor":5},{"not_picked":["HollowMod:WraithStrike","HollowMod:FastStrike"],"picked":"HollowMod:DoubleDash","floor":6}],"player_experience":152578,"relics_obtained":[{"floor":6,"key":"reliquary:ExpiredCoupon"}],"event_choices":[{"damage_healed":0,"gold_gain":175,"player_choice":"AGREE","damage_taken":0,"max_hp_gain":0,"max_hp_loss":0,"event_name":"Liars Game","floor":3,"gold_loss":0,"cards_obtained":["Doubt"]},{"damage_healed":0,"gold_gain":0,"player_choice":"Box","damage_taken":0,"relics_obtained":["Unceasing Top"],"max_hp_gain":0,"max_hp_loss":0,"event_name":"Big Fish","floor":4,"gold_loss":0,"cards_obtained":["Regret"]}],"is_beta":false,"boss_relics":[],"items_purged_floors":[2],"is_endless":false,"potions_floor_spawned":[6],"killed_by":"Lagavulin","ascension_level":0}}