{"host":"uzp1tn8qxn9571p9","time":1613308220,"event":{"mods":["Aspiration","BaseMod","Better Third Choice","Colored Map","Colored Powertips","Hermit","Mimic Mod","Minty Spire (QoL Compilation)","StSLib","The Alterego","The Cursed","The Hierophant","The Jungle","The Runesmith"],"gold_per_floor":[119,137,137,147,166,199,374,401,401,415,431,431,451,469,469,570,570,555,525,515,527,5,5,35,55,130,130,130,113,133,133,133,133,133],"floor_reached":33,"language":"ZHS","playtime":2440,"items_purged":["alterego_mod:Strike"],"score":333,"play_id":"9eeb8bb4-a9ce-4ec8-a849-4c334ab27210","local_time":"20210214211020","is_ascension_mode":false,"campfire_choices":[{"data":"alterego_mod:Tantrum","floor":23.0,"key":"SMITH"},{"data":"alterego_mod:GachaTicket","floor":28.0,"key":"SMITH"},{"data":"alterego_mod:Nekomimi","floor":32,"key":"SMITH"}],"circlet_count":0,"master_deck":["alterego_mod:Strike","alterego_mod:Strike","alterego_mod:Strike","alterego_mod:Defend","alterego_mod:Defend","alterego_mod:Defend","alterego_mod:Defend","alterego_mod:Impale","alterego_mod:BigMeatyClaws","alterego_mod:BrynhildrsRune","alterego_mod:BustOut","alterego_mod:Stockings","alterego_mod:Undulate","alterego_mod:Maid","alterego_mod:1TonWallop","Doubt","alterego_mod:BrynhildrRomantia","alterego_mod:Clap","alterego_mod:Pet","alterego_mod:GachaTicket+1","alterego_mod:Vow","alterego_mod:InsideBaseball","alterego_mod:Punishment","alterego_mod:BiFurious","alterego_mod:Belle","alterego_mod:Punishment","alterego_mod:Tantrum+1","alterego_mod:BrynhildrRomantia","alterego_mod:Exercise","Pain","alterego_mod:PerceptionDisorder","alterego_mod:Nekomimi+1","Shame"],"relics":["alterego_mod:MasochisticConstitution","Dream Catcher","aspiration:ArtOfWarUpgrade","Pear","aspiration:RitualDagger","Nunchaku","Sling","Regal Pillow","WarpedTongs","theJungle:SneckoAutograph"],"acts_visited":["Exordium","Exordium"],"potions_floor_usage":[33,33],"damage_taken":[{"damage":2.0,"enemies":"Jaw Worm","floor":1.0,"turns":5.0},{"damage":4.0,"enemies":"Small Slimes","floor":2.0,"turns":4.0},{"damage":2.0,"enemies":"2 Louse","floor":4.0,"turns":5.0},{"damage":16.0,"enemies":"Lots of Slimes","floor":5.0,"turns":5.0},{"damage":28.0,"enemies":"Lagavulin","floor":6.0,"turns":5.0},{"damage":20.0,"enemies":"Gremlin Nob","floor":8.0,"turns":3.0},{"damage":4.0,"enemies":"3 Louse","floor":10.0,"turns":4.0},{"damage":21.0,"enemies":"Exordium Wildlife","floor":11.0,"turns":4.0},{"damage":16.0,"enemies":"Looter","floor":13.0,"turns":2.0},{"damage":0.0,"enemies":"3 Louse","floor":14.0,"turns":2.0},{"damage":39.0,"enemies":"Slime Boss","floor":16.0,"turns":8.0},{"damage":43.0,"enemies":"theJungle:Flameango_and_Byrd","floor":18.0,"turns":8.0},{"damage":39.0,"enemies":"Shell Parasite","floor":19.0,"turns":3.0},{"damage":67.0,"enemies":"theJungle:Snecko_Cultist_And_Trap","floor":20.0,"turns":5.0},{"damage":38.0,"enemies":"theJungle:2_Snecko_Cultists","floor":21.0,"turns":3.0},{"damage":31.0,"enemies":"theJungle:2_Phrogs","floor":24.0,"turns":6.0},{"damage":47.0,"enemies":"theJungle:JungleHuntersEncounter","floor":25.0,"turns":4.0},{"damage":43.0,"enemies":"theJungle:2_Flameangoes","floor":29.0,"turns":3.0},{"damage":39.0,"enemies":"theJungle:Snecko_Cultist_And_Trap","floor":30.0,"turns":4.0},{"damage":124,"enemies":"theJungle:TotemBoss","floor":33,"turns":5}],"seed_played":"667131111992086518","potions_obtained":[{"floor":1.0,"key":"PowerPotion"},{"floor":5.0,"key":"BlessingOfTheForge"},{"floor":6.0,"key":"GamblersBrew"},{"floor":10.0,"key":"SkillPotion"},{"floor":11.0,"key":"SneckoOil"},{"floor":24.0,"key":"Energy Potion"},{"floor":29.0,"key":"SkillPotion"},{"floor":30.0,"key":"BlessingOfTheForge"}],"is_trial":false,"path_per_floor":["M","M","?","M","M","E","?","E","T","M","M","R","M","M","R","B",null,"M","M","M","M","$","R","E","M","T","?","R","M","M","?","R","B"],"character_chosen":"The_Alterego","items_purchased":["Nunchaku","Sling","alterego_mod:Tantrum"],"campfire_rested":0,"item_purchase_floors":[22,22,22],"current_hp_per_floor":[76,75,80,85,86,62,62,43,53,74,54,54,46,46,46,29,108,80,42,104,90,90,90,82,60,60,60,60,40,96,96,96,0,0],"gold":133,"neow_bonus":"TEN_PERCENT_HP_BONUS","is_daily":false,"chose_seed":false,"campfire_upgraded":3,"win_rate":0.0,"timestamp":1613308220,"path_taken":["M","M","?","M","M","E","?","E","T","M","M","R","M","M","R","BOSS","M","M","M","M","$","R","E","M","T","?","R","?","M","?","R","BOSS"],"items_purchased_type":["Relic","Relic","Card"],"build_version":"2020-12-22","purchased_purges":1,"victory":false,"max_hp_per_floor":[78,79,84,85,86,87,87,88,98,102,103,103,104,104,104,108,108,112,113,117,117,117,117,118,122,122,122,122,127,131,131,131,135,135],"card_choices":[{"not_picked":["alterego_mod:Undulate","alterego_mod:DeftHands"],"picked":"alterego_mod:BustOut","floor":1.0},{"not_picked":["alterego_mod:DustData","alterego_mod:BoobPocket"],"picked":"alterego_mod:Stockings","floor":2.0},{"not_picked":["alterego_mod:PresenceConcealment","alterego_mod:Smother"],"picked":"alterego_mod:Undulate","floor":4.0},{"not_picked":["alterego_mod:Smother","alterego_mod:BoobPocket"],"picked":"alterego_mod:Maid","floor":5.0},{"not_picked":["alterego_mod:DeftHands","alterego_mod:Belle"],"picked":"alterego_mod:1TonWallop","floor":6.0},{"not_picked":["alterego_mod:PresenceConcealment","alterego_mod:Collar"],"picked":"alterego_mod:BrynhildrRomantia","floor":8.0},{"not_picked":["alterego_mod:GoddessCore","alterego_mod:HighServant"],"picked":"alterego_mod:Clap","floor":10.0},{"not_picked":["alterego_mod:Crossover","alterego_mod:Bounce"],"picked":"alterego_mod:Pet","floor":11.0},{"not_picked":["alterego_mod:TrashNCrash","alterego_mod:HighServant"],"picked":"alterego_mod:GachaTicket","floor":13.0},{"not_picked":["alterego_mod:Rip","alterego_mod:BiFurious"],"picked":"alterego_mod:Vow","floor":14.0},{"not_picked":["alterego_mod:Weigh","alterego_mod:GIGAMILK"],"picked":"alterego_mod:InsideBaseball","floor":16.0},{"not_picked":["alterego_mod:DestructionOfProperty","alterego_mod:SakuraLabyrinth"],"picked":"alterego_mod:Punishment","floor":18.0},{"not_picked":["alterego_mod:DeftHands","alterego_mod:Cycle"],"picked":"alterego_mod:BiFurious","floor":19.0},{"not_picked":["alterego_mod:Jiggle+1","alterego_mod:Skirt+1"],"picked":"alterego_mod:Belle","floor":20.0},{"not_picked":["alterego_mod:Cycle","alterego_mod:Maid+1"],"picked":"alterego_mod:Punishment","floor":21.0},{"not_picked":["alterego_mod:DiscoLights","alterego_mod:Complex"],"picked":"alterego_mod:BrynhildrRomantia","floor":24.0},{"not_picked":["alterego_mod:SakuraLabyrinth","alterego_mod:TrashNCrash"],"picked":"alterego_mod:Exercise","floor":25.0},{"not_picked":["alterego_mod:Rip","alterego_mod:GachaTicket+1"],"picked":"alterego_mod:PerceptionDisorder","floor":29.0},{"not_picked":["alterego_mod:MagicResistance","alterego_mod:DiscoLights"],"picked":"alterego_mod:Nekomimi","floor":30.0}],"player_experience":395441,"relics_obtained":[{"floor":6.0,"key":"Dream Catcher"},{"floor":8.0,"key":"Art of War"},{"floor":9.0,"key":"Pear"},{"floor":24.0,"key":"Regal Pillow"}],"event_choices":[{"damage_healed":0.0,"max_hp_gain":5.0,"max_hp_loss":0.0,"gold_gain":0.0,"event_name":"Big Fish","player_choice":"Donut","floor":3.0,"gold_loss":0.0,"damage_taken":0.0},{"damage_healed":0.0,"max_hp_gain":0.0,"max_hp_loss":0.0,"gold_gain":175.0,"event_name":"betterThird:BetterSerpent","player_choice":"AGREE","floor":7.0,"gold_loss":0.0,"damage_taken":199.0},{"damage_healed":0.0,"max_hp_gain":0.0,"max_hp_loss":0.0,"gold_gain":0.0,"event_name":"Accursed Blacksmith","player_choice":"Rummage","floor":27.0,"gold_loss":0.0,"damage_taken":0.0,"relics_obtained":["WarpedTongs"],"cards_obtained":["Pain"]}],"is_beta":false,"boss_relics":[{"not_picked":["Ectoplasm","aspiration:WatcherSkillbook"],"picked":"aspiration:RitualDagger"}],"items_purged_floors":[22],"is_endless":false,"potions_floor_spawned":[1,5,6,10,11,24,29,30],"killed_by":"theJungle:TotemBoss","ascension_level":0}}