{"host":"hl3ams4am2ku5u4p","time":1613321157,"event":{"mods":["AchievementEnabler","Act Like it!","Aspiration","BaseMod","Beaked The Cultist","BetterRewards","CatGirl Mod","Colored Map","Colored Powertips","Conspire","Downfall","Energized Spire","Halation","Hallownest","HornydragonMod","Hubris","Infinite Spire","Jedi Mod","Mad Scientist","Magitek Elite","Minty Spire (QoL Compilation)","READ ME - Guardian Mod","Replay The Spire","Spikes Relics","StSLib","SuperFastMode","The Blackbeard","The Bug Knight","The Construct","The Disciple","The Jungle","The Mystic","The Necromancer","The Senshi"],"gold_per_floor":[9,71,113,128,142,142,142,154,183,195,219,231,228,275,302,410,422,434,446,458,470,482,494,506,518,530,542,569,581,604,108,121,121,121,121],"floor_reached":33,"language":"FRA","playtime":3122,"items_purged":["champ:Strike"],"score":293,"play_id":"fcd7ab1d-e92a-4b68-acf2-d697d86d2eb9","local_time":"20210214174557","is_ascension_mode":false,"campfire_choices":[{"data":"champ:IronFortress","floor":1,"key":"SMITH"},{"floor":6,"key":"REST"},{"data":"champ:Shatter","floor":10,"key":"SMITH"},{"data":"champ:DeathBlow","floor":12,"key":"SMITH"},{"data":"champ:FanOfKnives","floor":18,"key":"SMITH"},{"data":"champ:HoldFirm","floor":23,"key":"SMITH"},{"data":"champ:RisingSlash","floor":25,"key":"SMITH"},{"data":"champ:Execute","floor":27,"key":"SMITH"},{"data":"champ:FocusedBerserking","floor":29,"key":"SMITH"}],"circlet_count":0,"master_deck":["champ:Strike","champ:Strike","champ:Strike","champ:Defend","champ:Defend","champ:Defend","champ:Execute+1","champ:Taunt","champ:IronFortress+1","champ:ArenaPreparation","champ:ShieldSlam","champ:DeathBlow+1","champ:FocusedBerserking+1","champ:HeartStrike","champ:Shatter+1","champ:FanOfKnives+1","champ:RisingSlash+1","champ:EndlessRage+1","champ:HoldFirm+1","champ:AdrenalArmor+1","champ:Haymaker","champ:TornadoPunch","expansioncontent:StudyTheSpire"],"relics":["champ:ChampionCrown","Guard_Bracelet","MawBank","construct:BoolHorns","Red Mask","infinitespire:CursedDice","Blue Candle","Gremlin Horn"],"acts_visited":["Exordium","Hallownest:Greenpath"],"potions_floor_usage":[33],"damage_taken":[{"damage":37,"enemies":"Hallownest:2_MossCreeps","floor":3,"turns":5},{"damage":31,"enemies":"2_ Uuma","floor":4,"turns":4},{"damage":37,"enemies":"Hallownest:monsterHuskGuard","floor":5,"turns":4},{"damage":43,"enemies":"Hallownest:Wandering_and_Horned","floor":9,"turns":5},{"damage":31,"enemies":"Hallownest:1_Ooma_and_2_Uuma","floor":11,"turns":4},{"damage":30,"enemies":"downfall:FleeingMerchant","floor":13,"turns":4},{"damage":45,"enemies":"Hallownest:eliteVengeflyKing","floor":14,"turns":6},{"damage":25,"enemies":"Hallownest:monsterMossCharger","floor":15,"turns":3},{"damage":49,"enemies":"SI_SHIV_ARCHETYPE","floor":16,"turns":6},{"damage":40,"enemies":"Hallownest:2_Mistakes","floor":28,"turns":3},{"damage":35,"enemies":"Hallownest:3_Youths","floor":30,"turns":6},{"damage":15,"enemies":"downfall:FleeingMerchant","floor":31,"turns":4},{"damage":52,"enemies":"Hallownest:Master_and_Novice","floor":32,"turns":6},{"damage":95,"enemies":"DF_ARCHETYPE_CLAW","floor":33,"turns":9}],"seed_played":"-3823909739157884338","potions_obtained":[{"floor":3,"key":"EssenceOfSteel"},{"floor":9,"key":"DuplicationPotion"},{"floor":14,"key":"Adrenaline Potion"},{"floor":15,"key":"Adrenaline Potion"},{"floor":16,"key":"DuplicationPotion"}],"is_trial":false,"path_per_floor":["R","?","M","M","M","R","T","?","M","R","M","R","$","E","M","B",null,"R","?","?","?","?","R","T","R","?","R","M","R","M","$","M","B"],"character_chosen":"THE_CHAMP","items_purchased":["champ:IronFortress","champ:ArenaPreparation","champ:ShieldSlam","Guard_Bracelet","champ:DeathBlow","Gremlin Horn","champ:TornadoPunch","expansioncontent:StudyTheSpire"],"campfire_rested":1,"item_purchase_floors":[0,0,0,0,0,31,31,31],"current_hp_per_floor":[72,72,70,69,62,89,89,89,86,86,70,70,70,70,70,61,90,90,86,90,90,90,90,90,90,85,85,85,85,85,85,58,0,0,0],"gold":121,"neow_bonus":"","is_daily":false,"chose_seed":false,"campfire_upgraded":8,"win_rate":0.0,"timestamp":1613321157,"path_taken":["R","?","M","M","M","R","T","?","M","R","M","R","$","E","M","BOSS","R","?","?","?","?","R","T","R","?","R","M","R","M","?","M","BOSS"],"items_purchased_type":["Card","Card","Card","Relic","Card","Relic","Card","Card"],"build_version":"2020-12-22","purchased_purges":1,"victory":false,"max_hp_per_floor":[90,90,90,90,90,90,90,90,90,90,90,90,90,90,90,90,90,90,90,90,90,90,90,90,90,90,90,90,90,90,90,90,90,90,90],"card_choices":[{"not_picked":["champ:EnGarde","champ:PreemptiveStrike"],"picked":"champ:FocusedBerserking","floor":3},{"not_picked":["champ:PreemptiveStrike","champ:EnGarde"],"picked":"champ:HeartStrike","floor":4},{"not_picked":["champ:RisingSlash","champ:IronFortress","champ:FocusedBerserking"],"picked":"SKIP","floor":5},{"not_picked":["champ:DefensiveShout","champ:BerserkersShout"],"picked":"champ:Shatter","floor":9},{"not_picked":["champ:BerserkersShout","champ:GutPunch","champ:Lariat"],"picked":"SKIP","floor":11},{"not_picked":["champ:ShieldSlam","champ:RapidStrikes"],"picked":"champ:FanOfKnives","floor":13},{"not_picked":["champ:FocusedDefense","champ:Endure"],"picked":"champ:RisingSlash","floor":14},{"not_picked":["champ:TornadoPunch","champ:LastStand"],"picked":"champ:EndlessRage","floor":15},{"not_picked":["champ:SwordThrow","champ:IgnorePain"],"picked":"champ:HoldFirm","floor":16},{"not_picked":["champ:GutPunch+1","champ:Shatter"],"picked":"champ:AdrenalArmor+1","floor":28},{"not_picked":["champ:Endure","champ:GutPunch"],"picked":"champ:Haymaker","floor":30},{"not_picked":["champ:Backstep","champ:DancingMaster","champ:Shatter"],"picked":"SKIP","floor":31},{"not_picked":["champ:HeartStrike+1","champ:SkillfulDodge","champ:GutPunch"],"picked":"SKIP","floor":32}],"player_experience":81196,"relics_obtained":[{"floor":7,"key":"MawBank"},{"floor":14,"key":"construct:BoolHorns"},{"floor":24,"key":"infinitespire:CursedDice"}],"event_choices":[],"is_beta":false,"boss_relics":[{"not_picked":["Kintsugi","halation:LoveArrow","infinitespire:Cupcake"]}],"items_purged_floors":[0],"is_endless":false,"potions_floor_spawned":[3,9,14,15,16,28,30],"killed_by":"DF_ARCHETYPE_CLAW","ascension_level":0}}