{"host":"m4pe905ae9bldoe7","time":1613265498,"event":{"mods":["BaseMod","Bestiary","Block Reminder","Downfall","Minty Spire (QoL Compilation)","StSLib"],"gold_per_floor":[109,109,184,200,214,214,214,228,251,251,279,299,316,73,92,111,111,111,217,217,241,250,160,130,155,155,155],"floor_reached":26,"language":"ENG","playtime":1023,"items_purged":[],"score":306,"play_id":"6e2741e8-f0b0-499c-95ce-1dcbd2311013","local_time":"20210214021818","is_ascension_mode":true,"campfire_choices":[{"data":"Blade Dance","floor":6,"key":"SMITH"},{"floor":17,"key":"REST"},{"floor":18,"key":"REST"}],"circlet_count":0,"master_deck":["AscendersBane","Strike_G","Strike_G","Defend_G","Defend_G","Defend_G","Defend_G","Defend_G","Survivor","Neutralize","Infinite Blades","Blade Dance+1","Blade Dance+1","Backflip","PiercingWail","Footwork","Infinite Blades+1","Well Laid Plans+1","Corpse Explosion","Blade Dance","Cloak And Dagger+1"],"relics":["Ring of the Snake","NeowsBlessing","CeramicFish","Frozen Egg 2","Empty Cage","Centennial Puzzle"],"acts_visited":["Exordium","TheCity"],"potions_floor_usage":[19,19,19,25,26],"damage_taken":[{"damage":0,"enemies":"Jaw Worm","floor":1,"turns":1},{"damage":0,"enemies":"2 Louse","floor":4,"turns":1},{"damage":0,"enemies":"Cultist","floor":5,"turns":1},{"damage":18,"enemies":"Large Slime","floor":8,"turns":5},{"damage":6,"enemies":"Looter","floor":11,"turns":3},{"damage":3,"enemies":"Red Slaver","floor":12,"turns":3},{"damage":2,"enemies":"Blue Slaver","floor":13,"turns":5},{"damage":4,"enemies":"2 Fungi Beasts","floor":15,"turns":3},{"damage":0,"enemies":"Lots of Slimes","floor":16,"turns":4},{"damage":34,"enemies":"The Guardian","floor":19,"turns":7},{"damage":4,"enemies":"Chosen","floor":21,"turns":7},{"damage":23,"enemies":"2 Thieves","floor":24,"turns":5},{"damage":5,"enemies":"3 Cultists","floor":25,"turns":3},{"damage":27,"enemies":"Gremlin Leader","floor":26,"turns":7}],"seed_played":"6221530293334201997","potions_obtained":[{"floor":4,"key":"bronze:BurnAndBuffPotion"},{"floor":12,"key":"champ:CounterPotion"},{"floor":13,"key":"SpeedPotion"},{"floor":15,"key":"CultistPotion"},{"floor":21,"key":"SpeedPotion"},{"floor":24,"key":"Poison Potion"}],"is_trial":false,"path_per_floor":["M","?","?","M","M","R","?","M","T","T","M","M","M","$","M","M","R","R","B",null,"M","?","?","M","M","E"],"character_chosen":"THE_SILENT","items_purchased":["Frozen Egg 2"],"campfire_rested":2,"item_purchase_floors":[14],"current_hp_per_floor":[63,56,45,45,45,45,45,27,27,27,21,18,16,16,12,12,33,54,20,58,54,54,54,31,26,0,0],"gold":155,"neow_bonus":"THREE_ENEMY_KILL","is_daily":false,"chose_seed":false,"campfire_upgraded":1,"win_rate":0.0,"timestamp":1613265498,"path_taken":["M","?","?","M","M","R","?","M","T","T","M","M","?","$","M","M","R","R","BOSS","M","?","?","?","M","E"],"items_purchased_type":["Relic"],"build_version":"2020-12-22","purchased_purges":0,"victory":false,"max_hp_per_floor":[70,70,70,70,70,70,70,70,70,70,70,70,70,70,70,70,70,70,70,70,70,70,70,70,70,70,70],"card_choices":[{"not_picked":["Deflect","Acrobatics"],"picked":"Infinite Blades","floor":1},{"not_picked":["Crippling Poison","Dagger Throw"],"picked":"Blade Dance","floor":4},{"not_picked":["Distraction","Dagger Spray"],"picked":"Blade Dance","floor":5},{"not_picked":["Footwork","Deflect"],"picked":"Backflip","floor":8},{"not_picked":["Dagger Throw","Deadly Poison"],"picked":"PiercingWail","floor":11},{"not_picked":["Prepared","Backflip"],"picked":"Footwork","floor":12},{"not_picked":["Underhanded Strike","Caltrops","Flechettes"],"picked":"SKIP","floor":13},{"not_picked":["Acrobatics","Footwork+1"],"picked":"Infinite Blades+1","floor":15},{"not_picked":["Flechettes","Endless Agony"],"picked":"Well Laid Plans+1","floor":16},{"not_picked":["Night Terror","Malaise"],"picked":"Corpse Explosion","floor":19},{"not_picked":["Flying Knee","Leg Sweep"],"picked":"Blade Dance","floor":21},{"not_picked":["Prepared","PiercingWail+1","Crippling Poison"],"picked":"SKIP","floor":24},{"not_picked":["Finisher","Deadly Poison"],"picked":"Cloak And Dagger+1","floor":25}],"player_experience":607803,"relics_obtained":[{"floor":9,"key":"CeramicFish"}],"event_choices":[{"cards_removed":["Strike_G"],"damage_healed":0,"gold_gain":0,"player_choice":"Card Removal","damage_taken":7,"max_hp_gain":0,"max_hp_loss":0,"event_name":"Golden Wing","floor":2,"gold_loss":0},{"damage_healed":0,"gold_gain":75,"player_choice":"Gather Gold","damage_taken":11,"max_hp_gain":0,"max_hp_loss":0,"event_name":"World of Goop","floor":3,"gold_loss":0},{"damage_healed":0,"gold_gain":0,"player_choice":"Bought 0 Potions","damage_taken":0,"max_hp_gain":0,"max_hp_loss":0,"event_name":"The Woman in Blue","floor":7,"gold_loss":0},{"damage_healed":0,"gold_gain":0,"player_choice":"Opened","damage_taken":0,"relics_obtained":["Centennial Puzzle"],"max_hp_gain":0,"max_hp_loss":0,"event_name":"The Mausoleum","floor":22,"gold_loss":0,"cards_obtained":["Writhe"]},{"cards_removed":["Writhe"],"damage_healed":0,"gold_gain":0,"player_choice":"Upgrade and Remove","damage_taken":0,"max_hp_gain":0,"max_hp_loss":0,"event_name":"Designer","floor":23,"gold_loss":90,"cards_upgraded":["Blade Dance"]}],"is_beta":false,"boss_relics":[{"not_picked":["SacredBark","Tiny House"],"picked":"Empty Cage"}],"items_purged_floors":[],"is_endless":false,"potions_floor_spawned":[4,12,13,15,21,24],"killed_by":"Gremlin Leader","ascension_level":10}}