{"host":"xkmvu47k9fdstweo","time":1613346486,"event":{"mods":["BaseMod","Colored Map","Conspire","HololiveMod","Hubris","Minty Spire (QoL Compilation)","Quick Restart","Shop Mod","StSLib"],"gold_per_floor":[109,128,16,27,27,27,62,73,119,119,151,151,174,187,187,316,316,331,59,80,103,128,128,147,180,192,204,249,280,25,25,25,149,149,162,187,253,7,21,59,59,79,79,118,162,162,186,57,57,57],"floor_reached":51,"language":"ENG","playtime":1912,"items_purged":["Strike_R","Injury","Strike_R"],"score":1274,"play_id":"32594b41-5d6c-41f9-9011-4d6b4d31a1c0","local_time":"20210214184806","is_ascension_mode":true,"campfire_choices":[{"floor":6.0,"key":"REST"},{"data":"True Grit","floor":10,"key":"SMITH"},{"floor":15,"key":"REST"},{"data":"Double Tap","floor":23,"key":"SMITH"},{"floor":32,"key":"REST"},{"floor":41,"key":"REST"},{"floor":46,"key":"REST"},{"floor":49,"key":"REST"}],"circlet_count":0,"master_deck":["AscendersBane","Feed+1","Strike_R","Strike_R","Defend_R","Defend_R","Defend_R","Defend_R","Bash","True Grit+1","Shrug It Off","Dual Wield+1","Twin Strike","Cleave","Pummel","Flex","Sword Boomerang","Rage","Double Tap+1","Shockwave","Master of Strategy","Shrug It Off","Inflame","Pummel","Inflame","Pommel Strike","Pommel Strike","Dropkick","Metallicize","Disarm","Combust","Battle Trance","Thunderclap+1","Feel No Pain+1"],"relics":["conspire:SpecialSausage","conspire:DecoderRing","Boot","Self Forming Clay","Golden Idol","Velvet Choker","MawBank","Omamori","conspire:BottledYoYo","Letter Opener","Fusion Hammer","Girya","conspire:Dentures","Oddly Smooth Stone","Frozen Egg 2","Strawberry","hubris:MedicalManual"],"acts_visited":["Exordium","TheCity","TheBeyond"],"potions_floor_usage":[7,16,22,25,33,33,37,40,44,45,50,50],"damage_taken":[{"damage":3.0,"enemies":"2 Louse","floor":1.0,"turns":3.0},{"damage":7.0,"enemies":"Jaw Worm","floor":2.0,"turns":5.0},{"damage":4.0,"enemies":"Cultist","floor":4.0,"turns":4.0},{"damage":33,"enemies":"3 Sentries","floor":7,"turns":6},{"damage":6,"enemies":"3 Louse","floor":8,"turns":3},{"damage":17,"enemies":"Gremlin Nob","floor":11,"turns":4},{"damage":0,"enemies":"Large Slime","floor":13,"turns":5},{"damage":7,"enemies":"Gremlin Gang","floor":14,"turns":7},{"damage":39,"enemies":"Hexaghost","floor":16,"turns":9},{"damage":6,"enemies":"Spheric Guardian","floor":18,"turns":3},{"damage":7,"enemies":"Chosen","floor":20,"turns":3},{"damage":31,"enemies":"Snake Plant","floor":21,"turns":6},{"damage":17,"enemies":"Shelled Parasite and Fungi","floor":22,"turns":4},{"damage":0,"enemies":"Cultist and Chosen","floor":24,"turns":3},{"damage":25,"enemies":"Book of Stabbing","floor":25,"turns":3},{"damage":0,"enemies":"Gremlin Leader","floor":28,"turns":5},{"damage":2,"enemies":"Centurion and Healer","floor":29,"turns":5},{"damage":12,"enemies":"Collector","floor":33,"turns":6},{"damage":3,"enemies":"Orb Walker","floor":35,"turns":2},{"damage":14,"enemies":"3 Darklings","floor":36,"turns":4},{"damage":36,"enemies":"2 Orb Walkers","floor":37,"turns":4},{"damage":48,"enemies":"Writhing Mass","floor":39,"turns":6},{"damage":33,"enemies":"Reptomancer","floor":40,"turns":6},{"damage":6,"enemies":"Transient","floor":42,"turns":5},{"damage":18,"enemies":"conspire:MimicChest","floor":44,"turns":6},{"damage":36,"enemies":"Nemesis","floor":45,"turns":5},{"damage":29,"enemies":"Spire Growth","floor":47,"turns":5},{"damage":60,"enemies":"hubris:GrandSnecko","floor":50,"turns":13}],"seed_played":"-2032576546191882226","potions_obtained":[{"floor":1.0,"key":"PowerPotion"},{"floor":8,"key":"Ancient Potion"},{"floor":13,"key":"Swift Potion"},{"floor":18,"key":"BloodPotion"},{"floor":21,"key":"DuplicationPotion"},{"floor":25,"key":"BloodPotion"},{"floor":28,"key":"DistilledChaos"},{"floor":36,"key":"Explosive Potion"},{"floor":37,"key":"SpeedPotion"},{"floor":40,"key":"Block Potion"},{"floor":42,"key":"FearPotion"}],"is_trial":false,"path_per_floor":["M","M","$","M","?","R","E","M","T","R","E","?","M","M","R","B",null,"M","$","M","M","M","R","M","E","T","?","E","M","$","?","R","B",null,"M","M","?","$","M","E","R","M","T","?","E","R","M","$","R","B",null],"character_chosen":"IRONCLAD","items_purchased":["Dual Wield","Master of Strategy","Dropkick","Metallicize","conspire:Dentures","DuplicationPotion","SkillPotion"],"campfire_rested":6,"item_purchase_floors":[3,19,30,30,38,48,48],"current_hp_per_floor":[72,68,68,67,49,75,50,48,48,48,31,31,35,40,75,36,97,95,95,92,65,77,77,81,56,56,56,56,58,58,58,100,120,139,140,130,94,94,46,13,58,52,52,41,9,58,29,29,78,18],"gold":57,"neow_bonus":"BOSS_RELIC","is_daily":false,"chose_seed":false,"campfire_upgraded":2,"win_rate":0.0,"timestamp":1613346486,"path_taken":["M","M","$","M","?","R","E","M","T","R","E","?","M","M","R","BOSS","M","$","M","M","M","R","M","E","T","?","E","M","$","?","R","BOSS","M","M","?","$","M","E","R","M","T","?","E","R","?","$","R","BOSS"],"items_purchased_type":["Card","Card","Card","Card","Relic","Potion","Potion"],"build_version":"2020-12-22","purchased_purges":3,"victory":true,"max_hp_per_floor":[83,86,86,89,89,89,97,101,101,101,101,101,105,117,117,117,117,121,121,125,129,133,133,137,137,137,137,137,141,141,141,141,145,145,149,153,153,153,153,153,153,153,153,160,164,164,164,164,164,164],"card_choices":[{"not_picked":["Iron Wave","Infernal Blade"],"picked":"True Grit","floor":1.0},{"not_picked":["Headbutt","Perfected Strike"],"picked":"Shrug It Off","floor":2.0},{"not_picked":["Heavy Blade","Iron Wave"],"picked":"Twin Strike","floor":4.0},{"not_picked":["Brutality","Dark Embrace"],"picked":"Cleave","floor":7},{"not_picked":["Wild Strike","Warcry"],"picked":"Pummel","floor":8},{"not_picked":["Berserk","Twin Strike"],"picked":"Flex","floor":11},{"not_picked":["hubris:ReadiedAction","Iron Wave"],"picked":"Sword Boomerang","floor":13},{"not_picked":["Reckless Charge","Cleave"],"picked":"Rage","floor":14},{"not_picked":["Juggernaut","Exhume"],"picked":"Double Tap","floor":16},{"not_picked":["Armaments","Thunderclap"],"picked":"Shockwave","floor":18},{"not_picked":["Seeing Red","Pummel+1"],"picked":"Shrug It Off","floor":20},{"not_picked":["Havoc","Reckless Charge"],"picked":"Inflame","floor":21},{"not_picked":["Flex","Perfected Strike"],"picked":"Pummel","floor":22},{"not_picked":["Sword Boomerang","Flex"],"picked":"Inflame","floor":24},{"not_picked":["Power Through","Infernal Blade"],"picked":"Pommel Strike","floor":25},{"not_picked":["Dark Embrace","Bloodletting+1"],"picked":"Pommel Strike","floor":28},{"not_picked":["Headbutt","Warcry","Iron Wave"],"picked":"SKIP","floor":29},{"not_picked":["Flex","Headbutt+1"],"picked":"Disarm","floor":35},{"not_picked":["Body Slam+1","Sentinel+1"],"picked":"Combust","floor":36},{"not_picked":["Power Through","Hemokinesis","Sword Boomerang"],"picked":"SKIP","floor":39},{"not_picked":["Power Through","Hemokinesis","Sword Boomerang"],"picked":"SKIP","floor":39},{"not_picked":["Sword Boomerang","Berserk"],"picked":"Battle Trance","floor":40},{"not_picked":["Searing Blow+1","Anger","Sword Boomerang+1"],"picked":"SKIP","floor":42},{"not_picked":["Infernal Blade","Pummel+1"],"picked":"Thunderclap+1","floor":44},{"not_picked":["Barricade+1","hubris:CleavingFinish"],"picked":"Feel No Pain+1","floor":45},{"not_picked":["Clash","Wild Strike","Armaments"],"picked":"SKIP","floor":47}],"player_experience":360499,"relics_obtained":[{"floor":7,"key":"conspire:DecoderRing"},{"floor":9,"key":"Boot"},{"floor":11,"key":"Self Forming Clay"},{"floor":25,"key":"MawBank"},{"floor":26,"key":"Omamori"},{"floor":28,"key":"Letter Opener"},{"floor":37,"key":"Girya"},{"floor":40,"key":"Oddly Smooth Stone"},{"floor":43,"key":"Frozen Egg 2"},{"floor":44,"key":"Strawberry"},{"floor":45,"key":"hubris:MedicalManual"}],"event_choices":[{"damage_healed":0.0,"max_hp_gain":0.0,"max_hp_loss":0.0,"gold_gain":0.0,"event_name":"Shining Light","player_choice":"Entered Light","floor":5.0,"gold_loss":0.0,"damage_taken":18.0,"cards_upgraded":["Dual Wield","Feed"]},{"damage_healed":0,"gold_gain":0,"player_choice":"Take Wound","damage_taken":0,"relics_obtained":["Golden Idol"],"max_hp_gain":0,"max_hp_loss":0,"event_name":"Golden Idol","floor":12,"gold_loss":0,"cards_obtained":["Injury"]},{"damage_healed":0,"gold_gain":0,"player_choice":"Opened","damage_taken":0,"relics_obtained":["conspire:BottledYoYo"],"max_hp_gain":0,"max_hp_loss":0,"event_name":"The Mausoleum","floor":27,"gold_loss":0,"cards_obtained":["Writhe"]},{"cards_removed":["Strike_R"],"damage_healed":0,"gold_gain":0,"player_choice":"Purged","damage_taken":0,"max_hp_gain":0,"max_hp_loss":0,"event_name":"Purifier","floor":31,"gold_loss":0},{"damage_healed":0,"gold_gain":0,"player_choice":"Fight","damage_taken":0,"max_hp_gain":0,"max_hp_loss":0,"event_name":"Mysterious Sphere","floor":37,"gold_loss":0}],"is_beta":false,"boss_relics":[{"not_picked":["Hololive_TopUpMoneyS","Runic Dome"],"picked":"Velvet Choker"},{"not_picked":["conspire:SeveredTorchhead","hubris:VirtuousBlindfold"],"picked":"Fusion Hammer"}],"items_purged_floors":[3,19,30],"is_endless":false,"potions_floor_spawned":[1,8,13,14,18,20,21,25,28,36,37,40,42],"ascension_level":12}}