{"host":"soyfmymeou4emntr","time":1613274778,"event":{"mods":["BaseMod","Minty Spire (QoL Compilation)","Permanent Neow","Relic Sorter","Relic Stats","StSLib"],"gold_per_floor":[99,99,99,99,99,99,99,99,99,19,19,19,19,19,19,19,19,19,19,19,19,19,19,19,19,19,19,19,19,19,19,19,19,19,19,19,19,19,19,19,19,19,19,19,19,19,19,19,19,19,19],"floor_reached":50,"language":"ENG","playtime":5325,"items_purged":[],"score":1212,"play_id":"542ee50d-996c-40e4-9468-c62f30f12b4e","local_time":"20210213205258","is_ascension_mode":true,"campfire_choices":[{"data":"Eruption","floor":6.0,"key":"SMITH"},{"data":"Conclude","floor":8.0,"key":"SMITH"},{"data":"MentalFortress","floor":15.0,"key":"SMITH"},{"data":"RitualDagger","floor":23.0,"key":"SMITH"},{"floor":30.0,"key":"REST"},{"floor":32.0,"key":"REST"},{"data":"Vault","floor":41.0,"key":"SMITH"},{"floor":47.0,"key":"REST"},{"floor":49.0,"key":"RECALL"}],"circlet_count":0,"master_deck":["AscendersBane","Strike_P+1","Strike_P+1","Defend_P+1","Eruption+1","Vigilance+1","CutThroughFate+1","Protect+1","FlyingSleeves+1","LikeWater","Conclude+1","TalkToTheHand","Protect","MentalFortress+1","Scrawl","Vengeance","Meditate","LessonLearned+1","FearNoEvil","SashWhip+1","RitualDagger+1","SignatureMove+1","EmptyFist+1","Swivel","CrushJoints+1","Vault+1","SashWhip+1","Conclude+1","BattleHymn+1","Panacea","CutThroughFate","Ragnarok","Vengeance"],"relics":["Ectoplasm","Oddly Smooth Stone","MealTicket","Tiny Chest","Runic Pyramid","Bottled Lightning","Bag of Marbles","Darkstone Periapt","Astrolabe","PreservedInsect","Matryoshka","Akabeko","Anchor"],"acts_visited":["Exordium","TheCity","TheBeyond"],"potions_floor_usage":[],"damage_taken":[{"damage":0.0,"enemies":"Jaw Worm","floor":1.0,"turns":4.0},{"damage":1.0,"enemies":"2 Louse","floor":2.0,"turns":4.0},{"damage":0.0,"enemies":"Cultist","floor":3.0,"turns":3.0},{"damage":7.0,"enemies":"3 Louse","floor":5.0,"turns":3.0},{"damage":10.0,"enemies":"3 Sentries","floor":7.0,"turns":8.0},{"damage":0.0,"enemies":"Exordium Wildlife","floor":11.0,"turns":5.0},{"damage":0.0,"enemies":"2 Fungi Beasts","floor":12.0,"turns":3.0},{"damage":11.0,"enemies":"Gremlin Nob","floor":14.0,"turns":4.0},{"damage":17.0,"enemies":"Slime Boss","floor":16.0,"turns":6.0},{"damage":3.0,"enemies":"Shell Parasite","floor":18.0,"turns":5.0},{"damage":7.0,"enemies":"3 Byrds","floor":19.0,"turns":4.0},{"damage":0.0,"enemies":"Snecko","floor":22.0,"turns":4.0},{"damage":28.0,"enemies":"Book of Stabbing","floor":24.0,"turns":5.0},{"damage":15.0,"enemies":"Shelled Parasite and Fungi","floor":25.0,"turns":6.0},{"damage":7.0,"enemies":"Centurion and Healer","floor":27.0,"turns":6.0},{"damage":4.0,"enemies":"Snake Plant","floor":28.0,"turns":4.0},{"damage":8.0,"enemies":"Gremlin Leader","floor":31.0,"turns":3.0},{"damage":2.0,"enemies":"Automaton","floor":33.0,"turns":10.0},{"damage":20.0,"enemies":"3 Shapes","floor":35.0,"turns":6.0},{"damage":15.0,"enemies":"Orb Walker","floor":38.0,"turns":4.0},{"damage":0.0,"enemies":"Nemesis","floor":40.0,"turns":1.0},{"damage":0.0,"enemies":"Transient","floor":42.0,"turns":7.0},{"damage":2.0,"enemies":"Sphere and 2 Shapes","floor":44.0,"turns":5.0},{"damage":0.0,"enemies":"Jaw Worm Horde","floor":45.0,"turns":2.0},{"damage":27.0,"enemies":"4 Shapes","floor":46.0,"turns":6.0},{"damage":38.0,"enemies":"Giant Head","floor":48.0,"turns":7.0},{"damage":30,"enemies":"Awakened One","floor":50,"turns":2}],"seed_played":"-2576280414932847934","potions_obtained":[{"floor":1.0,"key":"ColorlessPotion"},{"floor":2.0,"key":"ColorlessPotion"},{"floor":3.0,"key":"SkillPotion"},{"floor":12.0,"key":"Dexterity Potion"},{"floor":16.0,"key":"LiquidBronze"},{"floor":25.0,"key":"SneckoOil"},{"floor":40.0,"key":"Block Potion"},{"floor":42.0,"key":"EssenceOfSteel"},{"floor":45.0,"key":"Energy Potion"}],"is_trial":false,"path_per_floor":["M","M","M","?","M","R","E","R","T","$","M","M","?","E","R","B",null,"M","M","$","?","M","R","E","M","T","M","M","?","R","E","R","B",null,"M","?","T","M","?","E","R","M","T","M","M","M","R","E","R","B"],"character_chosen":"WATCHER","items_purchased":["TalkToTheHand"],"campfire_rested":3,"item_purchase_floors":[10],"current_hp_per_floor":[61,60,60,60,53,53,43,43,43,58,58,58,58,47,47,30,59,56,49,64,58,58,58,30,15,15,8,4,4,24,16,36,34,60,40,40,40,25,68,68,68,68,68,66,66,39,59,21,21,0,0],"gold":19,"neow_bonus":"BOSS_RELIC","is_daily":false,"chose_seed":false,"campfire_upgraded":5,"win_rate":0.0,"timestamp":1613274778,"path_taken":["M","M","M","?","M","R","E","R","T","$","M","M","?","E","R","BOSS","M","M","$","?","M","R","E","M","T","M","M","?","R","E","R","BOSS","M","?","?","M","?","E","R","M","T","M","M","?","R","E","R","BOSS"],"items_purchased_type":["Card"],"build_version":"2020-12-22","purchased_purges":0,"victory":false,"max_hp_per_floor":[68,68,68,68,68,68,68,68,68,68,68,68,68,68,68,68,68,68,68,68,68,68,68,68,68,68,68,68,68,68,68,68,68,68,68,68,68,68,68,68,68,68,68,68,68,68,68,68,68,68,68],"relic_stats":{"Darkstone Periapt":0,"counters":[27,127],"Astrolabe":["SashWhip","Conclude","BattleHymn"],"MealTicket":30,"Tiny Chest":1,"Ectoplasm":668,"PreservedInsect":180,"obtain_stats":[{"Darkstone Periapt":31,"Astrolabe":34,"Oddly Smooth Stone":7,"PreservedInsect":37,"Akabeko":43,"Anchor":48,"Matryoshka":40,"MealTicket":9,"Tiny Chest":14,"Ectoplasm":0,"Bag of Marbles":26,"Bottled Lightning":24,"PureWater":0,"Runic Pyramid":17},{"Darkstone Periapt":17,"Astrolabe":18,"Oddly Smooth Stone":5,"PreservedInsect":19,"Akabeko":22,"Anchor":26,"Matryoshka":21,"MealTicket":5,"Tiny Chest":8,"Ectoplasm":0,"Bag of Marbles":14,"Bottled Lightning":13,"PureWater":0,"Runic Pyramid":9},{"Darkstone Periapt":77,"Astrolabe":87,"Oddly Smooth Stone":22,"PreservedInsect":93,"Akabeko":105,"Anchor":125,"Matryoshka":98,"MealTicket":22,"Tiny Chest":34,"Ectoplasm":0,"Bag of Marbles":64,"Bottled Lightning":58,"PureWater":0,"Runic Pyramid":40}]},"card_choices":[{"not_picked":["Perseverance","ThirdEye"],"picked":"CutThroughFate","floor":1.0},{"not_picked":["SashWhip","Nirvana"],"picked":"Protect","floor":2.0},{"not_picked":["MasterReality","PathToVictory"],"picked":"FlyingSleeves","floor":3.0},{"not_picked":["Crescendo","Evaluate"],"picked":"LikeWater","floor":5.0},{"not_picked":["FlyingSleeves","MentalFortress"],"picked":"Conclude","floor":7.0},{"not_picked":["EmptyFist","Evaluate"],"picked":"Protect","floor":11.0},{"not_picked":["JustLucky","WheelKick"],"picked":"MentalFortress","floor":12.0},{"not_picked":["Worship","FollowUp"],"picked":"Meditate","floor":14.0},{"not_picked":["Judgement","Establishment"],"picked":"LessonLearned","floor":16.0},{"not_picked":["Worship+1","BowlingBash"],"picked":"FearNoEvil","floor":18.0},{"not_picked":["Crescendo+1","Protect+1"],"picked":"SashWhip+1","floor":19.0},{"not_picked":["PathToVictory","Halt","InnerPeace"],"picked":"SKIP","floor":22.0},{"not_picked":["Prostrate","WindmillStrike","WheelKick"],"picked":"SKIP","floor":24.0},{"not_picked":["BowlingBash","ClearTheMind"],"picked":"SignatureMove+1","floor":25.0},{"not_picked":["SashWhip","SandsOfTime"],"picked":"EmptyFist","floor":27.0},{"not_picked":["Nirvana","Protect","FlyingSleeves"],"picked":"SKIP","floor":28.0},{"not_picked":["Devotion","SashWhip"],"picked":"CrushJoints","floor":31.0},{"not_picked":["Blasphemy","Alpha"],"picked":"Vault","floor":33.0},{"not_picked":["Crescendo","EmptyBody","BowlingBash+1"],"picked":"SKIP","floor":35.0},{"not_picked":["Impatience","Thinking Ahead"],"picked":"Panacea","floor":36.0},{"not_picked":["SashWhip","Consecrate","ThirdEye"],"picked":"SKIP","floor":38.0},{"not_picked":["Protect","DeceiveReality"],"picked":"CutThroughFate","floor":40.0},{"not_picked":["Nirvana","EmptyBody","Halt"],"picked":"SKIP","floor":42.0},{"not_picked":["PathToVictory","Sanctity","Halt"],"picked":"SKIP","floor":44.0},{"not_picked":["WindmillStrike","EmptyBody"],"picked":"Ragnarok","floor":45.0},{"not_picked":["DeceiveReality+1","EmptyBody"],"picked":"Vengeance","floor":46.0},{"not_picked":["Study+1","Evaluate","ClearTheMind"],"picked":"SKIP","floor":48.0}],"player_experience":3289316,"relics_obtained":[{"floor":7.0,"key":"Oddly Smooth Stone"},{"floor":9.0,"key":"MealTicket"},{"floor":14.0,"key":"Tiny Chest"},{"floor":24.0,"key":"Bottled Lightning"},{"floor":26.0,"key":"Bag of Marbles"},{"floor":31.0,"key":"Darkstone Periapt"},{"floor":37.0,"key":"PreservedInsect"},{"floor":40.0,"key":"Matryoshka"},{"floor":43.0,"key":"Akabeko"},{"floor":48.0,"key":"Anchor"}],"event_choices":[{"damage_healed":0.0,"max_hp_gain":0.0,"max_hp_loss":0.0,"gold_gain":0.0,"event_name":"Living Wall","player_choice":"Grow","floor":4.0,"gold_loss":0.0,"damage_taken":0.0,"cards_upgraded":["CutThroughFate"]},{"damage_healed":0.0,"max_hp_gain":0.0,"max_hp_loss":0.0,"gold_gain":0.0,"event_name":"Match and Keep!","player_choice":"2 cards matched","floor":13.0,"gold_loss":0.0,"damage_taken":0.0,"cards_obtained":["Scrawl","Vengeance"]},{"damage_healed":0.0,"max_hp_gain":0.0,"max_hp_loss":0.0,"gold_gain":0.0,"event_name":"Nest","player_choice":"Joined the Cult","floor":21.0,"gold_loss":0.0,"damage_taken":6.0,"cards_obtained":["RitualDagger"]},{"damage_healed":0.0,"max_hp_gain":0.0,"max_hp_loss":0.0,"gold_gain":0.0,"cards_transformed":["Strike_P","Defend_P"],"event_name":"Drug Dealer","player_choice":"Became Test Subject","floor":29.0,"gold_loss":0.0,"damage_taken":0.0,"cards_obtained":["WreathOfFlame","Swivel"]},{"damage_healed":0.0,"max_hp_gain":0.0,"max_hp_loss":0.0,"gold_gain":0.0,"event_name":"SensoryStone","player_choice":"Memory 1","floor":36.0,"gold_loss":0.0,"damage_taken":0.0},{"cards_removed":["WreathOfFlame"],"damage_healed":43.0,"max_hp_gain":0.0,"max_hp_loss":0.0,"gold_gain":0.0,"event_name":"Bonfire Elementals","player_choice":"Offered Uncommon","floor":39.0,"gold_loss":0.0,"damage_taken":0.0}],"is_beta":false,"boss_relics":[{"not_picked":["Tiny House","Sozu"],"picked":"Runic Pyramid"},{"not_picked":["Black Star","Empty Cage"],"picked":"Astrolabe"}],"items_purged_floors":[],"is_endless":false,"potions_floor_spawned":[1,2,3,12,16,18,19,25,40,42,45],"killed_by":"Awakened One","ascension_level":20}}