{"host":"z8k0b1oqxoiri7b9","time":1613298700,"event":{"mods":["AchievementEnabler","BaseMod","Downfall","Minty Spire (QoL Compilation)","Quick Restart","StSLib"],"gold_per_floor":[349,369,382,402,402,415,415,435,435,452,467,486,396,409,419,419,419,419],"floor_reached":16,"language":"ENG","playtime":3088,"items_purged":["downfall:Bewildered"],"score":105,"play_id":"e8c4eda0-84d1-4930-b3e3-52e0eef1daf9","local_time":"20210214183140","is_ascension_mode":true,"campfire_choices":[{"data":"sneckomod:TailWhip","floor":1.0,"key":"SMITH"}],"circlet_count":0,"master_deck":["sneckomod:Strike","sneckomod:Defend","sneckomod:Defend","sneckomod:TailWhip+1","sneckomod:SnekBite","sneckomod:Unknown","sneckomod:Unknown","sneckomod:SoulRoll","sneckomod:Unknown","sneckomod:SoulRoll"],"relics":["sneckomod:SneckoSoul","Peace Pipe"],"acts_visited":["Exordium"],"potions_floor_usage":[12,13,15,15,15,16],"damage_taken":[{"damage":5.0,"enemies":"Small Slimes","floor":2.0,"turns":4.0},{"damage":1.0,"enemies":"Cultist","floor":3.0,"turns":3.0},{"damage":0.0,"enemies":"Jaw Worm","floor":4.0,"turns":4.0},{"damage":22.0,"enemies":"Red Slaver","floor":6.0,"turns":4.0},{"damage":3.0,"enemies":"Gremlin Gang","floor":8.0,"turns":4.0},{"damage":25.0,"enemies":"Lots of Slimes","floor":10.0,"turns":7.0},{"damage":7.0,"enemies":"downfall:LooterAlt","floor":11.0,"turns":6.0},{"damage":9,"enemies":"Large Slime","floor":12,"turns":6},{"damage":0,"enemies":"downfall:FleeingMerchant","floor":13,"turns":4},{"damage":4,"enemies":"Blue Slaver","floor":14,"turns":2},{"damage":0,"enemies":"2 Fungi Beasts","floor":15,"turns":2},{"damage":36,"enemies":"IC_STATUS_ARCHETYPE","floor":16,"turns":4}],"seed_played":"2029428065529723750","potions_obtained":[{"floor":2.0,"key":"Strength Potion"},{"floor":8.0,"key":"DistilledChaos"},{"floor":10.0,"key":"Explosive Potion"},{"floor":14,"key":"EntropicBrew"},{"floor":15,"key":"Strength Potion"}],"is_trial":false,"path_per_floor":["R","M","M","M","?","M","T","M","?","M","M","M","$","M","M","B"],"character_chosen":"THE_SNECKO","items_purchased":[],"campfire_rested":0,"item_purchase_floors":[],"current_hp_per_floor":[81,76,75,75,75,53,53,50,50,25,18,9,9,5,5,0,0,0],"gold":419,"neow_bonus":"TWO_FIFTY_GOLD","is_daily":false,"chose_seed":false,"campfire_upgraded":1,"win_rate":0.0,"timestamp":1613298700,"path_taken":["R","M","M","M","?","?","T","M","?","M","?","M","$","M","M","BOSS"],"items_purchased_type":[],"build_version":"2020-12-22","purchased_purges":1,"victory":false,"max_hp_per_floor":[81,81,81,81,81,81,81,81,81,81,81,81,81,81,81,81,81,81],"card_choices":[{"not_picked":["sneckomod:UnknownStrength","sneckomod:QuickMove","sneckomod:UnknownColorless"],"picked":"SKIP","floor":2.0},{"not_picked":["sneckomod:IronFang","sneckomod:MixItUp","sneckomod:Unknown1Cost"],"picked":"SKIP","floor":3.0},{"not_picked":["sneckomod:DiceBoulder","sneckomod:DiceCrush"],"picked":"sneckomod:SoulRoll","floor":4.0},{"not_picked":["sneckomod:Nope","sneckomod:TrashToTreasure","sneckomod:SlitherStrike"],"picked":"SKIP","floor":6.0},{"not_picked":["sneckomod:RainOfDice","sneckomod:UnknownClassSLIMEBOUND","sneckomod:UnknownClassGREEN"],"picked":"SKIP","floor":8.0},{"not_picked":["sneckomod:QuickBite","sneckomod:UnknownClassGREEN","sneckomod:UnknownRarePower"],"picked":"SKIP","floor":10.0},{"not_picked":["sneckomod:Rotation","sneckomod:UnknownCommonAttack","sneckomod:UnknownClassBLUE"],"picked":"SKIP","floor":11.0},{"not_picked":["sneckomod:UnknownColorless","sneckomod:DiceBoulder","sneckomod:UnknownStrength"],"picked":"SKIP","floor":12},{"not_picked":["sneckomod:UnknownStrength","sneckomod:UnknownClassRED","sneckomod:SnakeSap"],"picked":"SKIP","floor":13},{"not_picked":["sneckomod:UnknownClassBLUE","sneckomod:UnknownBlock","sneckomod:IronFang"],"picked":"SKIP","floor":14},{"not_picked":["sneckomod:Unknown1Cost","sneckomod:SoulDraw"],"picked":"sneckomod:SoulRoll","floor":15}],"player_experience":244053,"relics_obtained":[{"floor":7.0,"key":"Peace Pipe"}],"event_choices":[],"is_beta":false,"boss_relics":[],"items_purged_floors":[13],"is_endless":false,"potions_floor_spawned":[2,8,10,11,14,15],"killed_by":"IC_STATUS_ARCHETYPE","ascension_level":1}}