{"host":"g907ck67u7c3hrs6","time":1613287357,"event":{"mods":["BaseMod","Colored Map","DeckTracker","Force Act Four","Highlight Path","Keyboard Shortcuts","Minty Spire (QoL Compilation)","Permanent Neow","Say the Spire","SuperFastMode"],"gold_per_floor":[118,138,151,170,181,214,214,243,266,295,132,162,187,222,222,300,300,319,338,202,219,239,266,266,292,292,321,350,376,410,421,421,500,500,513,530,547,558,435,465,495,520,520,555,585,618,631,156,156,156,156,156,156,62,95,95],"floor_reached":57,"language":"KOR","playtime":2496,"items_purged":["Regret","Writhe","Gash"],"score":4125,"play_id":"27cb2d62-d6ec-4c68-92ae-3f884ba694bb","local_time":"20210214162237","daily_mods":["SealedDeck","Heirloom","Time Dilation","Flight","DeadlyEvents","Cursed Run","Elite Swarm"],"is_ascension_mode":true,"campfire_choices":[{"data":"Storm","floor":7,"key":"SMITH"},{"data":"Defragment","floor":15,"key":"SMITH"},{"data":"Amplify","floor":24,"key":"SMITH"},{"data":"Seek","floor":32,"key":"SMITH"},{"floor":49,"key":"RECALL"},{"data":"Double Energy","floor":53,"key":"SMITH"}],"circlet_count":0,"master_deck":["AscendersBane","Tempest","Leap","Loop","Coolheaded","Leap","Ball Lightning","Storm+1","Defragment+1","Double Energy","Turbo","Force Field","Double Energy","Fusion","Echo Form","Core Surge+1","Amplify+1","Self Repair","Seek","Reboot","Core Surge+1","Buffer","Double Energy+1","Self Repair","Biased Cognition","Creative AI","Reboot","Seek+1","Buffer","Echo Form","Buffer","Skim","Biased Cognition","Capacitor+1","Reboot","Electrodynamics","Buffer","Seek","Injury","Reboot","Echo Form","Seek+1","Heatsinks","Storm","Defragment","Heatsinks","Pain","Shame","Double Energy+1","Heatsinks","Skim+1","Buffer","Parasite"],"relics":["Cursed Key","Darkstone Periapt","Du-Vu Doll","Mango","Molten Egg 2","Anchor","Potion Belt","Oddly Smooth Stone","Lantern","Meat on the Bone","Pen Nib","Black Star","Toy Ornithopter","Nunchaku","InkBottle","Bottled Tornado","Dead Branch","Gremlin Horn","White Beast Statue","Turnip","Blue Candle","PreservedInsect","The Courier","Ornamental Fan","Empty Cage","MealTicket","Dream Catcher","Akabeko","Vajra","Lizard Tail","Symbiotic Virus","Boot","Blood Vial","Toxic Egg 2","Orichalcum","Art of War","HornCleat","Membership Card","Bag of Preparation","Ice Cream","Sundial","Eternal Feather"],"acts_visited":["Exordium","TheCity","TheBeyond","TheEnding"],"potions_floor_usage":[16,27,29,41,50,56,56,56],"damage_taken":[{"damage":3,"enemies":"Jaw Worm","floor":1,"turns":2},{"damage":0,"enemies":"2 Louse","floor":2,"turns":2},{"damage":0,"enemies":"Small Slimes","floor":3,"turns":2},{"damage":0,"enemies":"2 Fungi Beasts","floor":4,"turns":2},{"damage":14,"enemies":"Red Slaver","floor":5,"turns":3},{"damage":8,"enemies":"Lagavulin","floor":6,"turns":5},{"damage":2,"enemies":"Gremlin Nob","floor":8,"turns":3},{"damage":17,"enemies":"Lagavulin","floor":10,"turns":5},{"damage":0,"enemies":"3 Sentries","floor":12,"turns":4},{"damage":15,"enemies":"Gremlin Nob","floor":13,"turns":4},{"damage":0,"enemies":"Lagavulin","floor":14,"turns":4},{"damage":44,"enemies":"Hexaghost","floor":16,"turns":6},{"damage":11,"enemies":"Shell Parasite","floor":18,"turns":2},{"damage":19,"enemies":"2 Thieves","floor":19,"turns":4},{"damage":0,"enemies":"Sentry and Sphere","floor":21,"turns":4},{"damage":0,"enemies":"Cultist and Chosen","floor":22,"turns":4},{"damage":21,"enemies":"Book of Stabbing","floor":23,"turns":4},{"damage":12,"enemies":"Gremlin Leader","floor":25,"turns":3},{"damage":43,"enemies":"Slavers","floor":27,"turns":4},{"damage":11,"enemies":"Book of Stabbing","floor":28,"turns":4},{"damage":18,"enemies":"Gremlin Leader","floor":29,"turns":3},{"damage":0,"enemies":"Slavers","floor":30,"turns":2},{"damage":13,"enemies":"Centurion and Healer","floor":31,"turns":4},{"damage":1,"enemies":"Champ","floor":33,"turns":2},{"damage":1,"enemies":"3 Shapes","floor":35,"turns":2},{"damage":0,"enemies":"3 Darklings","floor":36,"turns":1},{"damage":0,"enemies":"4 Shapes","floor":37,"turns":4},{"damage":0,"enemies":"Transient","floor":38,"turns":6},{"damage":11,"enemies":"Nemesis","floor":40,"turns":3},{"damage":8,"enemies":"Reptomancer","floor":41,"turns":3},{"damage":0,"enemies":"Giant Head","floor":42,"turns":2},{"damage":17,"enemies":"Reptomancer","floor":44,"turns":2},{"damage":0,"enemies":"Nemesis","floor":45,"turns":3},{"damage":0,"enemies":"Giant Head","floor":46,"turns":3},{"damage":0,"enemies":"Maw","floor":47,"turns":5},{"damage":0,"enemies":"Awakened One","floor":50,"turns":4},{"damage":29,"enemies":"Time Eater","floor":51,"turns":4},{"damage":2,"enemies":"Shield and Spear","floor":55,"turns":3},{"damage":119,"enemies":"The Heart","floor":56,"turns":5}],"seed_played":"4967859765973308458","potions_obtained":[{"floor":3,"key":"PotionOfCapacity"},{"floor":5,"key":"Fire Potion"},{"floor":12,"key":"AttackPotion"},{"floor":13,"key":"PowerPotion"},{"floor":21,"key":"Regen Potion"},{"floor":29,"key":"BlessingOfTheForge"},{"floor":30,"key":"SkillPotion"},{"floor":31,"key":"Swift Potion"},{"floor":35,"key":"DuplicationPotion"},{"floor":41,"key":"EssenceOfDarkness"},{"floor":55,"key":"Energy Potion"}],"is_trial":true,"path_per_floor":["M","M","M","M","M","E","R","E","T","E","$","E","E","E","R","B",null,"M","M","$","M","M","E","R","E","T","E","E","E","E","M","R","B",null,"M","M","M","M","$","E","E","E","T","E","E","E","M","$","R","B","B",null,"R","$","E","B",null],"character_chosen":"DEFECT","items_purchased":["Self Repair","Self Repair","Reboot","Membership Card","Bag of Preparation","Ice Cream","Storm","Defragment","Heatsinks","Double Energy+1","Heatsinks","Skim+1"],"campfire_rested":0,"item_purchase_floors":[11,20,39,48,48,48,48,48,48,54,54,54],"current_hp_per_floor":[75,75,75,75,61,53,53,51,57,40,40,54,46,60,60,41,83,72,60,60,74,88,81,81,69,75,75,85,93,93,87,87,99,107,109,109,109,109,109,109,109,109,115,112,114,115,115,115,115,121,112,123,123,127,125,36],"gold":95,"neow_bonus":"","is_daily":false,"chose_seed":false,"campfire_upgraded":5,"win_rate":0.0,"timestamp":1613287357,"path_taken":["M","M","M","M","M","E","R","E","T","E","$","E","E","E","R","BOSS","M","M","$","M","M","E","R","E","T","E","E","E","E","M","R","BOSS","M","M","M","M","$","E","E","E","T","E","E","E","M","$","R","BOSS","BOSS","R","$","E","BOSS"],"items_purchased_type":["Card","Card","Card","Relic","Relic","Relic","Card","Card","Card","Card","Card","Card"],"build_version":"2020-12-22","purchased_purges":3,"victory":true,"max_hp_per_floor":[85,85,85,85,85,85,85,85,91,91,91,91,91,91,91,97,97,97,97,97,97,97,97,97,97,103,103,103,103,103,103,103,109,109,109,109,109,109,109,109,109,109,115,115,115,115,115,115,115,121,127,127,127,127,127,133],"card_choices":[{"not_picked":["Steam","Hologram"],"picked":"Turbo","floor":1},{"not_picked":["Ball Lightning","Rebound"],"picked":"Force Field","floor":2},{"not_picked":["Streamline","Chaos"],"picked":"Double Energy","floor":3},{"not_picked":["Chill","FTL"],"picked":"Fusion","floor":4},{"not_picked":["Genetic Algorithm","Sunder","Beam Cell"],"picked":"SKIP","floor":5},{"not_picked":["Fission","Creative AI"],"picked":"Echo Form","floor":6},{"not_picked":["Fission","Creative AI"],"picked":"Core Surge+1","floor":8},{"not_picked":["Machine Learning","Hyperbeam+1"],"picked":"Amplify","floor":10},{"not_picked":["Hyperbeam+1","Rainbow"],"picked":"Seek","floor":12},{"not_picked":["Core Surge+1","Meteor Strike+1"],"picked":"Reboot","floor":13},{"not_picked":["Amplify","Reboot"],"picked":"Core Surge+1","floor":14},{"not_picked":["Biased Cognition","Meteor Strike+1"],"picked":"Buffer","floor":16},{"not_picked":["Redo","Rebound+1"],"picked":"Double Energy","floor":18},{"not_picked":["Force Field","Barrage+1","Go for the Eyes+1"],"picked":"SKIP","floor":19},{"not_picked":["Stack","Doom and Gloom+1"],"picked":"Biased Cognition","floor":21},{"not_picked":["Go for the Eyes+1","Hologram","Sweeping Beam+1"],"picked":"SKIP","floor":22},{"not_picked":["Core Surge+1","Biased Cognition"],"picked":"Creative AI","floor":23},{"not_picked":["Rainbow","Meteor Strike+1"],"picked":"Reboot","floor":25},{"not_picked":["Rainbow","Amplify"],"picked":"Seek","floor":27},{"not_picked":["Rainbow","Creative AI"],"picked":"Buffer","floor":28},{"not_picked":["Meteor Strike+1","Thunder Strike+1"],"picked":"Echo Form","floor":29},{"not_picked":["All For One+1","Creative AI"],"picked":"Buffer","floor":30},{"not_picked":["Stack","Force Field+1"],"picked":"Skim","floor":31},{"not_picked":["Rainbow","Meteor Strike+1"],"picked":"Biased Cognition","floor":33},{"not_picked":["Steam","FTL+1","Stack"],"picked":"SKIP","floor":35},{"not_picked":["Redo","Scrape+1","Genetic Algorithm"],"picked":"SKIP","floor":36},{"not_picked":["Cold Snap+1","Compile Driver+1","Go for the Eyes+1"],"picked":"SKIP","floor":37},{"not_picked":["Streamline+1","Blizzard+1"],"picked":"Capacitor+1","floor":38},{"not_picked":["Amplify","Seek"],"picked":"Electrodynamics","floor":40},{"not_picked":["Rainbow","Thunder Strike+1"],"picked":"Buffer","floor":41},{"not_picked":["Echo Form","Rainbow"],"picked":"Seek","floor":42},{"not_picked":["Amplify","Hyperbeam+1"],"picked":"Reboot","floor":44},{"not_picked":["Thunder Strike+1","Amplify+1"],"picked":"Echo Form","floor":45},{"not_picked":["Core Surge+1","Fission+1"],"picked":"Seek+1","floor":46},{"not_picked":["Beam Cell+1","Rebound+1"],"picked":"Heatsinks","floor":47},{"not_picked":["Multi-Cast+1","Meteor Strike+1"],"picked":"Buffer","floor":55}],"player_experience":303465,"relics_obtained":[{"floor":6,"key":"Molten Egg 2"},{"floor":8,"key":"Anchor"},{"floor":9,"key":"Potion Belt"},{"floor":10,"key":"Oddly Smooth Stone"},{"floor":12,"key":"Lantern"},{"floor":13,"key":"Meat on the Bone"},{"floor":14,"key":"Pen Nib"},{"floor":23,"key":"Toy Ornithopter"},{"floor":23,"key":"Nunchaku"},{"floor":25,"key":"InkBottle"},{"floor":25,"key":"Bottled Tornado"},{"floor":27,"key":"Dead Branch"},{"floor":27,"key":"Gremlin Horn"},{"floor":28,"key":"White Beast Statue"},{"floor":28,"key":"Turnip"},{"floor":29,"key":"Blue Candle"},{"floor":29,"key":"PreservedInsect"},{"floor":30,"key":"The Courier"},{"floor":30,"key":"Ornamental Fan"},{"floor":40,"key":"MealTicket"},{"floor":40,"key":"Dream Catcher"},{"floor":41,"key":"Akabeko"},{"floor":42,"key":"Vajra"},{"floor":42,"key":"Lizard Tail"},{"floor":43,"key":"Symbiotic Virus"},{"floor":44,"key":"Boot"},{"floor":44,"key":"Blood Vial"},{"floor":45,"key":"Toxic Egg 2"},{"floor":45,"key":"Orichalcum"},{"floor":46,"key":"Art of War"},{"floor":46,"key":"HornCleat"},{"floor":55,"key":"Sundial"},{"floor":55,"key":"Eternal Feather"}],"event_choices":[],"is_beta":false,"boss_relics":[{"not_picked":["Inserter","Runic Pyramid"],"picked":"Black Star"},{"not_picked":["Tiny House","Calling Bell"],"picked":"Empty Cage"}],"items_purged_floors":[11,20,48],"is_endless":false,"potions_floor_spawned":[3,5,8,12,13,14,21,22,23,25,29,30,31,33,35,36,37,38,40,41,42,44,45,46,47,55],"ascension_level":20}}