{"host":"rmt60uil2jppa14k","time":1613312960,"event":{"mods":["AchievementEnabler","BaseMod","Better Third Choice","Colored Powertips","Downfall","Highlight Path","Minty Spire (QoL Compilation)","Quick Restart","Rare Cards Sparkle","Shop Mod","StSLib"],"gold_per_floor":[119,134,11,11,24,24,24,24,96,107,107,122,137,137,137,240,240,260,280,195,195,45,45,57,69,92,92,92,108,108,158,158,158,158],"floor_reached":33,"language":"ENG","playtime":1079,"items_purged":[],"score":262,"play_id":"9887b68d-5df2-46e1-bf41-a34689c39f6a","local_time":"20210214142920","is_ascension_mode":false,"campfire_choices":[{"data":"Redo","floor":7.0,"key":"SMITH"},{"floor":15.0,"key":"REST"},{"floor":23,"key":"REST"},{"floor":28,"key":"REST"},{"floor":30,"key":"REST"},{"floor":32,"key":"REST"}],"circlet_count":0,"master_deck":["Defend_B","Defend_B","Defend_B","Defend_B","Zap+1","Dualcast+1","Turbo+1","Redo+1","Storm","Conserve Battery+1","Barrage","Rip and Tear","Heatsinks","Reinforced Body+1","Buffer","Loop","Stack+1","Loop","BootSequence+1","Ball Lightning","Conserve Battery+1","Bite","Bite","Bite","Bite","Bite","Coolheaded+1"],"relics":["Cracked Core","Toxic Egg 2","SlaversCollar","Nloth\u0027s Gift","War Paint"],"acts_visited":["Exordium","TheCity"],"potions_floor_usage":[25,33],"damage_taken":[{"damage":6.0,"enemies":"Cultist","floor":1.0,"turns":3.0},{"damage":0.0,"enemies":"Small Slimes","floor":2.0,"turns":2.0},{"damage":2.0,"enemies":"Jaw Worm","floor":5.0,"turns":3.0},{"damage":0.0,"enemies":"Exordium Thugs","floor":10.0,"turns":4.0},{"damage":0.0,"enemies":"3 Louse","floor":12.0,"turns":4.0},{"damage":16.0,"enemies":"Gremlin Gang","floor":13.0,"turns":4.0},{"damage":46.0,"enemies":"The Guardian","floor":16.0,"turns":10.0},{"damage":5,"enemies":"Chosen","floor":18,"turns":5},{"damage":35,"enemies":"3 Byrds","floor":19,"turns":5},{"damage":26,"enemies":"Snake Plant","floor":24,"turns":5},{"damage":8,"enemies":"Chosen and Byrds","floor":25,"turns":5},{"damage":25,"enemies":"Snecko","floor":29,"turns":8},{"damage":102,"enemies":"Automaton","floor":33,"turns":12}],"seed_played":"-459245590102853007","potions_obtained":[{"floor":5.0,"key":"DistilledChaos"},{"floor":10.0,"key":"hexamod:SoulburnPotion"},{"floor":12.0,"key":"hexamod:SoulburnPotion"},{"floor":19,"key":"Explosive Potion"},{"floor":25,"key":"Dexterity Potion"}],"is_trial":false,"path_per_floor":["M","M","$","$","M","$","R","$","T","M","?","M","M","T","R","B",null,"M","M","?","?","$","R","M","M","T","?","R","M","R","?","R","B"],"character_chosen":"DEFECT","items_purchased":["Storm","Conserve Battery","Loop","BootSequence+1"],"campfire_rested":5,"item_purchase_floors":[3,3,22,22],"current_hp_per_floor":[69,69,69,69,67,67,67,67,67,67,67,67,51,51,73,27,75,70,35,35,35,35,57,33,27,27,27,49,34,56,56,75,0,0],"gold":158,"neow_bonus":"UPGRADE_CARD","is_daily":false,"chose_seed":false,"campfire_upgraded":1,"win_rate":0.0,"timestamp":1613312960,"path_taken":["M","?","?","$","M","$","R","?","T","M","?","M","?","?","R","BOSS","M","M","?","?","$","R","?","M","T","?","R","M","R","?","R","BOSS"],"items_purchased_type":["Card","Card","Card","Card"],"build_version":"2020-12-22","purchased_purges":0,"victory":false,"max_hp_per_floor":[75,75,75,75,75,75,75,75,75,75,75,75,75,75,75,75,75,75,75,75,75,75,75,75,75,75,75,75,75,75,75,75,75,75],"card_choices":[{"not_picked":["Compile Driver","Lockon"],"picked":"Turbo","floor":1.0},{"not_picked":["Conserve Battery","Gash"],"picked":"Redo","floor":2.0},{"not_picked":["Turbo","Undo"],"picked":"Barrage","floor":5.0},{"not_picked":["Streamline","Gash"],"picked":"Rip and Tear","floor":10.0},{"not_picked":["Streamline","Doom and Gloom"],"picked":"Heatsinks","floor":12.0},{"not_picked":["Turbo+1","Hologram+1"],"picked":"Reinforced Body+1","floor":13.0},{"not_picked":["Thunder Strike","Core Surge"],"picked":"Buffer","floor":16.0},{"not_picked":["Coolheaded+1","Darkness+1"],"picked":"Loop","floor":18},{"not_picked":["White Noise+1","Steam+1"],"picked":"Stack+1","floor":19},{"not_picked":["Glacier+1","Auto Shields+1"],"picked":"Ball Lightning","floor":24},{"not_picked":["Ball Lightning","Steam+1"],"picked":"Conserve Battery+1","floor":25},{"not_picked":["Fission+1","Glacier+1"],"picked":"Coolheaded+1","floor":29}],"player_experience":203853,"relics_obtained":[{"floor":9.0,"key":"Toxic Egg 2"},{"floor":14.0,"key":"Sundial"},{"floor":26,"key":"War Paint"}],"event_choices":[{"damage_healed":0.0,"max_hp_gain":0.0,"max_hp_loss":0.0,"gold_gain":0.0,"event_name":"Accursed Blacksmith","player_choice":"Forge","floor":11.0,"gold_loss":0.0,"damage_taken":0.0,"cards_upgraded":["Conserve Battery"]},{"damage_healed":0,"gold_gain":0,"player_choice":"Obtained Relic","damage_taken":0,"relics_obtained":["Blood Vial"],"max_hp_gain":0,"max_hp_loss":0,"event_name":"Addict","floor":20,"gold_loss":85},{"damage_healed":0,"gold_gain":0,"player_choice":"Traded Relic","damage_taken":0,"relics_obtained":["Nloth\u0027s Gift"],"max_hp_gain":0,"max_hp_loss":0,"event_name":"N\u0027loth","floor":21,"relics_lost":["Sundial"],"gold_loss":0},{"damage_healed":0,"gold_gain":0,"player_choice":"Became a vampire (Vial)","damage_taken":0,"max_hp_gain":0,"max_hp_loss":0,"event_name":"Vampires","floor":27,"relics_lost":["Blood Vial"],"gold_loss":0,"cards_obtained":["Bite","Bite","Bite","Bite","Bite"]},{"damage_healed":0,"gold_gain":100,"player_choice":"Bet on Murderer","damage_taken":0,"max_hp_gain":0,"max_hp_loss":0,"event_name":"The Joust","floor":31,"gold_loss":50}],"is_beta":false,"boss_relics":[{"not_picked":["Pandora\u0027s Box","Velvet Choker"],"picked":"SlaversCollar"}],"items_purged_floors":[],"is_endless":false,"potions_floor_spawned":[5,10,12,19,25],"killed_by":"Automaton","ascension_level":0}}