{"host":"bp3tm7tvk8nf4kb2","time":1613275115,"event":{"mods":["2.2 Compatiblity","AchievementEnabler","BaseMod","Bestiary","Better Match","Better Third Choice","BetterRewards","Colored Map","Colored Powertips","Curses Come First","DeckTracker","Downfall","Duelist Mod","Friendly Minions","Googly Eyes","Halation","Highlight Path","Marisa????????","Minty Spire (QoL Compilation)","Morshu Shopkeeper - ENHANCED","Permanent Neow","Quick Restart","Rare Cards Sparkle","Reorder Act Four","Replay The Spire","Shop Mod","Spicy Shops","StSLib","The Animator","TheBandit","Waifu the Spire","Wide Potions","everything is the same but u backflip on backflip"],"gold_per_floor":[111,121,137,137,64,64,64,64,64,80,80,97,97,115,115,115,115],"floor_reached":16,"language":"ENG","playtime":643,"items_purged":[],"score":142,"play_id":"aea6e3a7-7ab9-49a5-a258-2edf26184c5c","local_time":"20210213195835","is_ascension_mode":false,"campfire_choices":[{"data":"Zap","floor":6,"key":"SMITH"},{"floor":15,"key":"DIG"}],"circlet_count":0,"master_deck":["Strike_B","Strike_B","Strike_B","Defend_B","Defend_B","Defend_B","Zap+1","Dualcast","ReplayTheSpireMod:GoodbyeWorld","BasicCrystalCard","BasicCrystalCard","Redo","Compile Driver","BasicCrystalCard","Defragment"],"relics":["Cracked Core","halation:Convergence","halation:EternalFortune","halation:PinkSoulGem","Bottled Tornado"],"acts_visited":["Exordium"],"potions_floor_usage":[12,12,16,16],"damage_taken":[{"damage":2,"enemies":"Small Slimes","floor":1,"turns":3},{"damage":1,"enemies":"2 Louse","floor":2,"turns":3},{"damage":1,"enemies":"Jaw Worm","floor":3,"turns":3},{"damage":21,"enemies":"3 Louse","floor":10,"turns":2},{"damage":8,"enemies":"Exordium Thugs","floor":12,"turns":3},{"damage":18,"enemies":"2 Fungi Beasts","floor":14,"turns":3},{"damage":75,"enemies":"Fading Forest","floor":16,"turns":6}],"seed_played":"7244047932288659650","potions_obtained":[{"floor":1,"key":"FocusPotion"},{"floor":10,"key":"Adrenaline Potion"},{"floor":12,"key":"Explosive Potion"},{"floor":14,"key":"Regen Potion"}],"is_trial":false,"path_per_floor":["M","M","M","?","$","R","?","$","T","M","?","M","?","M","R_BF","B"],"character_chosen":"DEFECT","items_purchased":["ReplayTheSpireMod:GoodbyeWorld","halation:Convergence"],"campfire_rested":0,"item_purchase_floors":[0,5],"current_hp_per_floor":[73,72,71,64,64,64,67,67,67,49,49,41,41,23,23,0,0],"gold":115,"neow_bonus":"","is_daily":false,"chose_seed":false,"campfire_upgraded":1,"win_rate":0.0,"timestamp":1613275115,"path_taken":["M","M","M","?","$","R","?","?","T","M","?","?","?","M","R_BF","BOSS"],"items_purchased_type":["Card","Relic"],"build_version":"2020-12-22","purchased_purges":0,"victory":false,"max_hp_per_floor":[75,75,75,75,75,75,78,78,78,81,81,81,81,81,81,81,81],"card_choices":[{"not_picked":["Compile Driver","BootSequence"],"picked":"BasicCrystalCard","floor":1},{"not_picked":["Panic Button","Beam Cell","Rebound"],"picked":"SKIP","floor":2},{"not_picked":["Conserve Battery","Sweeping Beam"],"picked":"BasicCrystalCard","floor":3},{"not_picked":["Undo","Go for the Eyes"],"picked":"Redo","floor":10},{"not_picked":["Leap","Time Bomb"],"picked":"BasicCrystalCard","floor":12},{"not_picked":["Buffer","Sweeping Beam"],"picked":"Defragment","floor":14}],"player_experience":44500,"relics_obtained":[{"floor":10,"key":"halation:EternalFortune"},{"floor":15,"key":"Bottled Tornado"}],"event_choices":[{"cards_removed":["Defend_B"],"damage_healed":0,"gold_gain":0,"player_choice":"Card Removal","damage_taken":7,"max_hp_gain":0,"max_hp_loss":0,"event_name":"Golden Wing","floor":4,"gold_loss":0},{"damage_healed":0,"gold_gain":0,"cards_transformed":["Strike_B"],"player_choice":"Transformed","damage_taken":0,"max_hp_gain":0,"max_hp_loss":0,"event_name":"Transmorgrifier","floor":11,"gold_loss":0,"cards_obtained":["Compile Driver"]}],"is_beta":false,"boss_relics":[],"items_purged_floors":[],"is_endless":false,"potions_floor_spawned":[1,10,12,14],"killed_by":"Fading Forest","ascension_level":0}}