{"host":"z7iqwv4hfwwvhc2n","time":1613290891,"event":{"mods":["2.2 Compatiblity","BaseMod","Better Note","Better Third Choice","BetterRewards","Bossed Relics","Colored Powertips","Minty Spire (QoL Compilation)","Permanent Neow","Relic Filter","Shop Mod","StSLib","The Cursed"],"gold_per_floor":[114,114,125,30,30,59,72,97,120,139,139,149,183,162,162,257,257,268,24,24,44,44,76,76,95,122,122,152,152,152,152,152,152,152],"floor_reached":33,"language":"JPN","playtime":1767,"items_purged":[],"score":446,"play_id":"dd6bfbd3-26fb-4209-a304-30f79be6fa9f","local_time":"20210214172131","is_ascension_mode":true,"campfire_choices":[{"floor":15,"key":"REST"},{"data":"Corruption","floor":24,"key":"SMITH"},{"floor":27,"key":"REST"},{"floor":30,"key":"REST"},{"floor":32,"key":"REST"}],"circlet_count":1,"master_deck":["Defend_R","Defend_R","Defend_R","Bash","Limit Break","Perfected Strike","Cleave","Dual Wield","Anger","Flex","Flex","Anger","Perfected Strike","Pommel Strike","Disarm","Rage","Double Tap","Thunderclap","Cleave+1","Panache","Double Tap","Cleave+1","Corruption+1","Clash+1","Inflame","Blood for Blood","Bite","Bite","Bite","Bite","Bite"],"relics":["Burning Blood","Sundial","Ornamental Fan","StoneCalendar","Letter Opener","Thread and Needle","Prayer Wheel","Black Star","WingedGreaves","Charon\u0027s Ashes","Circlet"],"acts_visited":["Exordium","TheCity"],"potions_floor_usage":[8,12,13,16,25,25],"damage_taken":[{"damage":1,"enemies":"2 Louse","floor":1,"turns":3},{"damage":4,"enemies":"Jaw Worm","floor":3,"turns":4},{"damage":44,"enemies":"Lagavulin","floor":6,"turns":7},{"damage":5,"enemies":"Small Slimes","floor":7,"turns":3},{"damage":22,"enemies":"3 Sentries","floor":8,"turns":5},{"damage":3,"enemies":"Blue Slaver","floor":10,"turns":3},{"damage":3,"enemies":"3 Louse","floor":12,"turns":2},{"damage":9,"enemies":"Lagavulin","floor":13,"turns":5},{"damage":23,"enemies":"Slime Boss","floor":16,"turns":7},{"damage":0,"enemies":"Chosen","floor":18,"turns":5},{"damage":13,"enemies":"Spheric Guardian","floor":21,"turns":4},{"damage":48,"enemies":"Gremlin Leader","floor":23,"turns":6},{"damage":22,"enemies":"Snake Plant","floor":25,"turns":3},{"damage":49,"enemies":"Slavers","floor":28,"turns":5},{"damage":74,"enemies":"Collector","floor":33,"turns":6}],"seed_played":"624556538654220886","potions_obtained":[{"floor":6,"key":"DistilledChaos"},{"floor":10,"key":"Explosive Potion"},{"floor":12,"key":"LiquidMemories"},{"floor":13,"key":"BloodPotion"},{"floor":16,"key":"Energy Potion"},{"floor":21,"key":"BlessingOfTheForge"},{"floor":23,"key":"BloodPotion"},{"floor":28,"key":"SteroidPotion"}],"is_trial":false,"path_per_floor":["M","?","M","$","?","E","M","E","T","M","?","M","E","?","R","B",null,"M","$","?","M","?","E","R","M","T","R","E","?","R","?","R","B"],"character_chosen":"IRONCLAD","items_purchased":["Sundial","Limit Break","Perfected Strike","Anger","Flex","Panache","Double Tap"],"campfire_rested":4,"item_purchase_floors":[0,0,0,4,4,19,19],"current_hp_per_floor":[80,80,80,80,73,35,36,20,20,23,23,26,23,23,47,46,80,80,80,80,73,73,31,31,31,31,55,12,12,28,28,44,0,0],"gold":152,"neow_bonus":"","is_daily":false,"chose_seed":false,"campfire_upgraded":1,"win_rate":0.0,"timestamp":1613290891,"path_taken":["M","?","M","$","?","E","M","E","T","M","?","M","E","?","R","BOSS","M","$","?","M","?","E","R","?","T","R","E","?","R","?","R","BOSS"],"items_purchased_type":["Relic","Card","Card","Card","Card","Card","Card"],"build_version":"2020-12-22","purchased_purges":0,"victory":false,"max_hp_per_floor":[80,80,80,80,80,80,80,80,80,80,80,80,80,80,80,80,80,80,80,80,80,80,80,80,80,80,80,80,56,56,56,56,56,56],"card_choices":[{"not_picked":["Sword Boomerang","Dark Embrace"],"picked":"Cleave","floor":1},{"not_picked":["Shockwave","Clothesline"],"picked":"Dual Wield","floor":3},{"not_picked":["Shockwave","Havoc"],"picked":"Flex","floor":6},{"not_picked":["Disarm","Intimidate"],"picked":"Anger","floor":7},{"not_picked":["Whirlwind","Clothesline"],"picked":"Perfected Strike","floor":8},{"not_picked":["Dark Embrace","Second Wind"],"picked":"Pommel Strike","floor":10},{"not_picked":["Headbutt","Entrench"],"picked":"Disarm","floor":12},{"not_picked":["Impervious","Uppercut"],"picked":"Rage","floor":13},{"not_picked":["Berserk","Brutality"],"picked":"Double Tap","floor":16},{"not_picked":["Headbutt","Havoc+1"],"picked":"Thunderclap","floor":18},{"not_picked":["Warcry","Second Wind"],"picked":"Cleave+1","floor":18},{"not_picked":["Thunderclap","Entrench"],"picked":"Cleave+1","floor":21},{"not_picked":["True Grit","Havoc","Rupture"],"picked":"SKIP","floor":21},{"not_picked":["Thunderclap","Pommel Strike+1"],"picked":"Corruption","floor":23},{"not_picked":["Perfected Strike","Clothesline"],"picked":"Clash+1","floor":25},{"not_picked":["Fire Breathing","Body Slam"],"picked":"Inflame","floor":25},{"not_picked":["Brutality","True Grit"],"picked":"Blood for Blood","floor":28}],"player_experience":46798,"relics_obtained":[{"floor":6,"key":"StoneCalendar"},{"floor":8,"key":"Letter Opener"},{"floor":9,"key":"Thread and Needle"},{"floor":13,"key":"Prayer Wheel"},{"floor":23,"key":"WingedGreaves"},{"floor":23,"key":"Charon\u0027s Ashes"}],"event_choices":[{"damage_healed":0,"gold_gain":0,"player_choice":"Box","damage_taken":0,"relics_obtained":["Ornamental Fan"],"max_hp_gain":0,"max_hp_loss":0,"event_name":"Big Fish","floor":2,"gold_loss":0,"cards_obtained":["Regret"]},{"cards_removed":["Regret"],"damage_healed":0,"gold_gain":0,"player_choice":"Card Removal","damage_taken":7,"max_hp_gain":0,"max_hp_loss":0,"event_name":"Golden Wing","floor":5,"gold_loss":0},{"damage_healed":0,"gold_gain":0,"player_choice":"Ignored","damage_taken":0,"max_hp_gain":0,"max_hp_loss":0,"event_name":"Golden Idol","floor":11,"gold_loss":0},{"damage_healed":0,"gold_gain":0,"player_choice":"Left","damage_taken":0,"max_hp_gain":0,"max_hp_loss":0,"event_name":"betterThird:BetterGoop","floor":14,"gold_loss":21},{"cards_removed":["Defend_R"],"damage_healed":0,"gold_gain":0,"player_choice":"Offered Basic","damage_taken":0,"max_hp_gain":0,"max_hp_loss":0,"event_name":"Bonfire Elementals","floor":20,"gold_loss":0},{"damage_healed":0,"gold_gain":0,"player_choice":"Take","damage_taken":0,"max_hp_gain":0,"max_hp_loss":0,"event_name":"betterNote:BetterNote","floor":22,"gold_loss":0,"cards_obtained":["Strike_R"]},{"damage_healed":0,"gold_gain":0,"player_choice":"Became a vampire","damage_taken":0,"max_hp_gain":0,"max_hp_loss":24,"event_name":"Vampires","floor":29,"gold_loss":0,"cards_obtained":["Bite","Bite","Bite","Bite","Bite"]},{"damage_healed":0,"gold_gain":0,"player_choice":"Gave Potion","damage_taken":0,"relics_obtained":["Circlet"],"max_hp_gain":0,"max_hp_loss":0,"event_name":"WeMeetAgain","floor":31,"gold_loss":0}],"is_beta":false,"boss_relics":[{"not_picked":["Circlet","Circlet"],"picked":"Black Star"}],"items_purged_floors":[],"is_endless":false,"potions_floor_spawned":[6,10,12,13,16,21,23,28],"killed_by":"Collector","ascension_level":1}}