{"host":"36qke0usa4c48kdx","time":1613302649,"event":{"mods":["AchievementEnabler","BaseMod","Colored Map","Downfall","Hermit","Hubris","Marisa????????","Minty Spire (QoL Compilation)","READ ME - Guardian Mod","Replay The Spire","Shop Mod","StSLib","The Bug Knight","The Cursed","The Disciple","The Servant 0.9.4"],"gold_per_floor":[113,113,188,188,252,252,313,3,29,75,75,25,59,120,120,165,165],"floor_reached":16,"language":"ENG","playtime":778,"items_purged":["Defend_R"],"score":142,"play_id":"7626c4d5-7562-468f-8b65-899d17c14cb2","local_time":"20210214123729","is_ascension_mode":true,"campfire_choices":[{"floor":6.0,"key":"REST"}],"circlet_count":0,"master_deck":["Strike_R","Strike_R","Strike_R","Strike_R","Strike_R","Defend_R","Defend_R","Defend_R","Bash+1","Ghostly Armor","Thunderclap","Double Tap+1","ReplayTheSpireMod:Private Reserves","Disarm","Hemokinesis","Cleave","Wild Strike"],"relics":["Burning Blood","ReplayTheSpireMod:Ring of Challenge","Ring of Fury","Juzu Bracelet","Happy Flower","hubris:TenFootPole","Anchor","Oddly Smooth Stone","hubris:DisguiseKit"],"acts_visited":["Exordium"],"potions_floor_usage":[16],"damage_taken":[{"damage":6.0,"enemies":"Cultist","floor":1.0,"turns":3.0},{"damage":22.0,"enemies":"Jaw Worm","floor":5.0,"turns":3.0},{"damage":7.0,"enemies":"2 Louse","floor":7.0,"turns":2.0},{"damage":27.0,"enemies":"HollowMod:MossKnight","floor":13.0,"turns":7.0},{"damage":0.0,"enemies":"2 Fungi Beasts","floor":14.0,"turns":2.0},{"damage":60,"enemies":"The Guardian","floor":16,"turns":9}],"seed_played":"6470056092936504313","potions_obtained":[{"floor":1.0,"key":"Weak Potion"},{"floor":7.0,"key":"Cursed Concoction"},{"floor":10.0,"key":"Flashbang"},{"floor":13.0,"key":"Flashbang"}],"is_trial":false,"path_per_floor":["M","?","?","?","M","R","M","$","T","?","$","?","E","M","R_BF","B"],"character_chosen":"IRONCLAD","items_purchased":["Happy Flower","ReplayTheSpireMod:Private Reserves"],"campfire_rested":1,"item_purchase_floors":[8,8],"current_hp_per_floor":[72,72,61,54,38,62,61,61,61,51,51,51,30,36,60,0,0],"gold":165,"neow_bonus":"UPGRADE_CARD","is_daily":false,"chose_seed":false,"campfire_upgraded":0,"win_rate":0.0,"timestamp":1613302649,"path_taken":["M","?","?","?","M","R","M","$","T","?","?","?","E","M","R_BF","BOSS"],"items_purchased_type":["Relic","Card"],"build_version":"2020-12-22","purchased_purges":1,"victory":false,"max_hp_per_floor":[80,80,80,80,80,80,80,80,80,80,80,80,80,80,80,80,80],"card_choices":[{"not_picked":["Sword Boomerang","Anger"],"picked":"Ghostly Armor","floor":1.0},{"not_picked":["Sword Boomerang","Replay:Undeath\u0027s Touch"],"picked":"Thunderclap","floor":5.0},{"not_picked":["Headbutt","Rupture"],"picked":"Double Tap","floor":7.0},{"not_picked":["hubris:SharpeningStone","Dual Wield"],"picked":"Disarm","floor":10.0},{"not_picked":["Carnage","Pommel Strike"],"picked":"Hemokinesis","floor":10.0},{"not_picked":["Second Wind","Clothesline"],"picked":"Cleave","floor":13.0},{"not_picked":["Twin Strike","Armaments","ExoVibe"],"picked":"Wild Strike","floor":14.0}],"player_experience":787491,"relics_obtained":[{"floor":2.0,"key":"ReplayTheSpireMod:Ring of Challenge"},{"floor":2.0,"key":"Ring of Fury"},{"floor":9.0,"key":"hubris:TenFootPole"},{"floor":10.0,"key":"Anchor"},{"floor":13.0,"key":"hubris:DisguiseKit"}],"event_choices":[{"damage_healed":0.0,"max_hp_gain":0.0,"max_hp_loss":0.0,"gold_gain":75.0,"event_name":"World of Goop","player_choice":"Gather Gold","floor":3.0,"gold_loss":0.0,"damage_taken":11.0},{"damage_healed":0.0,"max_hp_gain":0.0,"max_hp_loss":0.0,"gold_gain":0.0,"event_name":"Scrap Ooze","player_choice":"Success","floor":4.0,"gold_loss":0.0,"damage_taken":7.0,"relics_obtained":["Juzu Bracelet"]},{"damage_healed":0.0,"max_hp_gain":0.0,"max_hp_loss":0.0,"gold_gain":0.0,"event_name":"WeMeetAgain","player_choice":"Paid Gold","floor":12.0,"gold_loss":50.0,"damage_taken":0.0,"relics_obtained":["Oddly Smooth Stone"]}],"is_beta":false,"boss_relics":[],"items_purged_floors":[8],"is_endless":false,"potions_floor_spawned":[1,7,13,14],"killed_by":"The Guardian","ascension_level":9}}