{"host":"96dqtlax74dz00hw","time":1613281698,"event":{"mods":["Bard","BaseMod","Better Altar","ChefMod","Colored Powertips","Downfall","Hermit","Minty Spire (QoL Compilation)","Permanent Neow","Rare Cards Sparkle","StSLib","The Cursed","The Disciple","The Edgeheg","The IronCluck","The Problem Sleuth"],"gold_per_floor":[118,134,164,199,228,262,262,287,287,287,287],"floor_reached":10,"language":"ENG","playtime":1069,"items_purged":[],"score":80,"play_id":"30292fb7-69a0-425d-9ed7-f9bd1975cecc","local_time":"20210213214818","is_ascension_mode":false,"campfire_choices":[{"data":"hermit:WideOpen","floor":7,"key":"SMITH"}],"circlet_count":0,"master_deck":["hermit:Strike_Hermit","hermit:Strike_Hermit","hermit:Strike_Hermit","hermit:Strike_Hermit","hermit:Defend_Hermit","hermit:Defend_Hermit","hermit:Defend_Hermit","hermit:Defend_Hermit","hermit:Snapshot","hermit:WideOpen+1","hermit:DeadOrAlive","hermit:EyeOfTheStorm","hermit:Enervate","hermit:Deadeye","hermit:Vantage"],"relics":["hermit:Momento","Potion Belt","Regal Pillow","Shuriken"],"acts_visited":["Exordium"],"potions_floor_usage":[6,8,8],"damage_taken":[{"damage":2,"enemies":"Jaw Worm","floor":1,"turns":3},{"damage":1,"enemies":"Cultist","floor":2,"turns":3},{"damage":5,"enemies":"2 Louse","floor":3,"turns":6},{"damage":17,"enemies":"Lots of Slimes","floor":4,"turns":6},{"damage":16,"enemies":"Red Slaver","floor":5,"turns":5},{"damage":13,"enemies":"Gremlin Nob","floor":6,"turns":5},{"damage":30,"enemies":"Lagavulin","floor":8,"turns":7},{"damage":8,"enemies":"3 Sentries","floor":10,"turns":4}],"seed_played":"2346781958740665194","potions_obtained":[{"floor":1,"key":"LiquidBronze"},{"floor":2,"key":"ColorlessPotion"},{"floor":6,"key":"Regen Potion"}],"is_trial":false,"path_per_floor":["M","M","M","M","M","E","R","E","T","E"],"character_chosen":"HERMIT","items_purchased":[],"campfire_rested":0,"item_purchase_floors":[],"current_hp_per_floor":[73,72,67,50,34,21,21,6,6,0,0],"gold":287,"neow_bonus":"REMOVE_CARD","is_daily":false,"chose_seed":false,"campfire_upgraded":1,"win_rate":0.0,"timestamp":1613281698,"path_taken":["M","M","M","M","M","E","R","E","T","E"],"items_purchased_type":[],"build_version":"2020-12-22","purchased_purges":0,"victory":false,"max_hp_per_floor":[75,75,75,75,75,75,75,75,75,75,75],"card_choices":[{"not_picked":["hermit:TrackingShot","hermit:Quickdraw"],"picked":"hermit:WideOpen","floor":1},{"not_picked":["hermit:Snipe","hermit:Quickdraw"],"picked":"hermit:DeadOrAlive","floor":2},{"not_picked":["hermit:Vantage","hermit:FlashPowder"],"picked":"hermit:EyeOfTheStorm","floor":3},{"not_picked":["hermit:HighCaliber","hermit:Manifest"],"picked":"hermit:Enervate","floor":4},{"not_picked":["hermit:Coalescence","hermit:Midnight"],"picked":"hermit:Deadeye","floor":5},{"not_picked":["hermit:Roulette","hermit:RoundhouseKick","hermit:Misfire"],"picked":"SKIP","floor":6},{"not_picked":["hermit:CalledShot","hermit:HoleUp"],"picked":"hermit:Vantage","floor":8}],"player_experience":915492,"relics_obtained":[{"floor":6,"key":"Potion Belt"},{"floor":8,"key":"Regal Pillow"},{"floor":9,"key":"Shuriken"}],"event_choices":[],"is_beta":false,"boss_relics":[],"items_purged_floors":[],"is_endless":false,"potions_floor_spawned":[1,2,6],"killed_by":"3 Sentries","ascension_level":0}}