{"host":"djoj10dqzzvtkauc","time":1613315717,"event":{"mods":["2.2 Compatiblity","BaseMod","Colored Map","DeckTracker","Highlight Path","Keyboard Shortcuts","Marisa£¨Ùöéë¡¡Øª×âÞÞ£©","Minty Spire (QoL Compilation)","Permanent Neow","Quick Restart","Random Character Button","StSLib","SuperFastMode","everything is the same but u backflip on backflip"],"gold_per_floor":[19,19,35,52,72,72,99,99,123,138,156,31,42,73,73,150,150,166,91,105,105,120,146,146,159,231,258,258,90,101,118,118,189,189,203,203,213,193,51,80,80,113,113,6,6,19,19,19,19,19],"floor_reached":51,"language":"KOR","playtime":1536,"items_purged":["Strike_G"],"score":1508,"play_id":"10a309f0-f8ca-46ec-9fcd-772ea694fad3","local_time":"20210215001517","is_ascension_mode":true,"campfire_choices":[{"data":"Backflip","floor":6.0,"key":"SMITH"},{"data":"Noxious Fumes","floor":8.0,"key":"SMITH"},{"floor":15.0,"key":"REST"},{"data":"Tools of the Trade","floor":24.0,"key":"SMITH"},{"data":"Backflip","floor":28.0,"key":"SMITH"},{"floor":32.0,"key":"REST"},{"floor":41,"key":"REST"},{"data":"Well Laid Plans","floor":45,"key":"SMITH"},{"floor":49,"key":"REST"}],"circlet_count":0,"master_deck":["AscendersBane","Defend_G","Defend_G","Defend_G","Survivor","Neutralize","Deadly Poison","Blade Dance","Poisoned Stab","Backflip+1","Noxious Fumes+1","Venomology","Blade Dance","Dagger Throw","All Out Attack","Adrenaline","After Image","Backstab","Prepared","Tools of the Trade+1","All Out Attack","Slice","Masterful Stab","Backflip+1","Corpse Explosion","PiercingWail","Accuracy","Dagger Spray","Blade Dance+1","Outmaneuver+1","Night Terror","Slice+1","Dramatic Entrance","Footwork","Well Laid Plans+1","PiercingWail","Blade Dance","Backflip","Slice","Accuracy","Burst"],"relics":["Ring of the Snake","Blood Vial","Ancient Tea Set","Omamori","WristBlade","Strawberry","Mercury Hourglass","Ice Cream","Cursed Key","FossilizedHelix","Paper Crane","Happy Flower","Meat on the Bone"],"acts_visited":["Exordium","TheCity","TheBeyond"],"potions_floor_usage":[40,40,46,50,50,50],"damage_taken":[{"damage":1.0,"enemies":"Small Slimes","floor":1.0,"turns":5.0},{"damage":1.0,"enemies":"Cultist","floor":3.0,"turns":4.0},{"damage":0.0,"enemies":"2 Louse","floor":4.0,"turns":4.0},{"damage":2.0,"enemies":"Exordium Wildlife","floor":5.0,"turns":4.0},{"damage":20.0,"enemies":"Lagavulin","floor":7.0,"turns":9.0},{"damage":5.0,"enemies":"3 Louse","floor":10.0,"turns":4.0},{"damage":3.0,"enemies":"Blue Slaver","floor":11.0,"turns":3.0},{"damage":5.0,"enemies":"Exordium Thugs","floor":13.0,"turns":5.0},{"damage":19.0,"enemies":"Gremlin Nob","floor":14.0,"turns":4.0},{"damage":27.0,"enemies":"The Guardian","floor":16.0,"turns":10.0},{"damage":4.0,"enemies":"Shell Parasite","floor":18.0,"turns":5.0},{"damage":4.0,"enemies":"2 Thieves","floor":20.0,"turns":3.0},{"damage":14.0,"enemies":"Sentry and Sphere","floor":22.0,"turns":4.0},{"damage":1.0,"enemies":"Slavers","floor":23.0,"turns":4.0},{"damage":0.0,"enemies":"Centurion and Healer","floor":25.0,"turns":5.0},{"damage":0.0,"enemies":"Gremlin Leader","floor":27.0,"turns":5.0},{"damage":12.0,"enemies":"Snecko","floor":30.0,"turns":3.0},{"damage":0.0,"enemies":"3 Cultists","floor":31.0,"turns":3.0},{"damage":51.0,"enemies":"Champ","floor":33.0,"turns":9.0},{"damage":7.0,"enemies":"3 Shapes","floor":35.0,"turns":5.0},{"damage":0.0,"enemies":"Orb Walker","floor":37.0,"turns":2.0},{"damage":31,"enemies":"Giant Head","floor":40,"turns":6},{"damage":0,"enemies":"Nemesis","floor":42,"turns":3},{"damage":7,"enemies":"Maw","floor":46,"turns":6},{"damage":44,"enemies":"Donu and Deca","floor":50,"turns":5}],"seed_played":"-2402984735510166106","potions_obtained":[{"floor":7.0,"key":"Poison Potion"},{"floor":11.0,"key":"Block Potion"},{"floor":13.0,"key":"Block Potion"},{"floor":18.0,"key":"SkillPotion"},{"floor":22.0,"key":"Block Potion"},{"floor":25.0,"key":"SpeedPotion"},{"floor":30.0,"key":"EssenceOfSteel"},{"floor":38.0,"key":"Energy Potion"},{"floor":42,"key":"ColorlessPotion"}],"is_trial":false,"path_per_floor":["M","?","M","M","M","R","E","R","T","M","M","$","M","E","R","B",null,"M","?","M","?","M","E","R","M","T","E","R","$","M","M","R","B",null,"M","?","M","?","$","E","R","E","T","$","R","M","?","$","R","B",null],"character_chosen":"THE_SILENT","items_purchased":["Dagger Throw","PiercingWail","Accuracy","Dagger Spray","Well Laid Plans","PiercingWail","Slice","Accuracy"],"campfire_rested":4,"item_purchase_floors":[12,29,29,29,39,39,44,44],"current_hp_per_floor":[58,58,57,57,55,55,35,35,35,32,31,31,28,11,30,5,51,49,49,47,47,35,43,43,45,45,47,47,47,37,39,60,11,58,53,53,55,55,55,26,47,49,49,49,49,44,44,44,65,35],"gold":19,"neow_bonus":"REMOVE_TWO","is_daily":false,"chose_seed":false,"campfire_upgraded":5,"win_rate":0.0,"timestamp":1613315717,"path_taken":["M","?","M","M","M","R","E","R","T","M","?","$","M","E","R","BOSS","M","?","M","?","M","E","R","M","T","E","R","?","M","M","R","BOSS","M","?","M","?","$","E","R","E","T","$","R","?","?","?","R","BOSS"],"items_purchased_type":["Card","Card","Card","Card","Card","Card","Card","Card"],"build_version":"2020-12-22","purchased_purges":1,"victory":true,"max_hp_per_floor":[66,66,66,66,66,66,66,66,66,66,66,66,66,66,66,66,66,66,66,66,66,66,73,73,73,73,73,73,73,73,73,73,73,73,73,73,73,73,73,73,73,73,73,73,73,73,73,73,73,73],"card_choices":[{"not_picked":["Sucker Punch","Acrobatics"],"picked":"Deadly Poison","floor":1.0},{"not_picked":["Dodge and Roll","Escape Plan"],"picked":"Blade Dance","floor":3.0},{"not_picked":["Outmaneuver","Dodge and Roll"],"picked":"Poisoned Stab","floor":4.0},{"not_picked":["Escape Plan","Slice"],"picked":"Backflip","floor":5.0},{"not_picked":["Quick Slash","Riddle With Holes"],"picked":"Noxious Fumes","floor":7.0},{"not_picked":["Riddle With Holes","Poisoned Stab"],"picked":"Venomology","floor":10.0},{"not_picked":["Deadly Poison","Outmaneuver"],"picked":"Blade Dance","floor":11.0},{"not_picked":["Blade Dance","Prepared"],"picked":"All Out Attack","floor":13.0},{"not_picked":["Predator","Underhanded Strike"],"picked":"Adrenaline","floor":14.0},{"not_picked":["Venomology","Wraith Form v2"],"picked":"After Image","floor":16.0},{"not_picked":["Acrobatics","Outmaneuver"],"picked":"Backstab","floor":18.0},{"not_picked":["Sucker Punch","Dagger Throw"],"picked":"Prepared","floor":20.0},{"not_picked":["Deflect+1","Infinite Blades"],"picked":"Slice","floor":22.0},{"not_picked":["Escape Plan","Flying Knee"],"picked":"Masterful Stab","floor":23.0},{"not_picked":["Dodge and Roll","Deadly Poison"],"picked":"Backflip","floor":25.0},{"not_picked":["Dodge and Roll","Flechettes"],"picked":"Corpse Explosion","floor":27.0},{"not_picked":["Eviscerate","Dodge and Roll"],"picked":"Blade Dance+1","floor":30.0},{"not_picked":["Quick Slash","Underhanded Strike"],"picked":"Outmaneuver+1","floor":31.0},{"not_picked":["Tools of the Trade","Grand Finale"],"picked":"Night Terror","floor":33.0},{"not_picked":["Outmaneuver","Expertise"],"picked":"Slice+1","floor":35.0},{"not_picked":["Purity","Chrysalis"],"picked":"Dramatic Entrance","floor":36.0},{"not_picked":["PiercingWail","Dagger Spray"],"picked":"Footwork","floor":37.0},{"not_picked":["Underhanded Strike","Dagger Spray"],"picked":"Blade Dance","floor":40},{"not_picked":["Expertise","Setup"],"picked":"Backflip","floor":42},{"not_picked":["Distraction","Outmaneuver"],"picked":"Burst","floor":46}],"player_experience":248912,"relics_obtained":[{"floor":7.0,"key":"Blood Vial"},{"floor":9.0,"key":"Ancient Tea Set"},{"floor":14.0,"key":"Omamori"},{"floor":23.0,"key":"Strawberry"},{"floor":26.0,"key":"Mercury Hourglass"},{"floor":27.0,"key":"Ice Cream"},{"floor":40,"key":"FossilizedHelix"},{"floor":42,"key":"Paper Crane"},{"floor":43,"key":"Happy Flower"},{"floor":47,"key":"Meat on the Bone"}],"event_choices":[{"cards_removed":["Strike_G"],"damage_healed":0.0,"max_hp_gain":0.0,"max_hp_loss":0.0,"gold_gain":0.0,"event_name":"Bonfire Elementals","player_choice":"Offered Basic","floor":2.0,"gold_loss":0.0,"damage_taken":0.0},{"cards_removed":["Strike_G"],"damage_healed":0.0,"max_hp_gain":0.0,"max_hp_loss":0.0,"gold_gain":0.0,"event_name":"Beggar","player_choice":"Gave Gold","floor":19.0,"gold_loss":75.0,"damage_taken":0.0},{"damage_healed":0.0,"max_hp_gain":0.0,"max_hp_loss":0.0,"gold_gain":0.0,"cards_transformed":["Defend_G","Defend_G"],"event_name":"Drug Dealer","player_choice":"Became Test Subject","floor":21.0,"gold_loss":0.0,"damage_taken":0.0,"cards_obtained":["Tools of the Trade","All Out Attack"]},{"damage_healed":0.0,"max_hp_gain":0.0,"max_hp_loss":0.0,"gold_gain":0.0,"event_name":"SensoryStone","player_choice":"Memory 1","floor":36.0,"gold_loss":0.0,"damage_taken":0.0},{"damage_healed":0.0,"max_hp_gain":0.0,"max_hp_loss":0.0,"gold_gain":0.0,"event_name":"The Woman in Blue","player_choice":"Bought 1 Potion","floor":38.0,"gold_loss":0.0,"damage_taken":0.0},{"damage_healed":0,"gold_gain":0,"player_choice":"Relic","damage_taken":0,"max_hp_gain":0,"max_hp_loss":0,"event_name":"Wheel of Change","floor":47,"gold_loss":0}],"is_beta":false,"boss_relics":[{"not_picked":["Pandora\u0027s Box","Runic Dome"],"picked":"WristBlade"},{"not_picked":["Calling Bell","Philosopher\u0027s Stone"],"picked":"Cursed Key"}],"items_purged_floors":[12],"is_endless":false,"potions_floor_spawned":[7,11,13,18,22,25,30,42],"ascension_level":16}}