{"host":"kubg1eqfxrnqnv0b","time":1613314539,"event":{"mods":["Aspiration","BaseMod","BetterRewards","Colored Map","Conspire","Energized Spire","Gremlin Skip","Halation","Hubris","Infinite Spire","Minty Spire (QoL Compilation)","Quick Restart","Replay The Spire","StSLib"],"gold_per_floor":[111,129,41,41,60,88,104,137,161,161,195,195,226,262,262,378,378,397,418,197,392,416,453,453,457,457],"floor_reached":25,"language":"ENG","playtime":1914,"items_purged":[],"score":235,"play_id":"f40cbc37-4672-4878-85ad-826b8a879ad1","local_time":"20210214105539","is_ascension_mode":false,"campfire_choices":[{"floor":10,"key":"REST"},{"floor":12,"key":"REST"},{"data":"Doppelganger","floor":15,"key":"SMITH"},{"floor":24,"key":"REST"}],"circlet_count":0,"master_deck":["Strike_G","Strike_G","Strike_G","Strike_G","Strike_G","Defend_G","Defend_G","Defend_G","Defend_G","Defend_G","Survivor","Neutralize","Finesse","Prepared","Slice","Slice","PiercingWail","Outmaneuver","Outmaneuver","Iron Wave","Dagger Throw","Doppelganger+1","Backflip","Distraction","Blade Dance","Predator","Envenom","conspire:DoublingDagger","Hidden Blade+1","Fluid Movement","Crippling Poison","Fluid Movement+1","Blade Dance"],"relics":["Ring of the Snake","hubris:BundleOfHerbs","Ornamental Fan","Bottled Flame","Shuriken","Replay:Bandana","energizedSpire:SpiderWeb","Vajra","hubris:TenFootPole"],"acts_visited":["Exordium","TheCity"],"potions_floor_usage":[6,14,16],"damage_taken":[{"damage":0,"enemies":"2 Louse","floor":1,"turns":4},{"damage":0,"enemies":"Cultist","floor":2,"turns":4},{"damage":0,"enemies":"conspire:RoseBush","floor":5,"turns":4},{"damage":8,"enemies":"3 Sentries","floor":6,"turns":9},{"damage":6,"enemies":"conspire:2 RoseBushes","floor":7,"turns":6},{"damage":15,"enemies":"Replay:BlueRogue","floor":8,"turns":7},{"damage":0,"enemies":"2 Fungi Beasts","floor":11,"turns":3},{"damage":1,"enemies":"3 Louse","floor":13,"turns":3},{"damage":1,"enemies":"Exordium Wildlife","floor":14,"turns":4},{"damage":15,"enemies":"Slime Boss","floor":16,"turns":6},{"damage":11,"enemies":"Shell Parasite","floor":18,"turns":5},{"damage":0,"enemies":"conspire:FuzzyDice","floor":19,"turns":6},{"damage":4,"enemies":"Shelled Parasite and Fungi","floor":22,"turns":5},{"damage":35,"enemies":"conspire:SneckoGhost","floor":23,"turns":7},{"damage":49,"enemies":"conspire:Head Lice","floor":25,"turns":6}],"seed_played":"-4516067289020839041","potions_obtained":[{"floor":5,"key":"EssenceOfSteel"},{"floor":8,"key":"ColorlessPotion"},{"floor":14,"key":"Adrenaline Potion"},{"floor":22,"key":"Dexterity Potion"}],"is_trial":false,"path_per_floor":["M","M","$","?","M","E","M","E","T","R","M","R","M","M","R","B",null,"M","M","$","?","M","E","R","E"],"character_chosen":"THE_SILENT","items_purchased":["Finesse","Replay:Dark Deal","Ornamental Fan","Prepared","PiercingWail","Outmaneuver","Vajra","Fluid Movement"],"campfire_rested":3,"item_purchase_floors":[0,0,0,0,3,3,20,20],"current_hp_per_floor":[38,38,38,38,38,36,30,15,15,36,36,57,56,55,55,40,70,59,59,59,59,55,20,41,0,0],"gold":457,"neow_bonus":"","is_daily":false,"chose_seed":false,"campfire_upgraded":1,"win_rate":0.0,"timestamp":1613314539,"path_taken":["M","M","$","?","M","E","M","E","T","R","M","R","?","M","R","BOSS","M","M","$","?","M","E","R","E"],"items_purchased_type":["Card","Card","Relic","Card","Card","Card","Relic","Card"],"build_version":"2020-12-22","purchased_purges":0,"victory":false,"max_hp_per_floor":[70,70,70,70,70,70,70,70,70,70,70,70,70,70,70,70,70,70,70,70,70,70,70,70,70,70],"card_choices":[{"not_picked":["Acrobatics","Poisoned Stab"],"picked":"Slice","floor":1},{"not_picked":["Underhanded Strike","Deadly Poison"],"picked":"Slice","floor":2},{"not_picked":["Poisoned Stab","Dodge and Roll"],"picked":"Dagger Throw","floor":5},{"not_picked":["Acrobatics","Replay:Poison Smokescreen"],"picked":"Doppelganger","floor":6},{"not_picked":["Dodge and Roll","Outmaneuver"],"picked":"Backflip","floor":7},{"not_picked":["Tactician","Deadly Poison","Outmaneuver"],"picked":"SKIP","floor":8},{"not_picked":["Deadly Poison","Sneak Up"],"picked":"Distraction","floor":11},{"not_picked":["Deflect","Prepared"],"picked":"Blade Dance","floor":13},{"not_picked":["Flying Knee","Poisoned Stab"],"picked":"Predator","floor":14},{"not_picked":["Glass Knife","Wraith Form v2"],"picked":"Envenom","floor":16},{"not_picked":["Prepared","Crippling Poison"],"picked":"conspire:DoublingDagger","floor":18},{"not_picked":["Backflip","Poisoned Stab"],"picked":"Hidden Blade+1","floor":19},{"not_picked":["Eviscerate","Underhanded Strike"],"picked":"Crippling Poison","floor":21},{"not_picked":["conspire:PoisonWeapons","Doppelganger"],"picked":"Fluid Movement+1","floor":22},{"not_picked":["Replay:Poison Smokescreen","Poisoned Stab"],"picked":"Blade Dance","floor":23}],"player_experience":7278,"relics_obtained":[{"floor":6,"key":"Bottled Flame"},{"floor":8,"key":"Shuriken"},{"floor":9,"key":"Replay:Bandana"},{"floor":23,"key":"hubris:TenFootPole"}],"event_choices":[{"cards_removed":["Replay:Dark Deal"],"damage_healed":0,"gold_gain":0,"player_choice":"Took Card","damage_taken":0,"max_hp_gain":0,"max_hp_loss":0,"event_name":"NoteForYourself","floor":4,"gold_loss":0,"cards_obtained":["Iron Wave"]}],"is_beta":false,"boss_relics":[{"not_picked":["halation:Yufonium","Snecko Eye"],"picked":"energizedSpire:SpiderWeb"}],"items_purged_floors":[],"is_endless":false,"potions_floor_spawned":[5,8,14,22],"killed_by":"conspire:Head Lice","ascension_level":0}}