{"host":"o3b7ow6d1xe49css","time":1613261605,"event":{"mods":["Act Like it!","Aspiration","BaseMod","Bestiary","Better Altar","Better Match","Better Note","Better Sensory Stone","Better Skull","Better Third Choice","Colored Powertips","Conspire","Energized Spire","Force Act Four","GifTheSpireLib","Halation","Hermit","Hubris","Infinite Spire","Lobotomy","Minty Spire (QoL Compilation)","Quick Restart","Rare Cards Sparkle","Relic Filter Mod","Reliquary","Replay The Spire","Spicy Shops","Spikes Relics","StSLib","Stuff the Spire","The Blue Laboratory","The Marked","Wandering Minibosses"],"gold_per_floor":[112,124,143,41,41,41,69,103,103,22,47,47,73,73,73,174,174,174,174,201,201],"floor_reached":22,"language":"ENG","playtime":1202,"items_purged":[],"score":639,"play_id":"4cf8fd70-f60f-4a46-8935-1c6c87a0a502","local_time":"20210213151325","daily_mods":["Heirloom","Flight"],"is_ascension_mode":true,"campfire_choices":[{"data":"theMarked:SelfDefenseTraining","floor":6,"key":"SMITH"},{"data":"theMarked:SoldierOfQuellstein","floor":12,"key":"SMITH"},{"data":"StuffTheSpire:Ambrosia","floor":15,"key":"SMITH"},{"floor":18,"key":"REST"}],"circlet_count":0,"master_deck":["theMarked:Strike","theMarked:Strike","theMarked:Strike","theMarked:Strike","theMarked:Strike","theMarked:Defend","theMarked:Defend","theMarked:Defend","theMarked:Defend","theMarked:SoldierOfQuellstein+1","theMarked:ChainLightning","UniverseFragment","theMarked:SelfDefenseTraining+1","theMarked:WardOff","theMarked:ChainLightning","theMarked:EmpowerWeapon+1","theMarked:HeightenedSenses+1","theMarked:Friction+1","theMarked:Polarize+1","StuffTheSpire:Ambrosia+1","theMarked:TakeOffHeels+1"],"relics":["theMarked:ArtifactOfAir","Ginger","CogitoBucket","BlackRope","Toxic Egg 2","Replay:Ringing Soul","Mercury Hourglass","Ice Cream","aspiration:ChemicalBlood","Pear"],"acts_visited":["Exordium","TheEnding"],"potions_floor_usage":[7,8,8],"damage_taken":[{"damage":9,"enemies":"2 Louse","floor":1,"turns":4},{"damage":1,"enemies":"conspire:RoseBush","floor":2,"turns":3},{"damage":6,"enemies":"Cultist","floor":3,"turns":6},{"damage":9,"enemies":"3 Sentries","floor":7,"turns":4},{"damage":7,"enemies":"Gremlin Nob","floor":8,"turns":5},{"damage":15,"enemies":"3 Sentries","floor":11,"turns":5},{"damage":15,"enemies":"Lagavulin","floor":13,"turns":7},{"damage":18,"enemies":"Slime Boss","floor":16,"turns":8},{"damage":0,"enemies":"Shield and Spear","floor":20,"turns":1},{"damage":1,"enemies":"The Heart","floor":21,"turns":1}],"seed_played":"-7105213208372939259","potions_obtained":[{"floor":1,"key":"Explosive Potion"},{"floor":3,"key":"blueLaboratory:TrueEctoplasm"},{"floor":7,"key":"blueLaboratory:FrostheartPotion"},{"floor":11,"key":"blueLaboratory:LouseDecoction"},{"floor":16,"key":"SkillPotion"}],"is_trial":true,"path_per_floor":["M","M","M","$","?","R","E","E","T","$","E","R","E","?","R","B",null,"R","$","E","B",null],"character_chosen":"THE_DEFAULT","items_purchased":["BlackRope","theMarked:ChainLightning","Ice Cream"],"campfire_rested":1,"item_purchase_floors":[4,4,10],"current_hp_per_floor":[61,60,54,54,70,70,61,57,57,57,45,45,33,36,36,23,71,87,87,99,100],"gold":201,"neow_bonus":"","is_daily":false,"chose_seed":false,"campfire_upgraded":3,"win_rate":0.0,"timestamp":1613261605,"path_taken":["M","M","M","$","?","R","E","E","T","$","E","R","E","?","R","BOSS","R","$","E","BOSS"],"items_purchased_type":["Relic","Card","Relic"],"build_version":"2020-12-22","purchased_purges":0,"victory":true,"max_hp_per_floor":[70,70,70,70,70,70,70,73,73,73,76,76,79,82,82,87,87,87,87,99,101],"card_choices":[{"not_picked":["theMarked:Improvise","theMarked:RepellingDischarge"],"picked":"theMarked:ChainLightning","floor":1},{"not_picked":["BigBadWolf","WhitesApple","DreamingCurrent"],"picked":"Singing Bowl","floor":1},{"not_picked":["Scorched","FairyFestival"],"picked":"UniverseFragment","floor":1},{"not_picked":["theMarked:ResourceFulStrike","theMarked:Overcharge"],"picked":"theMarked:SelfDefenseTraining","floor":2},{"not_picked":["theMarked:Determination","theMarked:Panic"],"picked":"theMarked:WardOff","floor":3},{"not_picked":["theMarked:ResourceFulStrike","theMarked:WardOff+1"],"picked":"theMarked:EmpowerWeapon+1","floor":7},{"not_picked":["theMarked:LightningStrikesTwice","theMarked:WastefulAttack"],"picked":"theMarked:HeightenedSenses+1","floor":8},{"not_picked":["theMarked:ElectricStrings","theMarked:WastefulAttack"],"picked":"theMarked:Friction+1","floor":11},{"not_picked":["theMarked:EmpowerWeapon+1","theMarked:UnarmedFury"],"picked":"theMarked:Polarize+1","floor":13},{"not_picked":["StuffTheSpire:Perfection","StuffTheSpire:Brawn"],"picked":"StuffTheSpire:Ambrosia","floor":14},{"not_picked":["theMarked:Toughness","theMarked:UnarmedFury"],"picked":"theMarked:TakeOffHeels+1","floor":16},{"not_picked":["theMarked:EmpowerWeapon+1","theMarked:SwordAndMagic+1","theMarked:BanishingStrike"],"picked":"SKIP","floor":20}],"player_experience":1389602,"relics_obtained":[{"floor":7,"key":"Toxic Egg 2"},{"floor":8,"key":"Replay:Ringing Soul"},{"floor":9,"key":"Mercury Hourglass"},{"floor":11,"key":"aspiration:ChemicalBlood"},{"floor":13,"key":"reliquary:Knoch"},{"floor":20,"key":"Pear"}],"event_choices":[{"damage_healed":23,"gold_gain":0,"player_choice":"Banana","damage_taken":0,"max_hp_gain":0,"max_hp_loss":0,"event_name":"Big Fish","floor":5,"gold_loss":0}],"is_beta":false,"boss_relics":[],"items_purged_floors":[],"is_endless":false,"potions_floor_spawned":[1,3,7,11,13,20],"ascension_level":5}}