{"host":"5agrj1fd4s00r127","time":1613318045,"event":{"mods":["BaseMod","Hermit","Minty Spire (QoL Compilation)","StSLib"],"gold_per_floor":[113,413,429,443,457,484,496,507,553,144,159,159,169,185,185,185,185],"floor_reached":16,"language":"RUS","playtime":882,"items_purged":["Regret"],"score":108,"play_id":"25cddae3-604a-4be4-b277-52f193ff4bb7","local_time":"20210214175405","is_ascension_mode":false,"campfire_choices":[{"data":"Offering","floor":12,"key":"SMITH"},{"floor":15,"key":"REST"}],"circlet_count":0,"master_deck":["Strike_R","Strike_R","Strike_R","Strike_R","Strike_R","Defend_R","Defend_R","Defend_R","Defend_R","Bash","Headbutt","Sword Boomerang","Flex","Cleave","Flex","Offering+1","Thunderclap","Rampage","Warcry","Sword Boomerang","Armaments"],"relics":["Burning Blood","Old Coin","Question Card","Ancient Tea Set","Paper Frog"],"acts_visited":["Exordium"],"potions_floor_usage":[6,13,14],"damage_taken":[{"damage":14,"enemies":"2 Louse","floor":1,"turns":3},{"damage":15,"enemies":"Small Slimes","floor":3,"turns":4},{"damage":4,"enemies":"Cultist","floor":4,"turns":4},{"damage":11,"enemies":"2 Fungi Beasts","floor":5,"turns":5},{"damage":18,"enemies":"3 Sentries","floor":6,"turns":4},{"damage":18,"enemies":"Large Slime","floor":7,"turns":5},{"damage":10,"enemies":"Looter","floor":8,"turns":3},{"damage":16,"enemies":"Lots of Slimes","floor":11,"turns":3},{"damage":13,"enemies":"Exordium Wildlife","floor":13,"turns":3},{"damage":6,"enemies":"Large Slime","floor":14,"turns":2},{"damage":49,"enemies":"The Guardian","floor":16,"turns":7}],"seed_played":"-4451318268084824918","potions_obtained":[{"floor":3,"key":"ColorlessPotion"},{"floor":6,"key":"Regen Potion"},{"floor":8,"key":"PowerPotion"}],"is_trial":false,"path_per_floor":["M","?","M","M","M","E","M","M","T","$","M","R","M","M","R","B"],"character_chosen":"IRONCLAD","items_purchased":["Rampage","Paper Frog"],"campfire_rested":1,"item_purchase_floors":[10,10],"current_hp_per_floor":[72,72,63,65,60,48,36,32,32,32,22,22,24,24,48,0,0],"gold":185,"neow_bonus":"","is_daily":false,"chose_seed":false,"campfire_upgraded":1,"win_rate":0.0,"timestamp":1613318045,"path_taken":["M","?","M","M","M","E","M","M","T","$","M","R","M","M","R","BOSS"],"items_purchased_type":["Card","Relic"],"build_version":"2020-12-22","purchased_purges":1,"victory":false,"max_hp_per_floor":[80,80,80,80,80,80,80,80,80,80,80,80,80,80,80,80,80],"card_choices":[{"not_picked":["Clash","Reckless Charge"],"picked":"Headbutt","floor":1},{"not_picked":["Clash","Burning Pact"],"picked":"Sword Boomerang","floor":3},{"not_picked":["Rage","Headbutt"],"picked":"Flex","floor":4},{"not_picked":["True Grit","Pommel Strike"],"picked":"Cleave","floor":5},{"not_picked":["Cleave","Clothesline"],"picked":"Flex","floor":6},{"not_picked":["Shrug It Off","Thunderclap","Iron Wave"],"picked":"Offering","floor":7},{"not_picked":["Fire Breathing","Infernal Blade","Perfected Strike"],"picked":"Thunderclap","floor":8},{"not_picked":["Entrench","Rage","Headbutt"],"picked":"Warcry","floor":11},{"not_picked":["Thunderclap","Cleave","Perfected Strike"],"picked":"Sword Boomerang","floor":13},{"not_picked":["Warcry","Iron Wave","Thunderclap"],"picked":"Armaments","floor":14}],"player_experience":0,"relics_obtained":[{"floor":6,"key":"Question Card"},{"floor":9,"key":"Ancient Tea Set"}],"event_choices":[{"damage_healed":0,"gold_gain":0,"player_choice":"Box","damage_taken":0,"relics_obtained":["Old Coin"],"max_hp_gain":0,"max_hp_loss":0,"event_name":"Big Fish","floor":2,"gold_loss":0,"cards_obtained":["Regret"]}],"is_beta":false,"boss_relics":[],"items_purged_floors":[10],"is_endless":false,"potions_floor_spawned":[3,6,8],"killed_by":"The Guardian","ascension_level":0}}