{"host":"lv7etzzgwahaenh9","time":1613338615,"event":{"mods":["AchievementEnabler","BaseMod","Colored Map","Colored Powertips","Highlight Path","Minty Spire (QoL Compilation)","Permanent Neow","Quick Restart","Random Character Button","StSLib"],"gold_per_floor":[114,124,134,144,158,188,188,221,221,221,241,241,275,275,275,379,379,394,394,410,4,4,4,4,4,28,45,45,57,57,84,84,84,84],"floor_reached":33,"language":"ENG","playtime":1130,"items_purged":["Defend_P"],"score":477,"play_id":"00462cde-ae9e-4cfe-835a-e16a35842242","local_time":"20210214133655","is_ascension_mode":true,"campfire_choices":[{"data":"Eruption","floor":7.0,"key":"SMITH"},{"floor":10.0,"key":"REST"},{"floor":12.0,"key":"REST"},{"data":"Prostrate","floor":15.0,"key":"SMITH"},{"data":"DevaForm","floor":23,"key":"SMITH"},{"data":"ForeignInfluence","floor":28,"key":"SMITH"},{"data":"Vigilance","floor":30,"key":"SMITH"},{"data":"Establishment","floor":32,"key":"SMITH"}],"circlet_count":0,"master_deck":["Strike_P","Strike_P","Strike_P+1","Strike_P","Defend_P","Defend_P","Defend_P","Eruption+1","Vigilance+1","BowlingBash+1","Swivel","Halt","CutThroughFate","Prostrate","Prostrate+1","DevaForm+1","ReachHeaven","Establishment+1","Ragnarok","ThirdEye","Pray","CrushJoints","ForeignInfluence+1","ForeignInfluence+1","BattleHymn"],"relics":["Black Star","Whetstone","Turnip","Juzu Bracelet","Pocketwatch","Mercury Hourglass","Tiny Chest","Ice Cream","Coffee Dripper","Bag of Marbles","Unceasing Top","Incense Burner","Bag of Preparation","Potion Belt","Mango"],"acts_visited":["Exordium","TheCity"],"potions_floor_usage":[27,27,31],"damage_taken":[{"damage":4.0,"enemies":"Small Slimes","floor":1.0,"turns":4.0},{"damage":3.0,"enemies":"Jaw Worm","floor":2.0,"turns":7.0},{"damage":0.0,"enemies":"Cultist","floor":3.0,"turns":4.0},{"damage":7.0,"enemies":"Exordium Wildlife","floor":4.0,"turns":5.0},{"damage":0.0,"enemies":"Large Slime","floor":5.0,"turns":4.0},{"damage":16.0,"enemies":"Lagavulin","floor":6.0,"turns":4.0},{"damage":32.0,"enemies":"Gremlin Nob","floor":8.0,"turns":4.0},{"damage":3.0,"enemies":"Looter","floor":11.0,"turns":4.0},{"damage":6.0,"enemies":"3 Sentries","floor":13.0,"turns":3.0},{"damage":0,"enemies":"Slime Boss","floor":16,"turns":4},{"damage":7,"enemies":"Chosen","floor":18,"turns":3},{"damage":6,"enemies":"Spheric Guardian","floor":20,"turns":4},{"damage":14,"enemies":"Shelled Parasite and Fungi","floor":27,"turns":3},{"damage":8,"enemies":"Centurion and Healer","floor":29,"turns":4},{"damage":24,"enemies":"Slavers","floor":31,"turns":4},{"damage":49,"enemies":"Collector","floor":33,"turns":3}],"seed_played":"-4242693248376228933","potions_obtained":[{"floor":3.0,"key":"Dexterity Potion"},{"floor":4.0,"key":"SneckoOil"},{"floor":6.0,"key":"CultistPotion"},{"floor":8.0,"key":"CultistPotion"},{"floor":13.0,"key":"Block Potion"},{"floor":20,"key":"EssenceOfSteel"},{"floor":29,"key":"FairyPotion"}],"is_trial":false,"path_per_floor":["M","M","M","M","M","E","R","E","T","R","M","R","E","?","R","B",null,"M","?","M","$","?","R","T","$","T","M","R","M","R","E","R","B"],"character_chosen":"WATCHER","items_purchased":["Unceasing Top","CrushJoints"],"campfire_rested":2,"item_purchase_floors":[21,21],"current_hp_per_floor":[61,58,58,51,51,35,35,3,3,24,21,42,36,41,41,41,68,61,61,55,55,41,41,41,41,41,27,27,19,19,34,34,0,0],"gold":84,"neow_bonus":"BOSS_RELIC","is_daily":false,"chose_seed":false,"campfire_upgraded":6,"win_rate":0.0,"timestamp":1613338615,"path_taken":["M","M","M","M","M","E","R","E","T","R","M","R","E","?","R","BOSS","M","?","M","$","?","R","?","?","T","M","R","M","R","E","R","BOSS"],"items_purchased_type":["Relic","Card"],"build_version":"2020-12-22","purchased_purges":1,"victory":false,"max_hp_per_floor":[72,72,72,72,72,72,72,72,72,72,72,72,72,77,77,77,77,77,77,77,77,82,82,82,82,82,82,82,82,82,96,96,96,96],"card_choices":[{"not_picked":["FollowUp","ClearTheMind"],"picked":"BowlingBash","floor":1.0},{"not_picked":["Sanctity","Prostrate"],"picked":"Swivel","floor":2.0},{"not_picked":["JustLucky","BowlingBash"],"picked":"Halt","floor":3.0},{"not_picked":["JustLucky","BowlingBash"],"picked":"CutThroughFate","floor":4.0},{"not_picked":["WaveOfTheHand","BowlingBash"],"picked":"Prostrate","floor":5.0},{"not_picked":["SashWhip","EmptyFist"],"picked":"Prostrate","floor":6.0},{"not_picked":["Wireheading","FollowUp"],"picked":"DevaForm","floor":8.0},{"not_picked":["TalkToTheHand","Study"],"picked":"ReachHeaven","floor":11.0},{"not_picked":["Consecrate","CarveReality"],"picked":"Establishment","floor":13.0},{"not_picked":["Scrawl","Omniscience"],"picked":"Ragnarok","floor":16},{"not_picked":["Perseverance","FollowUp"],"picked":"ThirdEye","floor":18},{"not_picked":["SashWhip","Crescendo"],"picked":"Pray","floor":20},{"not_picked":["ClearTheMind+1","CutThroughFate+1"],"picked":"ForeignInfluence","floor":27},{"not_picked":["Crescendo","ClearTheMind"],"picked":"ForeignInfluence+1","floor":29},{"not_picked":["Perseverance","DeusExMachina"],"picked":"BattleHymn","floor":31}],"player_experience":392850,"relics_obtained":[{"floor":6.0,"key":"Whetstone"},{"floor":6.0,"key":"Turnip"},{"floor":8.0,"key":"Juzu Bracelet"},{"floor":8.0,"key":"Pocketwatch"},{"floor":9.0,"key":"Mercury Hourglass"},{"floor":13.0,"key":"Tiny Chest"},{"floor":13.0,"key":"Ice Cream"},{"floor":24,"key":"Incense Burner"},{"floor":26,"key":"Bag of Preparation"},{"floor":31,"key":"Potion Belt"},{"floor":31,"key":"Mango"}],"event_choices":[{"damage_healed":0.0,"max_hp_gain":5.0,"max_hp_loss":0.0,"gold_gain":0.0,"event_name":"Big Fish","player_choice":"Donut","floor":14.0,"gold_loss":0.0,"damage_taken":0.0},{"damage_healed":0,"gold_gain":0,"player_choice":"Opened","damage_taken":0,"relics_obtained":["Bag of Marbles"],"max_hp_gain":0,"max_hp_loss":0,"event_name":"The Mausoleum","floor":19,"gold_loss":0},{"damage_healed":0,"gold_gain":0,"player_choice":"Shed Blood","damage_taken":19,"max_hp_gain":5,"max_hp_loss":0,"event_name":"Forgotten Altar","floor":22,"gold_loss":0}],"is_beta":false,"boss_relics":[{"not_picked":["Astrolabe","SacredBark"],"picked":"Coffee Dripper"}],"items_purged_floors":[21],"is_endless":false,"potions_floor_spawned":[3,4,6,8,13,20,29],"killed_by":"Collector","ascension_level":7}}