{"host":"bgyhjzqafgkxdxsh","time":1613275876,"event":{"mods":["BaseMod","Colored Map","Minty Spire (QoL Compilation)","Relic Stats","StSLib","everything is the same but u backflip on backflip"],"gold_per_floor":[11,29,40,58,75,75,175,175,256,290,270,270,185,87,87,87,87],"floor_reached":16,"language":"ENG","playtime":659,"items_purged":[],"score":179,"play_id":"b73cab90-63d4-497a-981e-550df2f8867f","local_time":"20210214141116","is_ascension_mode":true,"campfire_choices":[{"data":"Leg Sweep","floor":6,"key":"SMITH"},{"data":"Blade Dance","floor":8,"key":"SMITH"},{"floor":15,"key":"DIG"}],"circlet_count":0,"master_deck":["AscendersBane","Strike_G","Strike_G","Strike_G","Strike_G","Strike_G","Defend_G","Defend_G","Defend_G","Defend_G","Defend_G","Survivor","Neutralize","PiercingWail","Slice","Blade Dance+1","Leg Sweep+1","Riddle With Holes+1","Bandage Up"],"relics":["Ring of the Snake","Du-Vu Doll","Singing Bowl","Shovel","Strawberry"],"acts_visited":["Exordium"],"potions_floor_usage":[11,16],"damage_taken":[{"damage":0,"enemies":"Small Slimes","floor":1,"turns":4},{"damage":6,"enemies":"Cultist","floor":2,"turns":3},{"damage":0,"enemies":"2 Louse","floor":3,"turns":2},{"damage":14,"enemies":"Exordium Wildlife","floor":4,"turns":8},{"damage":11,"enemies":"Large Slime","floor":5,"turns":6},{"damage":16,"enemies":"Lagavulin","floor":10,"turns":8},{"damage":8,"enemies":"Exordium Thugs","floor":11,"turns":6},{"damage":25,"enemies":"Slime Boss","floor":16,"turns":12}],"seed_played":"-7746413963020506061","potions_obtained":[{"floor":3,"key":"Ancient Potion"},{"floor":4,"key":"Fruit Juice"}],"is_trial":false,"path_per_floor":["M","M","M","M","M","R","?","R","T","E","M","?","$","$","R","B"],"character_chosen":"THE_SILENT","items_purchased":["Bandage Up","GhostInAJar"],"campfire_rested":0,"item_purchase_floors":[13,14],"current_hp_per_floor":[59,53,53,39,28,28,28,28,28,14,11,11,11,11,18,0,0],"gold":87,"neow_bonus":"ONE_RARE_RELIC","is_daily":false,"chose_seed":false,"campfire_upgraded":2,"win_rate":0.0,"timestamp":1613275876,"path_taken":["M","M","M","M","M","R","?","R","T","E","?","?","?","$","R","BOSS"],"items_purchased_type":["Card","Potion"],"build_version":"2020-12-22","purchased_purges":0,"victory":false,"max_hp_per_floor":[66,66,66,66,66,66,66,66,66,68,73,73,73,73,80,80,80],"relic_stats":{"Shovel":1,"Singing Bowl":2,"counters":[8,49],"obtain_stats":[{"Du-Vu Doll":0,"Shovel":10,"Singing Bowl":9,"Strawberry":15,"Ring of the Snake":0},{"Du-Vu Doll":0,"Shovel":6,"Singing Bowl":5,"Strawberry":7,"Ring of the Snake":0},{"Du-Vu Doll":0,"Shovel":31,"Singing Bowl":23,"Strawberry":37,"Ring of the Snake":0}],"Ring of the Snake":[16]},"card_choices":[{"not_picked":["Setup","Underhanded Strike"],"picked":"PiercingWail","floor":1},{"not_picked":["Outmaneuver","PiercingWail"],"picked":"Slice","floor":2},{"not_picked":["Crippling Poison","Catalyst","Slice"],"picked":"SKIP","floor":3},{"not_picked":["Acrobatics","Deadly Poison"],"picked":"Blade Dance","floor":4},{"not_picked":["Quick Slash","Outmaneuver"],"picked":"Leg Sweep","floor":5},{"not_picked":["Tactician","Dash","Well Laid Plans"],"picked":"Singing Bowl","floor":10},{"not_picked":["Well Laid Plans","Eviscerate"],"picked":"Riddle With Holes","floor":11}],"player_experience":524619,"relics_obtained":[{"floor":9,"key":"Singing Bowl"},{"floor":10,"key":"Shovel"},{"floor":15,"key":"Strawberry"}],"event_choices":[{"damage_healed":0,"gold_gain":100,"player_choice":"Gold","damage_taken":0,"max_hp_gain":0,"max_hp_loss":0,"event_name":"Wheel of Change","floor":7,"gold_loss":0},{"damage_healed":0,"gold_gain":0,"player_choice":"Grow","damage_taken":0,"max_hp_gain":0,"max_hp_loss":0,"event_name":"Living Wall","floor":12,"gold_loss":0,"cards_upgraded":["Riddle With Holes"]}],"is_beta":false,"boss_relics":[],"items_purged_floors":[],"is_endless":false,"potions_floor_spawned":[3,4],"killed_by":"Slime Boss","ascension_level":15}}