{"host":"clf2hd4adhiiw0zf","time":1613294638,"event":{"mods":["AchievementEnabler","BaseMod","Beaked The Cultist","Bestiary","Dark Map","Downfall","Gremlin Mod","Hermit","Jorbs\u0027s Wanderer Trilogy","Marisa????????","Minty Spire (QoL Compilation)","Shop Mod","StSLib","The Cursed","The Servant 0.9.4","Wide Potions"],"gold_per_floor":[99,111,111,129,147,322,322,337,365,365,465,465,365,25,42,42,42,42],"floor_reached":16,"language":"ENG","playtime":603,"items_purged":["Doubt"],"score":160,"play_id":"519abf0d-d081-425e-9473-66cbea7dad17","local_time":"20210214022358","is_ascension_mode":true,"campfire_choices":[{"floor":1,"key":"RECALL"},{"floor":13,"key":"REST"}],"circlet_count":0,"master_deck":["AscendersBane","champ:Strike","champ:Strike","champ:Strike","champ:Strike","champ:Defend","champ:Defend","champ:Defend+1","champ:Execute","champ:Taunt","champ:GutPunch+1","champ:Haymaker","champ:Shatter","champ:DefensiveStyle+1","champ:Endure","downfall:Malfunctioning","champ:EnchantSword","champ:ShieldWall","champ:SkillfulDodge"],"relics":["Runic Pyramid","The Courier","Torii","Potion Belt","downfall:HeartBlessingRed","champ:FightingForDummies","Guardian:PocketSentry"],"acts_visited":["Exordium"],"potions_floor_usage":[8,16],"damage_taken":[{"damage":26,"enemies":"Small Slimes","floor":2,"turns":4},{"damage":17,"enemies":"Cultist","floor":4,"turns":4},{"damage":24,"enemies":"Jaw Worm","floor":5,"turns":4},{"damage":39,"enemies":"3 Louse","floor":8,"turns":2},{"damage":55,"enemies":"3 Sentries","floor":9,"turns":10},{"damage":10,"enemies":"downfall:FleeingMerchant","floor":14,"turns":4},{"damage":6,"enemies":"2 Fungi Beasts","floor":15,"turns":4},{"damage":34,"enemies":"DF_ARCHETYPE_STREAMLINE","floor":16,"turns":9}],"seed_played":"-3416917662716296055","potions_obtained":[{"floor":4,"key":"SkillPotion"},{"floor":9,"key":"BlessingOfTheForge"},{"floor":15,"key":"ColorlessPotion"}],"is_trial":false,"path_per_floor":["R","M","?","M","M","?","T","M","E","?","?","?","R","$","M","B"],"character_chosen":"THE_CHAMP","items_purchased":["champ:FightingForDummies","champ:ShieldWall","Guardian:PocketSentry"],"campfire_rested":1,"item_purchase_floors":[14,14,14],"current_hp_per_floor":[81,75,75,73,59,59,59,55,20,8,8,8,35,35,34,0,0,0],"gold":42,"neow_bonus":"BOSS_RELIC","is_daily":false,"chose_seed":false,"campfire_upgraded":0,"win_rate":0.0,"timestamp":1613294638,"path_taken":["R","M","?","?","M","?","T","M","E","?","?","?","R","?","M","BOSS"],"items_purchased_type":["Relic","Card","Relic"],"build_version":"2020-12-22","purchased_purges":1,"victory":false,"max_hp_per_floor":[90,90,90,90,90,90,90,90,90,90,90,90,90,90,90,90,90,90],"card_choices":[{"not_picked":["champ:BladeFlurry","champ:BerserkerStyle"],"picked":"champ:GutPunch","floor":2},{"not_picked":["champ:Backstep","champ:FalseCounter"],"picked":"champ:Haymaker","floor":4},{"not_picked":["champ:Backstep","champ:EnGarde"],"picked":"champ:Shatter","floor":5},{"not_picked":["champ:SetATrap","champ:BringItOn"],"picked":"champ:DefensiveStyle","floor":8},{"not_picked":["champ:DefensiveShout","champ:BerserkersShout"],"picked":"champ:Endure","floor":9},{"not_picked":["champ:DefensiveShout","champ:BerserkerStyle"],"picked":"champ:EnchantSword","floor":14},{"not_picked":["champ:Backstep","champ:ShieldSigil"],"picked":"champ:SkillfulDodge","floor":15}],"player_experience":285389,"relics_obtained":[{"floor":7,"key":"The Courier"},{"floor":9,"key":"Torii"}],"event_choices":[{"cards_removed":["champ:Defend"],"damage_healed":0,"gold_gain":0,"player_choice":"Offered Basic","damage_taken":0,"max_hp_gain":0,"max_hp_loss":0,"event_name":"Bonfire Elementals","floor":3,"gold_loss":0},{"damage_healed":0,"gold_gain":0,"player_choice":"Success","damage_taken":12,"relics_obtained":["Potion Belt"],"max_hp_gain":0,"max_hp_loss":0,"event_name":"Scrap Ooze","floor":10,"gold_loss":0}],"is_beta":false,"boss_relics":[],"items_purged_floors":[14],"is_endless":false,"potions_floor_spawned":[4,9,15],"killed_by":"DF_ARCHETYPE_STREAMLINE","ascension_level":12}}