{"host":"d3b2x3wue20uj2ir","time":1613306819,"event":{"mods":["AchievementEnabler","BaseMod","Better Third Choice","BetterRewards","Exacting","FTL Soundtrack","Minty Spire (QoL Compilation)","Shop Mod","StSLib"],"gold_per_floor":[119,40,65,83,95,95,125,125,150,167,136,136,170,183,183,284,284,266,266,282,29,29,29,29,56,56,86,86,103,138,154,154,253,253,287,33,45,58,83,116,116,116,185,213,227,227,240,271,271,271,271,271,2,30,30],"floor_reached":56,"language":"ENG","playtime":2845,"items_purged":[],"score":1807,"play_id":"010bca0d-13b0-4513-979a-a4817c8c4cf7","local_time":"20210214224659","is_ascension_mode":true,"campfire_choices":[{"floor":6,"key":"RECALL"},{"data":"Demon Form","floor":8,"key":"SMITH"},{"floor":15,"key":"REST"},{"data":"Limit Break","floor":23,"key":"SMITH"},{"data":"Feel No Pain","floor":28,"key":"SMITH"},{"data":"Armaments","floor":32,"key":"SMITH"},{"data":"Berserk","floor":41,"key":"SMITH"},{"floor":49,"key":"REST"},{"data":"Demon Form","floor":52,"key":"SMITH"}],"circlet_count":0,"master_deck":["Strike_R+1","Strike_R","Strike_R","Strike_R+1","Defend_R+1","Defend_R","Defend_R","Defend_R+1","Bash","Metallicize","Metallicize","Secret Technique","Armaments+1","Perfected Strike","Uppercut","Demon Form+1","Fire Breathing","Body Slam","Shockwave","Twin Strike","Ghostly Armor","Thunderclap","Limit Break+1","CurseOfTheBell","Spot Weakness+1","Dark Embrace+1","Flex","Metallicize","Perfected Strike","Feel No Pain+1","Flame Barrier","Intimidate","Shrug It Off+1","Demon Form+1","Spot Weakness+1","Shrug It Off","Armaments+1","Iron Wave+1","Berserk+1","Madness","Madness","Iron Wave","Whirlwind+1","Offering","Heavy Blade","Havoc","Ghostly Armor","Shrug It Off+1"],"relics":["Black Blood","Matryoshka","Whetstone","DollysMirror","HornCleat","ClockworkSouvenir","PreservedInsect","Bag of Marbles","Vajra","betterThird:SlimedRelic","Kunai","Happy Flower","Calling Bell","Lantern","StrikeDummy","Turnip","Sling","FaceOfCleric","Gremlin Horn","War Paint","Ginger","Tiny Chest","Question Card","OrangePellets","Pen Nib","Eternal Feather","Frozen Egg 2","Lizard Tail","Bottled Tornado","Letter Opener","Strawberry","Self Forming Clay"],"acts_visited":["Exordium","TheCity","TheBeyond","TheEnding"],"potions_floor_usage":[13,20,30,33,40,47,48,50,55],"damage_taken":[{"damage":0,"enemies":"Cultist","floor":1,"turns":5},{"damage":2,"enemies":"2 Louse","floor":3,"turns":2},{"damage":7,"enemies":"Jaw Worm","floor":4,"turns":4},{"damage":0,"enemies":"3 Louse","floor":5,"turns":4},{"damage":11,"enemies":"Looter","floor":10,"turns":2},{"damage":16,"enemies":"Lagavulin","floor":13,"turns":5},{"damage":15,"enemies":"Large Slime","floor":14,"turns":5},{"damage":14,"enemies":"Slime Boss","floor":16,"turns":9},{"damage":10,"enemies":"2 Thieves","floor":18,"turns":4},{"damage":0,"enemies":"3 Byrds","floor":20,"turns":5},{"damage":12,"enemies":"Slavers","floor":25,"turns":4},{"damage":6,"enemies":"Gremlin Leader","floor":27,"turns":3},{"damage":0,"enemies":"3 Cultists","floor":29,"turns":5},{"damage":5,"enemies":"Slavers","floor":30,"turns":2},{"damage":8,"enemies":"Snake Plant","floor":31,"turns":4},{"damage":13,"enemies":"Champ","floor":33,"turns":9},{"damage":32,"enemies":"3 Shapes","floor":35,"turns":10},{"damage":3,"enemies":"Orb Walker","floor":37,"turns":4},{"damage":12,"enemies":"4 Shapes","floor":38,"turns":6},{"damage":26,"enemies":"Nemesis","floor":40,"turns":7},{"damage":45,"enemies":"Giant Head","floor":44,"turns":7},{"damage":9,"enemies":"Maw","floor":45,"turns":6},{"damage":9,"enemies":"Sphere and 2 Shapes","floor":47,"turns":5},{"damage":40,"enemies":"Nemesis","floor":48,"turns":7},{"damage":29,"enemies":"Donu and Deca","floor":50,"turns":7},{"damage":68,"enemies":"Shield and Spear","floor":54,"turns":6},{"damage":73,"enemies":"The Heart","floor":55,"turns":9}],"seed_played":"-5405503871152007647","potions_obtained":[{"floor":1,"key":"FairyPotion"},{"floor":3,"key":"Strength Potion"},{"floor":16,"key":"Regen Potion"},{"floor":18,"key":"Energy Potion"},{"floor":20,"key":"Strength Potion"},{"floor":27,"key":"DistilledChaos"},{"floor":37,"key":"Explosive Potion"},{"floor":40,"key":"GamblersBrew"},{"floor":47,"key":"SpeedPotion"},{"floor":48,"key":"DuplicationPotion"}],"is_trial":false,"path_per_floor":["M","$","M","M","M","R","?","R","T","M","?","?","E","M","R","B",null,"M","?","M","$","?","R","?","E","T","E","R","M","E","M","R","B",null,"M","$","M","M","T","E","R","?","T","E","M","T","M","E","R","B",null,"R","$","E","B",null],"character_chosen":"IRONCLAD","items_purchased":["Matryoshka","Metallicize","Whetstone","DollysMirror","Secret Technique","Armaments","HornCleat","ClockworkSouvenir","PreservedInsect","Perfected Strike","Demon Form","Sling","Flex","Metallicize","OrangePellets","Shrug It Off","SkillPotion","Strawberry","Havoc","Ghostly Armor"],"campfire_rested":2,"item_purchase_floors":[0,0,0,0,0,0,0,0,0,0,2,21,21,21,36,36,36,53,53,53],"current_hp_per_floor":[38,38,42,41,47,47,47,47,47,42,31,31,21,12,36,28,80,76,76,80,80,80,80,80,75,75,76,76,83,84,83,83,77,86,67,67,77,78,78,65,86,75,75,43,47,47,51,24,79,63,95,95,102,47,17],"gold":30,"neow_bonus":"","is_daily":false,"chose_seed":false,"campfire_upgraded":6,"win_rate":0.0,"timestamp":1613306819,"path_taken":["M","$","?","M","M","R","?","R","T","M","?","?","E","M","R","BOSS","M","?","M","$","?","R","?","E","T","E","R","M","E","M","R","BOSS","M","$","M","M","?","E","R","?","T","E","?","?","M","E","R","BOSS","R","$","E","BOSS"],"items_purchased_type":["Relic","Card","Relic","Relic","Card","Card","Relic","Relic","Relic","Card","Card","Relic","Card","Card","Relic","Card","Potion","Relic","Card","Card"],"build_version":"2020-12-22","purchased_purges":0,"victory":true,"max_hp_per_floor":[80,80,80,80,80,80,80,80,80,80,80,80,80,80,80,80,80,80,80,80,80,80,80,80,81,81,82,82,83,84,85,85,86,86,87,87,88,89,89,90,90,90,90,91,92,92,93,94,94,95,95,95,102,103,104],"card_choices":[{"not_picked":["Blood for Blood","Headbutt"],"picked":"Uppercut","floor":1},{"not_picked":["Twin Strike","Havoc"],"picked":"Fire Breathing","floor":3},{"not_picked":["Warcry","Combust"],"picked":"Body Slam","floor":4},{"not_picked":["Evolve","Havoc"],"picked":"Shockwave","floor":5},{"not_picked":["Body Slam","Shockwave"],"picked":"Twin Strike","floor":10},{"not_picked":["Disarm","Fire Breathing"],"picked":"Ghostly Armor","floor":13},{"not_picked":["Headbutt","Cleave"],"picked":"Thunderclap","floor":14},{"not_picked":["Double Tap","Fiend Fire"],"picked":"Limit Break","floor":16},{"not_picked":["Clash+1","Searing Blow"],"picked":"Spot Weakness+1","floor":18},{"not_picked":["Havoc","Headbutt"],"picked":"Dark Embrace+1","floor":20},{"not_picked":["Searing Blow","Headbutt"],"picked":"Perfected Strike","floor":25},{"not_picked":["Combust","Dual Wield+1"],"picked":"Feel No Pain","floor":27},{"not_picked":["Second Wind","Seeing Red+1"],"picked":"Flame Barrier","floor":29},{"not_picked":["Clash","Carnage"],"picked":"Intimidate","floor":30},{"not_picked":["Rampage+1","Searing Blow+1","Twin Strike"],"picked":"Shrug It Off+1","floor":31},{"not_picked":["Bludgeon","Feed","Impervious"],"picked":"Demon Form","floor":33},{"not_picked":["Bloodletting+1","Clothesline+1","Dual Wield+1"],"picked":"Spot Weakness+1","floor":35},{"not_picked":["Headbutt+1","Sword Boomerang","Dual Wield+1"],"picked":"Armaments+1","floor":37},{"not_picked":["True Grit+1","Armaments","Rupture+1"],"picked":"Iron Wave+1","floor":38},{"not_picked":["Thunderclap","Clash","Uppercut+1"],"picked":"Berserk","floor":40},{"not_picked":["Anger+1","Warcry","Sword Boomerang+1"],"picked":"Iron Wave","floor":44},{"not_picked":["Havoc","Flex+1","Battle Trance+1"],"picked":"Whirlwind+1","floor":45},{"not_picked":["Pommel Strike","Evolve+1","Sword Boomerang+1"],"picked":"Offering","floor":47},{"not_picked":["Clothesline+1","Second Wind","Body Slam"],"picked":"Heavy Blade","floor":48},{"not_picked":["Dual Wield","Searing Blow+1","Havoc"],"picked":"Shrug It Off+1","floor":54}],"player_experience":708407,"relics_obtained":[{"floor":9,"key":"Vajra"},{"floor":13,"key":"Happy Flower"},{"floor":17,"key":"Lantern"},{"floor":17,"key":"StrikeDummy"},{"floor":17,"key":"Turnip"},{"floor":25,"key":"Gremlin Horn"},{"floor":26,"key":"War Paint"},{"floor":26,"key":"Ginger"},{"floor":27,"key":"Tiny Chest"},{"floor":30,"key":"Question Card"},{"floor":39,"key":"Pen Nib"},{"floor":40,"key":"Eternal Feather"},{"floor":43,"key":"Frozen Egg 2"},{"floor":44,"key":"Lizard Tail"},{"floor":46,"key":"Bottled Tornado"},{"floor":48,"key":"Letter Opener"},{"floor":54,"key":"Self Forming Clay"}],"event_choices":[{"damage_healed":0,"gold_gain":30,"player_choice":"Searched \u00273\u0027 times","damage_taken":0,"relics_obtained":["Bag of Marbles"],"max_hp_gain":0,"max_hp_loss":0,"event_name":"Dead Adventurer","floor":7,"gold_loss":0},{"damage_healed":0,"gold_gain":0,"player_choice":"Slimed","damage_taken":11,"max_hp_gain":0,"max_hp_loss":0,"event_name":"betterThird:BetterGoop","floor":11,"gold_loss":31},{"damage_healed":0,"gold_gain":0,"player_choice":"Box","damage_taken":0,"relics_obtained":["Kunai"],"max_hp_gain":0,"max_hp_loss":0,"event_name":"Big Fish","floor":12,"gold_loss":0,"cards_obtained":["Regret"]},{"damage_healed":0,"gold_gain":0,"player_choice":"Ignored","damage_taken":0,"max_hp_gain":0,"max_hp_loss":0,"event_name":"Vampires","floor":19,"gold_loss":0},{"cards_removed":["Regret"],"damage_healed":0,"gold_gain":0,"player_choice":"Elegance","damage_taken":0,"max_hp_gain":0,"max_hp_loss":0,"event_name":"betterThird:BetterWriting","floor":22,"gold_loss":0},{"damage_healed":0,"gold_gain":0,"player_choice":"Trade","damage_taken":0,"relics_obtained":["FaceOfCleric"],"max_hp_gain":0,"max_hp_loss":0,"event_name":"FaceTrader","floor":24,"gold_loss":0},{"damage_healed":0,"gold_gain":0,"player_choice":"Embrace Madness","damage_taken":11,"max_hp_gain":0,"max_hp_loss":0,"event_name":"Winding Halls","floor":42,"gold_loss":0,"cards_obtained":["Madness","Madness"]}],"is_beta":false,"boss_relics":[{"not_picked":["Mark of Pain","Cursed Key"],"picked":"Calling Bell"},{"not_picked":["Philosopher\u0027s Stone","Snecko Eye"],"picked":"Black Blood"}],"items_purged_floors":[],"is_endless":false,"potions_floor_spawned":[1,3,16,18,20,27,37,40,47,48],"ascension_level":3}}