{"host":"bvp2uifzy1c463d9","time":1613281474,"event":{"mods":["AchievementEnabler","BaseMod","Better Note","Block Reminder","Bossed Relics","ChefMod","Colored Map","Colored Powertips","Energized Spire","Hermit","Highlight Path","Hubris","Infinite Spire","Minty Spire (QoL Compilation)","Random Character Button","Relic Sorter","Relic Stats","Reliquary","Replay The Spire","Robot Space Explorer","StSLib","The Blue Laboratory","The Jungle","The Servant 0.9.4","Wandering Minibosses"],"gold_per_floor":[110,128,151,166,14,14,14,14],"floor_reached":7,"language":"ENG","playtime":392,"items_purged":["Strike_G"],"score":47,"play_id":"34f3348e-4ff7-4d30-8f0e-f6ea39320db0","local_time":"20210213234434","is_ascension_mode":true,"campfire_choices":[{"data":"Wraith Form v2","floor":6,"key":"SMITH"}],"circlet_count":0,"master_deck":["Strike_G","Strike_G","Strike_G","Strike_G","Defend_G","Defend_G","Defend_G","Defend_G","Defend_G","Survivor","Neutralize","Venomology","Well Laid Plans","Outmaneuver","Acrobatics","Wraith Form v2+1"],"relics":["Ring of the Snake","Juzu Bracelet"],"acts_visited":["Exordium"],"potions_floor_usage":[2,7,7],"damage_taken":[{"damage":10,"enemies":"Cultist","floor":1,"turns":5},{"damage":4,"enemies":"Small Slimes","floor":2,"turns":4},{"damage":4,"enemies":"2 Louse","floor":4,"turns":4},{"damage":60,"enemies":"Lagavulin","floor":7,"turns":11}],"seed_played":"-8867025446830092578","potions_obtained":[{"floor":4,"key":"blueLaboratory:PhilterOfMotion"}],"is_trial":false,"path_per_floor":["M","M","T","M","$","R","E"],"character_chosen":"THE_SILENT","items_purchased":["Wraith Form v2"],"campfire_rested":0,"item_purchase_floors":[5],"current_hp_per_floor":[60,56,56,52,52,52,0,0],"gold":14,"neow_bonus":"ONE_RANDOM_RARE_CARD","is_daily":false,"chose_seed":false,"campfire_upgraded":1,"win_rate":0.0,"timestamp":1613281474,"path_taken":["M","M","?","M","?","R","E"],"items_purchased_type":["Card"],"build_version":"2020-12-22","purchased_purges":1,"victory":false,"max_hp_per_floor":[70,70,70,70,70,70,70,70],"relic_stats":{"counters":[4,24],"Juzu Bracelet":0,"obtain_stats":[{"Juzu Bracelet":3,"Ring of the Snake":0},{"Juzu Bracelet":2,"Ring of the Snake":0},{"Juzu Bracelet":9,"Ring of the Snake":0}],"Ring of the Snake":[8]},"card_choices":[{"not_picked":["Sucker Punch","PiercingWail"],"picked":"Well Laid Plans","floor":1},{"not_picked":["Backflip","Hidden Blade"],"picked":"Outmaneuver","floor":2},{"not_picked":["Flying Knee","Infinite Blades"],"picked":"Acrobatics","floor":4}],"player_experience":348515,"relics_obtained":[{"floor":3,"key":"Juzu Bracelet"}],"event_choices":[],"is_beta":false,"boss_relics":[],"items_purged_floors":[5],"is_endless":false,"potions_floor_spawned":[4],"killed_by":"Lagavulin","ascension_level":3}}