{"host":"dnvpprmy3abbf89m","time":1613264558,"event":{"mods":["BaseMod","Colored Map","Minty Spire (QoL Compilation)","StSLib"],"gold_per_floor":[115,45,62,72,72,72,84,100,123,123,138,157,157,183,183,283,283,298,5,19,19,0,0,28,70,82,94,120,132,144,175,187,299,361,391,403,425,437,449,461,487,530,591,224,224,237,237,237,237,237,237],"floor_reached":50,"language":"ENG","playtime":2385,"items_purged":["Strike_G","Defend_G"],"score":811,"play_id":"1e5ffc7a-5a95-4543-aa3f-ff344cf2e1b1","local_time":"20210214020238","is_ascension_mode":true,"campfire_choices":[{"data":"Poisoned Stab","floor":6.0,"key":"SMITH"},{"data":"Deadly Poison","floor":10.0,"key":"SMITH"},{"data":"Catalyst","floor":13.0,"key":"SMITH"},{"data":"Poisoned Stab","floor":15.0,"key":"SMITH"},{"data":"Terror","floor":23.0,"key":"SMITH"},{"data":"Footwork","floor":29.0,"key":"SMITH"},{"floor":32.0,"key":"REST"},{"data":"Wraith Form v2","floor":40.0,"key":"SMITH"},{"floor":49.0,"key":"REST"}],"circlet_count":0,"master_deck":["AscendersBane","Strike_G+1","Strike_G+1","Defend_G","Defend_G","Defend_G","Defend_G","Survivor","Poisoned Stab+1","Catalyst+1","PiercingWail","Terror+1","Deadly Poison+1","Backflip+1","Corpse Explosion","Poisoned Stab+1","Wraith Form v2+1","Prepared+1","Footwork+1","Noxious Fumes","Glass Knife","Crippling Poison","Dark Shackles","Dash","Underhanded Strike"],"relics":["Ring of the Snake","Whetstone","Dream Catcher","Busted Crown","Snake Skull","MutagenicStrength","MawBank","Bottled Flame","Tiny House","Pen Nib","Juzu Bracelet","Happy Flower"],"acts_visited":["Exordium","TheCity","TheBeyond"],"potions_floor_usage":[50],"damage_taken":[{"damage":4.0,"enemies":"Jaw Worm","floor":1.0,"turns":6.0},{"damage":0.0,"enemies":"Cultist","floor":3.0,"turns":4.0},{"damage":1.0,"enemies":"Small Slimes","floor":4.0,"turns":4.0},{"damage":5.0,"enemies":"2 Fungi Beasts","floor":7.0,"turns":4.0},{"damage":2.0,"enemies":"Gremlin Gang","floor":8.0,"turns":5.0},{"damage":6.0,"enemies":"Looter","floor":11.0,"turns":3.0},{"damage":2.0,"enemies":"Exordium Wildlife","floor":12.0,"turns":3.0},{"damage":18.0,"enemies":"Slime Boss","floor":16.0,"turns":5.0},{"damage":1.0,"enemies":"3 Byrds","floor":18.0,"turns":2.0},{"damage":0.0,"enemies":"Chosen","floor":20.0,"turns":3.0},{"damage":3.0,"enemies":"Gremlin Leader","floor":24.0,"turns":6.0},{"damage":2.0,"enemies":"Centurion and Healer","floor":25.0,"turns":3.0},{"damage":1.0,"enemies":"Snake Plant","floor":28.0,"turns":3.0},{"damage":7.0,"enemies":"Shelled Parasite and Fungi","floor":31.0,"turns":3.0},{"damage":7.0,"enemies":"Collector","floor":33.0,"turns":7.0},{"damage":1.0,"enemies":"Orb Walker","floor":35.0,"turns":5.0},{"damage":3.0,"enemies":"3 Darklings","floor":37.0,"turns":2.0},{"damage":17.0,"enemies":"Spire Growth","floor":41.0,"turns":4.0},{"damage":24.0,"enemies":"Nemesis","floor":42.0,"turns":7.0},{"damage":11.0,"enemies":"Sphere and 2 Shapes","floor":46.0,"turns":6.0},{"damage":47,"enemies":"Awakened One","floor":50,"turns":3}],"seed_played":"-1934212231544608468","potions_obtained":[{"floor":3.0,"key":"FairyPotion"},{"floor":4.0,"key":"SmokeBomb"},{"floor":7.0,"key":"PowerPotion"},{"floor":16.0,"key":"Explosive Potion"},{"floor":24.0,"key":"ColorlessPotion"},{"floor":25.0,"key":"Swift Potion"},{"floor":31.0,"key":"SpeedPotion"},{"floor":41.0,"key":"SpeedPotion"},{"floor":46.0,"key":"PowerPotion"}],"is_trial":false,"path_per_floor":["M","$","M","M","?","R","M","M","T","R","M","M","R","T","R","B",null,"M","$","M","?","?","R","E","M","T","?","M","R","$","M","R","B",null,"M","?","M","?","$","R","M","E","T","$","?","M","?","?","R","B"],"character_chosen":"THE_SILENT","items_purchased":["Catalyst","Snake Skull","Noxious Fumes","Happy Flower","Dark Shackles","Dash"],"campfire_rested":2,"item_purchase_floors":[2,19,19,44,44,44],"current_hp_per_floor":[59,59,59,58,58,58,53,51,51,51,45,43,43,43,43,25,54,53,53,53,53,53,53,50,48,48,42,41,41,41,34,52,45,64,63,63,60,60,60,60,43,19,19,19,19,8,8,8,27,0,0],"gold":237,"neow_bonus":"REMOVE_TWO","is_daily":false,"chose_seed":false,"campfire_upgraded":7,"win_rate":0.0,"timestamp":1613264558,"path_taken":["M","$","M","M","?","R","?","M","T","R","M","M","R","?","R","BOSS","M","$","M","?","?","R","E","M","T","?","?","R","$","?","R","BOSS","M","?","M","?","$","R","M","E","T","$","?","M","?","?","R","BOSS"],"items_purchased_type":["Card","Relic","Card","Relic","Card","Card"],"build_version":"2020-12-22","purchased_purges":2,"victory":false,"max_hp_per_floor":[63,63,63,63,63,63,63,63,63,63,63,63,63,63,63,63,63,63,63,63,63,63,63,63,63,63,63,63,63,63,63,63,63,68,68,68,68,65,65,65,65,65,65,65,65,65,65,65,65,65,65],"card_choices":[{"not_picked":["Slice","Sucker Punch"],"picked":"Poisoned Stab","floor":1.0},{"not_picked":["Slice","Acrobatics"],"picked":"PiercingWail","floor":3.0},{"not_picked":["Catalyst","Eviscerate"],"picked":"Terror","floor":4.0},{"not_picked":["Reflex","Choke"],"picked":"Backflip","floor":7.0},{"not_picked":["Underhanded Strike","Terror","Slice"],"picked":"SKIP","floor":8.0},{"not_picked":["Poisoned Stab","Sucker Punch"],"picked":"Corpse Explosion","floor":11.0},{"not_picked":["Heel Hook","Accuracy"],"picked":"Poisoned Stab","floor":12.0},{"not_picked":["Adrenaline","Die Die Die"],"picked":"Wraith Form v2","floor":16.0},{"not_picked":[],"picked":"Prepared+1","floor":18.0},{"not_picked":[],"picked":"Footwork","floor":20.0},{"not_picked":["All Out Attack"],"picked":"SKIP","floor":24.0},{"not_picked":["Underhanded Strike"],"picked":"SKIP","floor":25.0},{"not_picked":["Slice"],"picked":"SKIP","floor":28.0},{"not_picked":["Prepared+1"],"picked":"SKIP","floor":31.0},{"not_picked":[],"picked":"Noxious Fumes","floor":32.0},{"not_picked":[],"picked":"Glass Knife","floor":33.0},{"not_picked":["Choke"],"picked":"SKIP","floor":35.0},{"not_picked":[],"picked":"Crippling Poison","floor":37.0},{"not_picked":["Poisoned Stab"],"picked":"SKIP","floor":41.0},{"not_picked":["Distraction"],"picked":"SKIP","floor":42.0},{"not_picked":["Footwork"],"picked":"SKIP","floor":46.0}],"player_experience":859381,"relics_obtained":[{"floor":9.0,"key":"Whetstone"},{"floor":14.0,"key":"Dream Catcher"},{"floor":24.0,"key":"MawBank"},{"floor":26.0,"key":"Bottled Flame"},{"floor":42.0,"key":"Pen Nib"},{"floor":43.0,"key":"Juzu Bracelet"}],"event_choices":[{"damage_healed":0.0,"max_hp_gain":0.0,"max_hp_loss":0.0,"gold_gain":0.0,"event_name":"Match and Keep!","player_choice":"1 cards matched","floor":5.0,"gold_loss":0.0,"damage_taken":0.0,"cards_obtained":["Deadly Poison"]},{"damage_healed":0.0,"max_hp_gain":0.0,"max_hp_loss":0.0,"gold_gain":0.0,"event_name":"Drug Dealer","player_choice":"Inject Mutagens","floor":21.0,"gold_loss":0.0,"damage_taken":0.0,"relics_obtained":["MutagenicStrength"]},{"damage_healed":0.0,"max_hp_gain":0.0,"max_hp_loss":0.0,"gold_gain":0.0,"event_name":"Masked Bandits","player_choice":"Paid Fearfully","floor":22.0,"gold_loss":19.0,"damage_taken":0.0},{"damage_healed":0.0,"max_hp_gain":0.0,"max_hp_loss":0.0,"gold_gain":0.0,"event_name":"Knowing Skull","player_choice":"","floor":27.0,"potions_obtained":[],"gold_loss":0.0,"damage_taken":6.0,"cards_obtained":[]},{"damage_healed":0.0,"max_hp_gain":0.0,"max_hp_loss":0.0,"gold_gain":0.0,"event_name":"SensoryStone","player_choice":"Memory 1","floor":36.0,"gold_loss":0.0,"damage_taken":0.0},{"damage_healed":0.0,"max_hp_gain":0.0,"max_hp_loss":3.0,"gold_gain":0.0,"event_name":"Winding Halls","player_choice":"Max HP","floor":38.0,"gold_loss":0.0,"damage_taken":0.0},{"cards_removed":["Noxious Fumes"],"damage_healed":0.0,"max_hp_gain":0.0,"max_hp_loss":0.0,"gold_gain":0.0,"event_name":"Falling","player_choice":"Removed Power","floor":45.0,"gold_loss":0.0,"damage_taken":0.0},{"damage_healed":0.0,"max_hp_gain":0.0,"max_hp_loss":0.0,"gold_gain":0.0,"event_name":"Mysterious Sphere","player_choice":"Ignored","floor":47.0,"gold_loss":0.0,"damage_taken":0.0},{"damage_healed":0.0,"max_hp_gain":0.0,"max_hp_loss":0.0,"gold_gain":0.0,"cards_transformed":["Neutralize"],"event_name":"Transmorgrifier","player_choice":"Transformed","floor":48.0,"gold_loss":0.0,"damage_taken":0.0,"cards_obtained":["Underhanded Strike"]}],"is_beta":false,"boss_relics":[{"not_picked":["Cursed Key","Calling Bell"],"picked":"Busted Crown"},{"not_picked":["Astrolabe","Runic Pyramid"],"picked":"Tiny House"}],"items_purged_floors":[19,44],"is_endless":false,"potions_floor_spawned":[3,4,7,8,16,24,25,31,41,46],"killed_by":"Awakened One","ascension_level":12}}