{"host":"5dhwd44u3dydylwe","time":1613289613,"event":{"mods":["AchievementEnabler","BaseMod","BetterRewards","Dota2Spire","Duelist Mod","GifTheSpireLib","Hubris","Minty Spire (QoL Compilation)","Shop Mod","StSLib","Wandering Minibosses"],"gold_per_floor":[138,152,172,172,190,190,222,242,242,257,306,306,338,338,338,352,376,387,413,19,19,151,151,200,216,261,14,14,14,64,64,64,76,118,118,145,145,192,192,317,317,317,448,448,464,464,464,510,510,528,587,607,607,653,653,219,277,277,294,294,324,324,324,13,46,76],"floor_reached":67,"language":"ENG","playtime":4923,"items_purged":["theDuelist:BeaverWarrior","theDuelist:SevenCompleted","theDuelist:CurseAging"],"score":1860,"play_id":"6ae4637a-4c87-4f96-af76-68b35c24e96e","local_time":"20210214160013","is_ascension_mode":false,"campfire_choices":[{"data":"theDuelist:FinalFlame","floor":6,"key":"SMITH"},{"floor":9,"key":"REST"},{"data":"theDuelist:WhiteNinja","floor":15,"key":"SMITH"},{"data":"theDuelist:BerserkerCrush","floor":21,"key":"SMITH"},{"data":"theDuelist:FeatherShot","floor":29,"key":"SMITH"},{"data":"theDuelist:FeatherShot+1","floor":31,"key":"SMITH"},{"data":"theDuelist:MiraculousDescent","floor":39,"key":"SMITH"},{"floor":42,"key":"RECALL"},{"data":"theDuelist:ElectromagneticShield","floor":53,"key":"SMITH"},{"data":"theDuelist:CharcoalInpachi","floor":58,"key":"SMITH"},{"data":"theDuelist:FeatherShot+2","floor":60,"key":"SMITH"},{"data":"theDuelist:FeatherShot+3","floor":63,"key":"SMITH"}],"circlet_count":0,"master_deck":["theDuelist:Mudora","theDuelist:ForbiddenLance","theDuelist:Sparks","theDuelist:CoreBlaster","theDuelist:FeatherShot+4","theDuelist:PineappleBlast","theDuelist:MiraculousDescent+1","theDuelist:FinalFlame+1","theDuelist:Wildfire+3","theDuelist:CastleWalls","theDuelist:MiraculousDescent+1","theDuelist:LightningDarts","theDuelist:MagicalStone+1","theDuelist:BeaverWarrior","theDuelist:BerserkerCrush+1","theDuelist:CombinationAttack+1","theDuelist:GiantSoldier","theDuelist:KamionTimelord","theDuelist:ElectromagneticShield+1","theDuelist:BloodSparks","theDuelist:CastleWalls","theDuelist:ScrapFactory+1","theDuelist:Nameless:Power:SpiralSpearStrike","theDuelist:CharcoalInpachi+1","theDuelist:GiantSoldier","theDuelist:FinalFlame+1","theDuelist:WhiteNinja+1","theDuelist:PineappleBlast+1","theDuelist:ElectromagneticShield+1"],"relics":["theDuelist:MillenniumPuzzle","theDuelist:CardPoolRelic","theDuelist:CardPoolBasicRelic","theDuelist:BoosterPackPoolRelic","theDuelist:CardPoolAddRelic","theDuelist:CardPoolMinusRelic","theDuelist:CardPoolSaveRelic","theDuelist:CardPoolOptionsRelic","Ginger","Tiny Chest","Dota2Spire:UrnOfShadows","Dota2Spire:Vanguard","hubris:IronBody","Dota2Spire:ShadowBlade","Centennial Puzzle","Paper Frog","Dota2Spire:HandOfMidas","Pear","Snecko Eye","wanderingMiniBosses:Blackblade","Runic Capacitor","theDuelist:ResummonBranch","Nunchaku","MutagenicStrength","hubris:TenFootPole","theDuelist:YugiMirror","Dota2Spire:Bloodstone","Black Star","hubris:BallOfYels","Pantograph","Dota2Spire:Butterfly","Dota2Spire:ArcaneBoots","Vajra","OrangePellets","Pen Nib","Dota2Spire:ArmletOfMordiggian","Dota2Spire:OctarineCore","hubris:SlimyHat","theDuelist:ZoneToken"],"acts_visited":["Exordium","TheCity","TheBeyond","TheEnding"],"potions_floor_usage":[],"damage_taken":[{"damage":0,"enemies":"Jaw Worm","floor":1,"turns":10},{"damage":4,"enemies":"Cultist","floor":2,"turns":6},{"damage":0,"enemies":"2 Louse","floor":3,"turns":3},{"damage":7,"enemies":"Large Slime","floor":5,"turns":8},{"damage":45,"enemies":"Gremlin Nob","floor":7,"turns":7},{"damage":0,"enemies":"Exordium Thugs","floor":8,"turns":4},{"damage":4,"enemies":"Red Slaver","floor":10,"turns":5},{"damage":4,"enemies":"3 Sentries","floor":13,"turns":9},{"damage":6,"enemies":"Looter","floor":16,"turns":6},{"damage":5,"enemies":"3 Louse","floor":18,"turns":5},{"damage":5,"enemies":"Lagavulin","floor":19,"turns":7},{"damage":4,"enemies":"The Guardian","floor":22,"turns":10},{"damage":0,"enemies":"Chosen","floor":24,"turns":5},{"damage":2,"enemies":"3 Byrds","floor":25,"turns":4},{"damage":21,"enemies":"Centurion and Healer","floor":26,"turns":6},{"damage":4,"enemies":"Snake Plant","floor":30,"turns":3},{"damage":2,"enemies":"Cultist and Chosen","floor":33,"turns":3},{"damage":1,"enemies":"Snecko","floor":34,"turns":3},{"damage":2,"enemies":"Book of Stabbing","floor":36,"turns":4},{"damage":6,"enemies":"Snake Plant","floor":38,"turns":5},{"damage":5,"enemies":"Collector","floor":40,"turns":8},{"damage":3,"enemies":"Collector","floor":43,"turns":5},{"damage":4,"enemies":"3 Darklings","floor":45,"turns":4},{"damage":2,"enemies":"Orb Walker","floor":48,"turns":3},{"damage":4,"enemies":"Sphere and 2 Shapes","floor":50,"turns":4},{"damage":4,"enemies":"Reptomancer","floor":51,"turns":6},{"damage":0,"enemies":"3 Darklings","floor":52,"turns":2},{"damage":5,"enemies":"Nemesis","floor":57,"turns":5},{"damage":0,"enemies":"4 Shapes","floor":59,"turns":3},{"damage":0,"enemies":"hubris:GrandSnecko","floor":61,"turns":5},{"damage":4,"enemies":"Shield and Spear","floor":65,"turns":4},{"damage":0,"enemies":"The Heart","floor":66,"turns":7}],"seed_played":"-7835811603483706748","potions_obtained":[{"floor":3,"key":"theDuelist:BarricadePotion"},{"floor":7,"key":"Weak Potion"},{"floor":10,"key":"ColorlessPotion"},{"floor":18,"key":"theDuelist:SummonArmorPotion"}],"is_trial":false,"path_per_floor":["M","M","M","?","M","R","E","M","R","M","T","T","E","?","R","M","T","M","E","$","R","B",null,"M","M","M","$","?","R","M","R","T","M","M","?","E","T","M","R","B",null,"R","B",null,"M","?","?","M","T","M","E","M","R","T","?","$","E","R","M","R","B",null,"R","$","E","B",null],"character_chosen":"THE_DUELIST","items_purchased":["theDuelist:SevenCompleted","Ginger","Tiny Chest","Swift Potion","Dota2Spire:HandOfMidas","Pear","Runic Capacitor","Vajra","OrangePellets","Dota2Spire:OctarineCore"],"campfire_rested":1,"item_purchase_floors":[0,0,0,0,20,20,27,56,56,64],"current_hp_per_floor":[48,48,52,52,51,51,6,12,39,45,45,45,45,45,45,49,49,44,39,49,49,57,114,118,120,103,103,103,103,103,103,103,111,110,110,108,108,106,106,105,105,105,108,142,142,142,142,140,140,136,132,132,132,132,132,132,127,127,131,131,150,150,150,150,149,150],"gold":76,"neow_bonus":"","is_daily":false,"chose_seed":false,"campfire_upgraded":10,"win_rate":0.0,"timestamp":1613289613,"path_taken":["M","M","M","?","?","R","E","M","R","M","T","T","E","?","R","M","?","?","E","$","R","BOSS","M","M","M","$","?","R","M","R","T","M","M","?","E","?","?","R","BOSS","R","BOSS","M","?","?","M","?","M","E","M","R","T","?","$","E","R","M","R","BOSS","R","$","E","BOSS"],"items_purchased_type":["Card","Relic","Relic","Potion","Relic","Relic","Relic","Relic","Relic","Relic"],"build_version":"2020-12-22","purchased_purges":3,"victory":true,"max_hp_per_floor":[84,88,92,92,92,92,92,92,92,96,96,96,100,100,100,104,104,104,104,114,114,114,114,118,122,126,126,126,126,130,130,130,134,134,134,134,134,138,138,142,142,142,142,142,146,146,146,146,146,146,146,146,146,146,146,146,146,146,150,150,150,150,150,150,150,150],"card_choices":[{"not_picked":["theDuelist:WingedKuriboh","theDuelist:BlueBloodedOni","theDuelist:EarthquakeGiant","theDuelist:FluteKuriboh"],"picked":"theDuelist:LightningDarts","floor":1},{"not_picked":["theDuelist:SangaEarth","theDuelist:RainbowNeos","theDuelist:HappyLover","theDuelist:FrontierWiseman"],"picked":"theDuelist:WhiteNinja","floor":2},{"not_picked":["theDuelist:Hinotama","theDuelist:Eva","theDuelist:SpiritHarp","theDuelist:DarkBurningAttack","theDuelist:MythicalBeast"],"picked":"SKIP","floor":3},{"not_picked":["theDuelist:FrontierWiseman","theDuelist:BlackPendant","theDuelist:Tuningware","theDuelist:PreventRat","theDuelist:PotDichotomy"],"picked":"SKIP","floor":5},{"not_picked":["theDuelist:SparkBlaster","theDuelist:FuryFire","theDuelist:PowerKaishin","theDuelist:EgoBoost"],"picked":"theDuelist:BerserkerCrush","floor":7},{"not_picked":["theDuelist:WhiteHowling","theDuelist:MiraculousDescent","theDuelist:PsychicShockwave","theDuelist:Graverobber"],"picked":"theDuelist:PineappleBlast","floor":8},{"not_picked":["theDuelist:MeteorDestruction","theDuelist:CombinationAttack","theDuelist:BigFire","theDuelist:RainbowNeos","theDuelist:VendreadCharge"],"picked":"SKIP","floor":10},{"not_picked":["theDuelist:ClearKuriboh","theDuelist:Hinotama","theDuelist:LightningDarts","theDuelist:LightningVortex"],"picked":"theDuelist:Mudora","floor":13},{"not_picked":["theDuelist:CombinationAttack","theDuelist:FairyBox","theDuelist:Tuningware","theDuelist:EgoBoost","theDuelist:SilverApples"],"picked":"SKIP","floor":16},{"not_picked":["theDuelist:MeteorDestruction","theDuelist:AfterTheStorm","theDuelist:SpiritHarp","theDuelist:SpellShatteringArrow","theDuelist:WhiteNinja"],"picked":"SKIP","floor":18},{"not_picked":["theDuelist:Hinotama","theDuelist:MillenniumGolem","theDuelist:RainbowOverdragon","theDuelist:WormWarlord","theDuelist:LightningVortex"],"picked":"SKIP","floor":19},{"not_picked":["theDuelist:RainbowNeos","theDuelist:HappyLover","theDuelist:Eva","theDuelist:RainbowKuriboh"],"picked":"theDuelist:KamionTimelord","floor":22},{"not_picked":["theDuelist:UnderworldCannon+1","theDuelist:AfterGenocide","theDuelist:KamionTimelord","theDuelist:InstantFusion"],"picked":"theDuelist:CharcoalInpachi","floor":24},{"not_picked":["theDuelist:Raigeki+1","theDuelist:LightLaser+1","theDuelist:GridRod","theDuelist:AmuletAmbition"],"picked":"theDuelist:FeatherShot","floor":25},{"not_picked":["theDuelist:DarkBurningAttack","theDuelist:WhiteMagicalHat","theDuelist:FluteKuriboh","theDuelist:Wiretap"],"picked":"theDuelist:CoreBlaster","floor":26},{"not_picked":["theDuelist:SpellShatteringArrow","theDuelist:Eva","theDuelist:Tuningware","theDuelist:DarkBurningAttack","theDuelist:CrossAttack"],"picked":"SKIP","floor":26},{"not_picked":["theDuelist:DoubleTool","theDuelist:CoreBlaster","theDuelist:BigFire","theDuelist:UnderworldCannon"],"picked":"theDuelist:CombinationAttack+1","floor":30},{"not_picked":["theDuelist:DoubleTool","theDuelist:SilverApples","theDuelist:WormApocalypse","theDuelist:RainbowNeos","theDuelist:Wiretap"],"picked":"SKIP","floor":33},{"not_picked":["theDuelist:ImperialOrder","theDuelist:GravityAxe","theDuelist:Electrowhip"],"picked":"theDuelist:MiraculousDescent","floor":34},{"not_picked":["theDuelist:Hinotama","theDuelist:BigFire","theDuelist:ScrapFactory","theDuelist:Downbeat","theDuelist:DoubleTool"],"picked":"SKIP","floor":36},{"not_picked":["theDuelist:RainbowNeos","theDuelist:SwordDeepSeated","theDuelist:SpiritHarp","theDuelist:MeteorDestruction+1","theDuelist:SpellShatteringArrow"],"picked":"SKIP","floor":38},{"not_picked":["theDuelist:SevenCompleted+1","theDuelist:LightningBlade","theDuelist:GridRod","theDuelist:GravityLash"],"picked":"theDuelist:ForbiddenLance","floor":40},{"not_picked":["theDuelist:MeteorDestruction+1","theDuelist:FuryFire+1","theDuelist:ChaosSeed+2","theDuelist:AncientGearFist+1"],"picked":"theDuelist:MagicalStone+1","floor":45},{"not_picked":["theDuelist:GravityAxe+1","theDuelist:Electrowhip","theDuelist:MiraculousDescent+1"],"picked":"theDuelist:ElectromagneticShield","floor":48},{"not_picked":["theDuelist:WhiteHowling+1","theDuelist:GravityAxe","theDuelist:Electrowhip","theDuelist:ElectromagneticShield"],"picked":"theDuelist:MiraculousDescent+1","floor":50},{"not_picked":["theDuelist:AssaultArmor+1","theDuelist:FusionFire","theDuelist:KamionTimelord+1","theDuelist:Raigeki+1"],"picked":"theDuelist:Wildfire+3","floor":51},{"not_picked":["theDuelist:CrossAttack+1","theDuelist:BigFire+1","theDuelist:FrontierWiseman+1","theDuelist:BigKoala+1","theDuelist:FusionFire+1"],"picked":"SKIP","floor":52},{"not_picked":["theDuelist:CastleWalls+1","theDuelist:FeatherShot+1","theDuelist:CombinationAttack","theDuelist:MagicalStone+1"],"picked":"theDuelist:PineappleBlast+1","floor":57},{"not_picked":["theDuelist:DoubleTool","theDuelist:CoreBlaster+1","theDuelist:BigFire","theDuelist:RainbowNeos+1","theDuelist:Hinotama"],"picked":"SKIP","floor":59},{"not_picked":["theDuelist:ImperialOrder+1","theDuelist:Electrowhip+1","theDuelist:MiraculousDescent+1","theDuelist:GridRod+1"],"picked":"theDuelist:ElectromagneticShield+1","floor":65}],"player_experience":168566,"relics_obtained":[{"floor":7,"key":"Dota2Spire:Vanguard"},{"floor":12,"key":"hubris:IronBody"},{"floor":13,"key":"Dota2Spire:ShadowBlade"},{"floor":17,"key":"Centennial Puzzle"},{"floor":19,"key":"Paper Frog"},{"floor":26,"key":"wanderingMiniBosses:Blackblade"},{"floor":32,"key":"Nunchaku"},{"floor":36,"key":"hubris:TenFootPole"},{"floor":37,"key":"theDuelist:YugiMirror"},{"floor":49,"key":"hubris:BallOfYels"},{"floor":51,"key":"Pantograph"},{"floor":51,"key":"Dota2Spire:Butterfly"},{"floor":54,"key":"Dota2Spire:ArcaneBoots"},{"floor":57,"key":"Pen Nib"},{"floor":57,"key":"Dota2Spire:ArmletOfMordiggian"},{"floor":65,"key":"hubris:SlimyHat"},{"floor":65,"key":"theDuelist:ZoneToken"}],"event_choices":[{"damage_healed":0,"gold_gain":0,"player_choice":"Gave Potion","damage_taken":0,"relics_obtained":["Dota2Spire:UrnOfShadows"],"max_hp_gain":0,"max_hp_loss":0,"event_name":"WeMeetAgain","floor":4,"gold_loss":0},{"damage_healed":0,"gold_gain":0,"player_choice":"Grow","damage_taken":0,"max_hp_gain":0,"max_hp_loss":0,"event_name":"Living Wall","floor":14,"gold_loss":0,"cards_upgraded":["theDuelist:ScrapFactory"]},{"damage_healed":0,"gold_gain":0,"player_choice":"Took item - Received: Millennium Branch","duelist":true,"damage_taken":0,"max_hp_gain":0,"max_hp_loss":0,"event_name":"Millennium Items","floor":28,"gold_loss":0},{"damage_healed":0,"gold_gain":0,"player_choice":"Inject Mutagens","damage_taken":0,"relics_obtained":["MutagenicStrength"],"max_hp_gain":0,"max_hp_loss":0,"event_name":"Drug Dealer","floor":35,"gold_loss":0},{"power_reward":4,"total_magic_score":92,"gold_gain":0,"duelist":true,"damage_taken":0,"relics_obtained":[],"points":5,"max_hp_gain":0,"max_hp_loss":0,"spent_points":{"magic":0,"greed":0,"war":0,"power":4,"hunger":1},"event_name":"Nameless Tomb","floor":46,"gold_loss":0,"cards_obtained":["theDuelist:Nameless:Power:SpiralSpearStrike"]},{"damage_healed":0,"gold_gain":0,"player_choice":"Leave","duelist":true,"damage_taken":0,"max_hp_gain":0,"max_hp_loss":0,"event_name":"Tomb of the Nameless","floor":47,"gold_loss":0},{"damage_healed":0,"gold_gain":0,"player_choice":"Leave","duelist":true,"damage_taken":0,"max_hp_gain":0,"max_hp_loss":0,"event_name":"Egyptian Village","floor":55,"gold_loss":0}],"is_beta":false,"boss_relics":[{"not_picked":["Busted Crown","hubris:VirtuousBlindfold"],"picked":"Snecko Eye"},{"not_picked":["Sozu","hubris:ScarierMask"],"picked":"Dota2Spire:Bloodstone"},{"not_picked":["Velvet Choker","Empty Cage"],"picked":"Black Star"}],"items_purged_floors":[0,27,56],"is_endless":false,"potions_floor_spawned":[3,7,10,18,22,24,33,38,40,48,51,59],"ascension_level":0}}