{"host":"u0qetpmu4y58k1tf","time":1613280558,"event":{"mods":["100% Spire Juice","AchievementEnabler","Act Like it!","BaseMod","CapriCore","Colored Map","Colored Powertips","Hermit","Koishi","Marisa£¨Ùöéë¡¡Øª×âÞÞ£©","Minty Spire (QoL Compilation)","Quick Restart","Reliquary","Replay The Spire","StSLib","Td1madao Mod","The Bug Knight","The Cursed","The Dragon Tamer","The Gatherer","The Hierophant","The Immortal","The Jungle","The Runesmith","WarShipGirlsR/??á´Ò³R mod"],"gold_per_floor":[116,14,189,253,203,203,215,240,264,291,291,291,302,319,319,415,415,382,398,40,139,139,139],"floor_reached":22,"language":"KOR","playtime":758,"items_purged":["Amnesia"],"score":260,"play_id":"69b22c72-8c30-4b83-8f98-870c0ca8c41d","local_time":"20210214142918","is_ascension_mode":true,"campfire_choices":[{"data":"Havoc","floor":6.0,"key":"SMITH"},{"data":"ReplayTheSpireMod:Strike From Hell","floor":12.0,"key":"SMITH"}],"circlet_count":0,"master_deck":["Strike_R","Strike_R","Strike_R","Strike_R","Defend_R","Defend_R","Defend_R","Defend_R","Bash","Ghostly Armor","ReplayTheSpireMod:Strike From Hell+1","Havoc+1","Fire Breathing","Feel No Pain","Barricade","Havoc","ReplayTheSpireMod:Muscle Training","Inflame"],"relics":["Burning Blood","NeowsBlessing","PreservedInsect","Counterbalance","Blood Vial","Ring of Hypnosis","ReplayTheSpireMod:Ring of Challenge","ReplayTheSpireMod:DimensionalGlitch","Bottled Tornado"],"acts_visited":["Exordium","TheCity"],"potions_floor_usage":[22,22],"damage_taken":[{"damage":0.0,"enemies":"2 Louse","floor":1.0,"turns":1.0},{"damage":0.0,"enemies":"Jaw Worm","floor":7.0,"turns":1.0},{"damage":0.0,"enemies":"Replay:BlueRogue","floor":8.0,"turns":1.0},{"damage":36.0,"enemies":"Lagavulin","floor":10.0,"turns":6.0},{"damage":11.0,"enemies":"Small Slimes","floor":13.0,"turns":4.0},{"damage":6.0,"enemies":"3 Louse","floor":14.0,"turns":7.0},{"damage":36.0,"enemies":"Hexaghost","floor":16.0,"turns":11.0},{"damage":38.0,"enemies":"2 Thieves","floor":18.0,"turns":5.0},{"damage":20.0,"enemies":"Centurion and Healer","floor":19.0,"turns":7.0},{"damage":32,"enemies":"3 Cultists","floor":22,"turns":4}],"seed_played":"6249461607442354616","potions_obtained":[{"floor":4.0,"key":"PowerPotion"},{"floor":4.0,"key":"ElixirPotion"},{"floor":7.0,"key":"Swift Potion"},{"floor":10.0,"key":"LiquidBronze"},{"floor":13.0,"key":"LifebloodPotion"},{"floor":16.0,"key":"LifebloodPotion"},{"floor":18.0,"key":"PowerPotion"}],"is_trial":false,"path_per_floor":["M","$","?","?","?","R","M","E","T","E","?","R","M","M","R_BF","B",null,"M","M","$","?","M"],"character_chosen":"IRONCLAD","items_purchased":["ReplayTheSpireMod:Strike From Hell","Havoc","Bottled Tornado","Inflame"],"campfire_rested":0,"item_purchase_floors":[2,2,20,20],"current_hp_per_floor":[80,80,80,60,60,60,66,72,72,42,42,42,39,41,41,13,80,45,29,29,29,0,0],"gold":139,"neow_bonus":"THREE_ENEMY_KILL","is_daily":false,"chose_seed":false,"campfire_upgraded":2,"win_rate":0.0,"timestamp":1613280558,"path_taken":["M","$","?","?","?","R","M","E","T","E","?","R","M","M","R_BF","BOSS","M","M","$","?","M"],"items_purchased_type":["Card","Card","Relic","Card"],"build_version":"2020-12-22","purchased_purges":1,"victory":false,"max_hp_per_floor":[80,80,80,80,80,80,80,80,80,80,80,80,80,80,80,80,80,80,80,80,80,80,80],"card_choices":[{"not_picked":["Replay:Undeath\u0027s Touch","ReplayTheSpireMod:Corrosion Curse"],"picked":"Ghostly Armor","floor":1.0},{"not_picked":["ReplayTheSpireMod:Corrosion Curse","Sword Boomerang"],"picked":"Fire Breathing","floor":7.0},{"not_picked":["Juggernaut","Bludgeon","Life Link"],"picked":"SKIP","floor":8.0},{"not_picked":["Metallicize","Spot Weakness"],"picked":"Feel No Pain","floor":10.0},{"not_picked":["Entrench","Flex","Shrug It Off"],"picked":"SKIP","floor":13.0},{"not_picked":["Shrug It Off","Armaments","Headbutt"],"picked":"SKIP","floor":14.0},{"not_picked":["Juggernaut","Immolate"],"picked":"Barricade","floor":16.0},{"not_picked":["Shrug It Off","Disarm"],"picked":"Havoc","floor":18.0},{"not_picked":["Anger","Dropkick"],"picked":"ReplayTheSpireMod:Muscle Training","floor":19.0}],"player_experience":144402,"relics_obtained":[{"floor":4.0,"key":"PreservedInsect"},{"floor":8.0,"key":"Counterbalance"},{"floor":10.0,"key":"Blood Vial"},{"floor":15.0,"key":"Ring of Hypnosis"},{"floor":15.0,"key":"ReplayTheSpireMod:Ring of Challenge"}],"event_choices":[{"damage_healed":0.0,"max_hp_gain":0.0,"max_hp_loss":0.0,"gold_gain":175.0,"event_name":"Liars Game","player_choice":"AGREE","floor":3.0,"gold_loss":0.0,"damage_taken":0.0,"cards_obtained":["Doubt"]},{"cards_removed":["Doubt"],"damage_healed":0.0,"max_hp_gain":0.0,"max_hp_loss":0.0,"gold_gain":0.0,"event_name":"The Cleric","player_choice":"Card Removal","floor":5.0,"gold_loss":50.0,"damage_taken":0.0},{"damage_healed":0.0,"max_hp_gain":0.0,"max_hp_loss":0.0,"gold_gain":99.0,"event_name":"Nest","player_choice":"Stole From Cult","floor":21.0,"gold_loss":0.0,"damage_taken":0.0}],"is_beta":false,"boss_relics":[{"not_picked":["SacredBark","Cursed Key"],"picked":"ReplayTheSpireMod:DimensionalGlitch"}],"items_purged_floors":[20],"is_endless":false,"potions_floor_spawned":[7,10,13,16,18],"killed_by":"3 Cultists","ascension_level":4}}