{"host":"hrvs05np4ys7itky","time":1613344202,"event":{"mods":["BaseMod","Colored Map","Colored Powertips","Downfall","Emptier Cage","Hermit","Highlight Path","Minty Spire (QoL Compilation)","Permanent Neow","Rare Cards Sparkle","Relic Stats","Replay The Spire","StSLib","everything is the same but u backflip on backflip"],"gold_per_floor":[110,70,40,54,83,113,113,113,137,137,137,13,40,40,40,40,40],"floor_reached":16,"language":"ENG","playtime":839,"items_purged":["ReplayTheSpireMod:Restless Dread","Parasite"],"score":172,"play_id":"789cd919-520e-46fc-91b3-93540bf1b045","local_time":"20210214181002","is_ascension_mode":true,"campfire_choices":[{"data":"Midas Touch","floor":7,"key":"SMITH"},{"data":"ReplayTheSpireMod:LeadingStrike","floor":11,"key":"SMITH"},{"data":"1","floor":15,"key":"LIFT"}],"circlet_count":0,"master_deck":["AscendersBane","Strike_R","Strike_R","Strike_R","Strike_R","Defend_R","Defend_R","Defend_R","Defend_R","Bash","Midas Touch+1","ReplayTheSpireMod:LeadingStrike+1","Dark Embrace","Rage","True Grit","Offering","Self Repair+1","Sword Boomerang","Hemogenesis"],"relics":["ReplayTheSpireMod:CursedCoin","Replay:Mystery Machine","Iron Core","Replay:Wax Seal","Girya"],"acts_visited":["Exordium"],"potions_floor_usage":[4,16],"damage_taken":[{"damage":6,"enemies":"Cultist","floor":1,"turns":2},{"damage":7,"enemies":"2 Louse","floor":4,"turns":2},{"damage":39,"enemies":"Lagavulin","floor":6,"turns":8},{"damage":18,"enemies":"Replay:BlueRogue","floor":13,"turns":4},{"damage":25,"enemies":"The Guardian","floor":16,"turns":7}],"seed_played":"-8170864462978988921","potions_obtained":[{"floor":3,"key":"LiquidBronze"},{"floor":3,"key":"DuplicationPotion"},{"floor":4,"key":"Dexterity Potion"}],"is_trial":false,"path_per_floor":["M","$","?","M","$","E","R","?","T","?","R","$","E","?","R_BF","B"],"character_chosen":"IRONCLAD","items_purchased":["Dark Embrace","ReplayTheSpireMod:CursedCoin","True Grit","Sword Boomerang"],"campfire_rested":0,"item_purchase_floors":[2,5,5,12],"current_hp_per_floor":[51,51,51,50,50,17,17,17,17,37,37,37,29,29,29,11,11],"gold":40,"neow_bonus":"RANDOM_COLORLESS_2","is_daily":false,"chose_seed":false,"campfire_upgraded":2,"win_rate":0.0,"timestamp":1613344202,"path_taken":["M","$","?","M","?","E","R","?","T","?","R","$","E","?","R_BF","BOSS"],"items_purchased_type":["Card","Relic","Card","Card"],"build_version":"2020-12-22","purchased_purges":2,"victory":false,"max_hp_per_floor":[80,80,80,80,80,80,80,80,80,80,80,77,77,77,77,77,77],"relic_stats":{"counters":[5,23],"obtain_stats":[{"Girya":13,"Iron Core":8,"ReplayTheSpireMod:CursedCoin":5,"Replay:Mystery Machine":6,"Replay:Wax Seal":9,"Burning Blood":0},{"Girya":4,"Iron Core":3,"ReplayTheSpireMod:CursedCoin":2,"Replay:Mystery Machine":3,"Replay:Wax Seal":3,"Burning Blood":0},{"Girya":16,"Iron Core":12,"ReplayTheSpireMod:CursedCoin":4,"Replay:Mystery Machine":12,"Replay:Wax Seal":12,"Burning Blood":0}]},"card_choices":[{"not_picked":["Master of Strategy","Secret Technique"],"picked":"Midas Touch","floor":0},{"not_picked":["Life Link","Heavy Blade"],"picked":"ReplayTheSpireMod:LeadingStrike","floor":1},{"not_picked":["Thunderclap","Twin Strike"],"picked":"Rage","floor":4},{"not_picked":["Replay:Undeath\u0027s Touch","Disarm"],"picked":"Offering","floor":6},{"not_picked":["Wild Strike","Force Field","Hemogenesis"],"picked":"SKIP","floor":13}],"player_experience":1078638,"relics_obtained":[{"floor":6,"key":"Replay:Mystery Machine"},{"floor":9,"key":"Replay:Wax Seal"},{"floor":13,"key":"Girya"}],"event_choices":[{"damage_healed":0,"gold_gain":0,"player_choice":"Bought 2 Potions","damage_taken":0,"max_hp_gain":0,"max_hp_loss":0,"event_name":"The Woman in Blue","floor":3,"gold_loss":0},{"damage_healed":20,"gold_gain":0,"player_choice":"Healed and dodged fight","damage_taken":0,"max_hp_gain":0,"max_hp_loss":0,"event_name":"Mushrooms","floor":10,"gold_loss":0,"cards_obtained":["Parasite"]},{"damage_healed":0,"gold_gain":0,"cards_transformed":["Strike_R"],"player_choice":"Transformed","damage_taken":0,"max_hp_gain":0,"max_hp_loss":0,"event_name":"Transmorgrifier","floor":14,"gold_loss":0,"cards_obtained":["Hemogenesis"]}],"is_beta":false,"boss_relics":[],"items_purged_floors":[5,12],"is_endless":false,"potions_floor_spawned":[4],"killed_by":"The Guardian","ascension_level":13}}