{"host":"wbn3xdfsa5pc2kse","time":1613277612,"event":{"mods":["AchievementEnabler","BaseMod","Bestiary","Colored Map","Colored Powertips","Curses Come First","Highlight Path","Minty Spire (QoL Compilation)","Permanent Neow","Rare Cards Sparkle","Relic Stats","StSLib"],"gold_per_floor":[110,110,180,198,298,298,331,348,374,374,409,427,442,472,472,543,543,554,564,577,502,100,100,131,131,131,165,165,165,165,190,190,261,261,277,277,0,0,0,0,12,45,68,85,85,95,95,95],"floor_reached":47,"language":"ZHT","playtime":1401,"items_purged":["Strike_P","Defend_P"],"score":1308,"play_id":"1015943e-403a-4405-8c43-71384c0c2496","local_time":"20210214124012","is_ascension_mode":true,"campfire_choices":[{"data":"Eruption","floor":6.0,"key":"SMITH"},{"data":"Wallop","floor":10.0,"key":"SMITH"},{"data":"TalkToTheHand","floor":15.0,"key":"SMITH"},{"data":"CrushJoints","floor":23.0,"key":"SMITH"},{"data":"ThirdEye","floor":25.0,"key":"SMITH"},{"data":"Tantrum","floor":28.0,"key":"SMITH"},{"data":"Devotion","floor":32.0,"key":"SMITH"},{"floor":40.0,"key":"RECALL"},{"data":"Omniscience","floor":45,"key":"SMITH"}],"circlet_count":0,"master_deck":["AscendersBane","Eruption+1","Vigilance","FlurryOfBlows","Consecrate","Wallop+1","ThirdEye+1","TalkToTheHand+1","CrushJoints+1","Blasphemy","Weave","Tantrum+1","FlurryOfBlows+1","EmptyMind","Prostrate+1","Tantrum","Weave","Devotion+1","Omniscience+1","CutThroughFate+1","Prostrate+1","Study+1","TalkToTheHand","Evaluate+1","EmptyBody+1","Adaptation+1"],"relics":["Runic Pyramid","HornCleat","Singing Bowl","Tiny Chest","Boot","Damaru","Coffee Dripper","Juzu Bracelet","Toolbox","Regal Pillow","The Courier","Nunchaku","Oddly Smooth Stone","Astrolabe","Blood Vial","Happy Flower","Blue Candle"],"acts_visited":["Exordium","TheCity","TheBeyond"],"potions_floor_usage":[],"damage_taken":[{"damage":10.0,"enemies":"2 Louse","floor":1.0,"turns":4.0},{"damage":0.0,"enemies":"Jaw Worm","floor":4.0,"turns":2.0},{"damage":5.0,"enemies":"Lagavulin","floor":7.0,"turns":4.0},{"damage":0.0,"enemies":"Cultist","floor":8.0,"turns":2.0},{"damage":0.0,"enemies":"3 Sentries","floor":11.0,"turns":4.0},{"damage":0.0,"enemies":"Blue Slaver","floor":12.0,"turns":2.0},{"damage":0.0,"enemies":"2 Fungi Beasts","floor":13.0,"turns":2.0},{"damage":0.0,"enemies":"Gremlin Nob","floor":14.0,"turns":3.0},{"damage":24.0,"enemies":"The Guardian","floor":16.0,"turns":9.0},{"damage":11.0,"enemies":"Shell Parasite","floor":18.0,"turns":4.0},{"damage":2.0,"enemies":"2 Thieves","floor":19.0,"turns":3.0},{"damage":0.0,"enemies":"Centurion and Healer","floor":20.0,"turns":4.0},{"damage":0.0,"enemies":"Gremlin Leader","floor":24.0,"turns":4.0},{"damage":0.0,"enemies":"Slavers","floor":27.0,"turns":2.0},{"damage":0.0,"enemies":"Book of Stabbing","floor":31.0,"turns":2.0},{"damage":11.0,"enemies":"Collector","floor":33.0,"turns":4.0},{"damage":2.0,"enemies":"Orb Walker","floor":35.0,"turns":2.0},{"damage":12.0,"enemies":"3 Shapes","floor":41.0,"turns":3.0},{"damage":2,"enemies":"Reptomancer","floor":42,"turns":4},{"damage":0,"enemies":"Spire Growth","floor":44,"turns":4},{"damage":7,"enemies":"3 Darklings","floor":46,"turns":4}],"seed_played":"-8047914862165588358","potions_obtained":[{"floor":7.0,"key":"Strength Potion"},{"floor":11.0,"key":"SteroidPotion"},{"floor":16.0,"key":"Swift Potion"},{"floor":27.0,"key":"FearPotion"},{"floor":33.0,"key":"DuplicationPotion"},{"floor":46,"key":"DistilledChaos"}],"is_trial":false,"path_per_floor":["M","?","T","M","?","R","E","M","T","R","E","M","M","E","R","B",null,"M","M","M","?","$","R","E","R","T","E","R","?","?","E","R","B",null,"M","T","$","?","?","R","M","E","T","M","R","M","M"],"character_chosen":"WATCHER","items_purchased":["Juzu Bracelet","Toolbox","Happy Flower","TalkToTheHand"],"campfire_rested":0,"item_purchase_floors":[22,22,37,37],"current_hp_per_floor":[51,56,56,56,56,56,51,53,53,53,53,53,53,53,53,29,64,53,51,51,51,51,51,51,51,51,51,51,51,47,47,47,36,65,65,65,65,65,65,65,55,55,55,59,59,54,0,0],"gold":95,"neow_bonus":"BOSS_RELIC","is_daily":false,"chose_seed":false,"campfire_upgraded":8,"win_rate":0.0,"timestamp":1613277612,"path_taken":["M","?","?","M","?","R","E","M","T","R","E","M","M","E","R","BOSS","M","M","M","?","$","R","E","R","T","E","R","?","?","E","R","BOSS","M","?","$","?","?","R","M","E","T","M","R","M","M"],"items_purchased_type":["Relic","Relic","Relic","Card"],"build_version":"2020-12-22","purchased_purges":2,"victory":false,"max_hp_per_floor":[68,73,73,73,73,73,73,75,75,75,75,75,75,75,75,75,75,75,75,75,75,75,75,75,75,75,75,75,75,75,75,75,75,75,77,77,77,73,73,73,73,73,73,75,75,75,75,75],"relic_stats":{"Blood Vial":10,"Regal Pillow":0,"Nunchaku":[11],"Singing Bowl":6,"Happy Flower":[7],"counters":[22,78],"Astrolabe":["CutThroughFate","Prostrate","Study"],"Blue Candle":[0],"Tiny Chest":1,"Juzu Bracelet":0,"Boot":[96],"obtain_stats":[{"Regal Pillow":24,"Singing Bowl":7,"Happy Flower":37,"Astrolabe":34,"Blue Candle":42,"Damaru":14,"Oddly Smooth Stone":31,"The Courier":26,"Juzu Bracelet":22,"Boot":11,"Blood Vial":36,"Nunchaku":27,"HornCleat":3,"Toolbox":22,"Tiny Chest":9,"Coffee Dripper":17,"PureWater":0,"Runic Pyramid":0},{"Regal Pillow":13,"Singing Bowl":3,"Happy Flower":17,"Astrolabe":16,"Blue Candle":19,"Damaru":8,"Oddly Smooth Stone":15,"The Courier":13,"Juzu Bracelet":12,"Boot":5,"Blood Vial":17,"Nunchaku":14,"HornCleat":1,"Toolbox":12,"Tiny Chest":4,"Coffee Dripper":9,"PureWater":0,"Runic Pyramid":0},{"Regal Pillow":47,"Singing Bowl":10,"Happy Flower":57,"Astrolabe":55,"Blue Candle":64,"Damaru":23,"Oddly Smooth Stone":51,"The Courier":47,"Juzu Bracelet":43,"Boot":16,"Blood Vial":57,"Nunchaku":49,"HornCleat":4,"Toolbox":43,"Tiny Chest":12,"Coffee Dripper":32,"PureWater":0,"Runic Pyramid":0}]},"card_choices":[{"not_picked":["Protect","JustLucky"],"picked":"FlurryOfBlows","floor":1.0},{"not_picked":["Nirvana","FollowUp"],"picked":"Consecrate","floor":4.0},{"not_picked":["Halt","BowlingBash"],"picked":"Wallop","floor":7.0},{"not_picked":["Nirvana","Consecrate","JustLucky"],"picked":"Singing Bowl","floor":8.0},{"not_picked":["WindmillStrike","Protect"],"picked":"ThirdEye","floor":11.0},{"not_picked":["DeceiveReality","CrushJoints"],"picked":"TalkToTheHand","floor":12.0},{"not_picked":["BattleHymn","ForeignInfluence"],"picked":"CutThroughFate","floor":13.0},{"not_picked":["ThirdEye","Devotion"],"picked":"CrushJoints","floor":14.0},{"not_picked":["DevaForm","Brilliance"],"picked":"Blasphemy","floor":16.0},{"not_picked":["PathToVictory","Fasting2"],"picked":"Weave","floor":18.0},{"not_picked":["InnerPeace","CutThroughFate"],"picked":"Tantrum","floor":19.0},{"not_picked":["SashWhip","CutThroughFate"],"picked":"FlurryOfBlows+1","floor":20.0},{"not_picked":["EmptyFist","EmptyBody"],"picked":"EmptyMind","floor":24.0},{"not_picked":["CarveReality","ThirdEye"],"picked":"Prostrate+1","floor":27.0},{"not_picked":["Prostrate","Protect"],"picked":"Devotion","floor":31.0},{"not_picked":["Ragnarok","Blasphemy"],"picked":"Omniscience","floor":33.0},{"not_picked":["ForeignInfluence","Collect","Evaluate"],"picked":"Singing Bowl","floor":35.0},{"not_picked":["BowlingBash","Perseverance"],"picked":"Evaluate+1","floor":41.0},{"not_picked":["Prostrate","CrushJoints"],"picked":"EmptyBody+1","floor":42},{"not_picked":["FlyingSleeves","Collect","EmptyFist"],"picked":"Singing Bowl","floor":44},{"not_picked":["Pray","SandsOfTime+1"],"picked":"Adaptation+1","floor":46}],"player_experience":811990,"relics_obtained":[{"floor":3.0,"key":"HornCleat"},{"floor":7.0,"key":"Singing Bowl"},{"floor":9.0,"key":"Tiny Chest"},{"floor":11.0,"key":"Boot"},{"floor":14.0,"key":"Damaru"},{"floor":24.0,"key":"Regal Pillow"},{"floor":26.0,"key":"The Courier"},{"floor":27.0,"key":"Nunchaku"},{"floor":31.0,"key":"Oddly Smooth Stone"},{"floor":36.0,"key":"Blood Vial"},{"floor":42,"key":"Blue Candle"}],"event_choices":[{"damage_healed":0.0,"max_hp_gain":5.0,"max_hp_loss":0.0,"gold_gain":0.0,"event_name":"Big Fish","player_choice":"Donut","floor":2.0,"gold_loss":0.0,"damage_taken":0.0},{"damage_healed":0.0,"max_hp_gain":0.0,"max_hp_loss":0.0,"gold_gain":100.0,"event_name":"Wheel of Change","player_choice":"Gold","floor":5.0,"gold_loss":0.0,"damage_taken":0.0},{"cards_removed":["Strike_P"],"damage_healed":0.0,"max_hp_gain":0.0,"max_hp_loss":0.0,"gold_gain":0.0,"event_name":"Beggar","player_choice":"Gave Gold","floor":21.0,"gold_loss":75.0,"damage_taken":0.0},{"damage_healed":0.0,"max_hp_gain":0.0,"max_hp_loss":0.0,"gold_gain":0.0,"cards_transformed":["Strike_P","Strike_P"],"event_name":"Drug Dealer","player_choice":"Became Test Subject","floor":29.0,"gold_loss":0.0,"damage_taken":0.0,"cards_obtained":["Tantrum","Weave"]},{"damage_healed":0.0,"max_hp_gain":0.0,"max_hp_loss":0.0,"gold_gain":0.0,"event_name":"The Woman in Blue","player_choice":"Bought 0 Potions","floor":30.0,"gold_loss":0.0,"damage_taken":0.0},{"damage_healed":0.0,"max_hp_gain":0.0,"max_hp_loss":4.0,"gold_gain":0.0,"event_name":"Winding Halls","player_choice":"Max HP","floor":38.0,"gold_loss":0.0,"damage_taken":0.0},{"cards_removed":["CutThroughFate"],"damage_healed":0.0,"max_hp_gain":0.0,"max_hp_loss":0.0,"gold_gain":0.0,"event_name":"Falling","player_choice":"Removed Attack","floor":39.0,"gold_loss":0.0,"damage_taken":0.0}],"is_beta":false,"boss_relics":[{"not_picked":["Snecko Eye","Fusion Hammer"],"picked":"Coffee Dripper"},{"not_picked":["Cursed Key","Calling Bell"],"picked":"Astrolabe"}],"items_purged_floors":[22,37],"is_endless":false,"potions_floor_spawned":[7,11,16,19,27,33,35,41,46],"killed_by":"4 Shapes","ascension_level":20}}