{"host":"btkbr53c3gip0r7d","time":1613345614,"event":{"mods":["BaseMod","Better Altar","Better Match","Better Note","Better Sensory Stone","Better Skull","Better Third Choice","Colored Map","Curses Come First","Downfall","Minty Spire (QoL Compilation)","StSLib","The Cursed","The Marked"],"gold_per_floor":[99,116,116,128,128,147,217,232,232,232,232],"floor_reached":9,"language":"ENG","playtime":759,"items_purged":[],"score":61,"play_id":"2bf703f5-c06d-4e24-9448-e67d2b1c9b18","local_time":"20210214163334","is_ascension_mode":true,"campfire_choices":[{"data":"Slimebound:Split","floor":1,"key":"SMITH"}],"circlet_count":0,"master_deck":["Slimebound:Strike_Slimebound","Slimebound:Tackle","Slimebound:Defend_Slimebound","Slimebound:Defend_Slimebound","Slimebound:Split+1","Slimebound:CorrosiveSpit","CurseOfTheBell","Slimebound:SlimeTap","Slimebound:Chomp","Parasite","Slimebound:Replication","Slimebound:ProtectTheBoss"],"relics":["Calling Bell","Nunchaku","Blue Candle","Incense Burner","Gremlin Horn"],"acts_visited":["Exordium"],"potions_floor_usage":[9],"damage_taken":[{"damage":1,"enemies":"2 Louse","floor":2,"turns":3},{"damage":3,"enemies":"Jaw Worm","floor":4,"turns":3},{"damage":2,"enemies":"Cultist","floor":6,"turns":2},{"damage":15,"enemies":"Exordium Wildlife","floor":8,"turns":3},{"damage":48,"enemies":"Gremlin Nob","floor":9,"turns":4}],"seed_played":"-1437309882806221280","potions_obtained":[{"floor":4,"key":"bronze:BurnAndBuffPotion"},{"floor":6,"key":"SteroidPotion"}],"is_trial":false,"path_per_floor":["R","M","?","M","?","M","T","M","E"],"character_chosen":"SLIMEBOUND","items_purchased":[],"campfire_rested":0,"item_purchase_floors":[],"current_hp_per_floor":[65,64,64,61,61,59,59,44,0,0,0],"gold":232,"neow_bonus":"BOSS_RELIC","is_daily":false,"chose_seed":false,"campfire_upgraded":1,"win_rate":0.0,"timestamp":1613345614,"path_taken":["R","M","?","M","?","M","T","M","E"],"items_purchased_type":[],"build_version":"2020-12-22","purchased_purges":0,"victory":false,"max_hp_per_floor":[65,65,65,65,65,65,65,65,65,65,65],"card_choices":[{"not_picked":["Slimebound:SlimeBarrage","Slimebound:LeechEnergy"],"picked":"Slimebound:SlimeTap","floor":2},{"not_picked":["Slimebound:SpikyOuterGoop","Slimebound:SamplingLick"],"picked":"Slimebound:Chomp","floor":4},{"not_picked":["Slimebound:PressTheAttack","Slimebound:ComboTackle"],"picked":"Slimebound:Replication","floor":6},{"not_picked":["Slimebound:Recollect","Slimebound:SpikyOuterGoop"],"picked":"Slimebound:ProtectTheBoss","floor":8}],"player_experience":1433488,"relics_obtained":[{"floor":0,"key":"Nunchaku"},{"floor":0,"key":"Blue Candle"},{"floor":0,"key":"Incense Burner"},{"floor":7,"key":"Gremlin Horn"}],"event_choices":[],"is_beta":false,"boss_relics":[],"items_purged_floors":[],"is_endless":false,"potions_floor_spawned":[4,6],"killed_by":"Gremlin Nob","ascension_level":3}}