{"host":"xp5rvh2jwe2ejyfm","time":1613264811,"event":{"mods":["2.2 Compatiblity","Aspiration","BaseMod","Better Altar","Better Match","Better Note","Better Sensory Stone","Better Skull","BetterRewards","Colored Powertips","Conspire","Downfall","GifTheSpireLib","Gremlin Mod","GungeonMod","Hermit","Hubris","Jorbs\u0027s Wanderer Trilogy","Minty Spire (QoL Compilation)","Potionbrewer","Quick Restart","Replay The Spire","Robot Space Explorer","Shade Mod","Somnambulant","StSLib","The Bug Knight","The Clintock","The Construct","The Cursed","The Disciple","The Forsaken","The Hierophant","The Necromancer","The Runesmith","The Servant 0.9.4","The Valiant","The Witch","TheFirefly","thorton"],"gold_per_floor":[119,119,131,150,170,196,210,241,312,312,312,331,356,531,531,661,661,676,691,616,641,661,661,699,724,748,748,325,325,358,38,38,167,167,186,205,223,238,48,48,1,1,72,72,111,111,125,146,146,146,146,146,42,82,82,82],"floor_reached":55,"language":"ENG","playtime":2323,"items_purged":[],"score":751,"play_id":"adf55f3f-acd6-4232-a84f-9a52a02fa74b","local_time":"20210213200651","is_ascension_mode":false,"campfire_choices":[{"floor":11,"key":"RECALL"},{"floor":15,"key":"REST"},{"floor":23,"key":"REST"},{"floor":32,"key":"REST"},{"floor":40,"key":"REST"},{"data":"Dramatic Entrance","floor":44,"key":"SMITH"},{"data":"ReplayTheSpireMod:Brewmster","floor":46,"key":"SMITH"},{"data":"ReplayTheSpireMod:Necrogeddon","floor":52,"key":"SMITH"}],"circlet_count":0,"master_deck":["RobotSpaceExplorer:Defend","RobotSpaceExplorer:Defend","RobotSpaceExplorer:Defend","RobotSpaceExplorer:Scan","RobotSpaceExplorer:MiniLasers","Dramatic Entrance+1","RobotSpaceExplorer:SurgingShield","RobotSpaceExplorer:PowerGlove","RobotSpaceExplorer:MiniDrones","RobotSpaceExplorer:GlueShot","RobotSpaceExplorer:StarDust","RobotSpaceExplorer:Probe","RobotSpaceExplorer:IronShell","Injury","RobotSpaceExplorer:GearShield","RobotSpaceExplorer:StunGrenade","Doubt","RobotSpaceExplorer:Multitool","RobotSpaceExplorer:RigExplosive","RobotSpaceExplorer:Pulsar+1","RobotSpaceExplorer:DroneSwarm+1","RobotSpaceExplorer:Ammunition+1","RobotSpaceExplorer:FrostMissile+1","RobotSpaceExplorer:LaserBurst","RobotSpaceExplorer:FreezeRay","Secret Technique","RobotSpaceExplorer:Reload","RobotSpaceExplorer:Probe","Finesse","Bite","Bite","Bite","Bite","Bite","RobotSpaceExplorer:BigMissile","RobotSpaceExplorer:FranticSearch","RobotSpaceExplorer:MetalStrike","RobotSpaceExplorer:Multitool","RobotSpaceExplorer:PlasmaMissile+1","RobotSpaceExplorer:Pulsar","RobotSpaceExplorer:Discharger+1","RobotSpaceExplorer:FrostMissile+1","RobotSpaceExplorer:PowerGlove","ReplayTheSpireMod:Brewmster+1","ReplayTheSpireMod:Necrogeddon+1","RobotSpaceExplorer:GlueShot","RobotSpaceExplorer:Ammunition+1","RobotSpaceExplorer:StunGrenade+1","RobotSpaceExplorer:StarLightning","RobotSpaceExplorer:Pulsar","RobotSpaceExplorer:MiniBoosters","RobotSpaceExplorer:MiniDrones","RobotSpaceExplorer:StarDust"],"relics":["RobotSpaceExplorer:RoboCore","CaptainsWheel","Golden Idol","conspire:SpecialSausage","Replay:Rubber Ducky","theForsaken:Lifeblossom","Mercury Hourglass","Painkiller Herb","ReplayTheSpireMod:ShopPack","Gremlin Horn","Gremlin Food"],"acts_visited":["Exordium","TheCity","TheBeyond","TheEnding"],"potions_floor_usage":[8,8,16,16,19,19,21,21,21,24,33,33,33,38,38,45,45,48,50,50,50,55],"damage_taken":[{"damage":0,"enemies":"2 Louse","floor":1,"turns":1},{"damage":6,"enemies":"Jaw Worm","floor":3,"turns":4},{"damage":0,"enemies":"Small Slimes","floor":4,"turns":2},{"damage":0,"enemies":"2 Fungi Beasts","floor":5,"turns":2},{"damage":6,"enemies":"3 Sentries","floor":6,"turns":8},{"damage":1,"enemies":"Exordium Thugs","floor":7,"turns":3},{"damage":25,"enemies":"Gremlin Nob","floor":8,"turns":4},{"damage":15,"enemies":"Large Slime","floor":12,"turns":6},{"damage":9,"enemies":"3 Louse","floor":13,"turns":3},{"damage":30,"enemies":"The Guardian","floor":16,"turns":12},{"damage":12,"enemies":"Spheric Guardian","floor":18,"turns":6},{"damage":0,"enemies":"Chosen","floor":19,"turns":4},{"damage":12,"enemies":"Centurion and Healer","floor":21,"turns":7},{"damage":2,"enemies":"Sentry and Sphere","floor":22,"turns":5},{"damage":25,"enemies":"Book of Stabbing","floor":24,"turns":7},{"damage":10,"enemies":"Snecko","floor":25,"turns":6},{"damage":32,"enemies":"Collector","floor":33,"turns":8},{"damage":21,"enemies":"3 Shapes","floor":35,"turns":3},{"damage":12,"enemies":"3 Darklings","floor":36,"turns":3},{"damage":0,"enemies":"Jaw Worm Horde","floor":37,"turns":3},{"damage":19,"enemies":"Writhing Mass","floor":38,"turns":6},{"damage":0,"enemies":"conspire:MimicChest","floor":45,"turns":7},{"damage":0,"enemies":"Sphere and 2 Shapes","floor":47,"turns":3},{"damage":1,"enemies":"Maw","floor":48,"turns":8},{"damage":51,"enemies":"Awakened One","floor":50,"turns":12},{"damage":55,"enemies":"Shield and Spear","floor":54,"turns":7},{"damage":40,"enemies":"The Heart","floor":55,"turns":2}],"seed_played":"-5476995582680246052","potions_obtained":[{"floor":5,"key":"champ:CounterPotion"},{"floor":6,"key":"Toxic Potion"},{"floor":7,"key":"EssenceOfSteel"},{"floor":13,"key":"hexamod:SoulburnPotion"},{"floor":16,"key":"Swift Potion"},{"floor":18,"key":"Block Potion"},{"floor":19,"key":"Explosive Potion"},{"floor":21,"key":"Fruit Juice"},{"floor":30,"key":"potionbrewer:ToxicPotion"},{"floor":30,"key":"Slimebound:ThreeZeroPotion"},{"floor":38,"key":"Explosive Potion"},{"floor":45,"key":"RobotSpaceExplorer:LiquidFusion"}],"is_trial":false,"path_per_floor":["M","?","M","M","M","E","M","E","T","?","R","M","M","?","R","B",null,"M","M","?","M","M","R","E","M","T","?","$","?","?","$","R","B",null,"?","?","?","?","T","T","T","?","T","T","?","T","?","?","T","B",null,"T","T","E","B"],"character_chosen":"RobotSpaceExplorer","items_purchased":["Secret Technique","RobotSpaceExplorer:Reload","RobotSpaceExplorer:Probe","Finesse","Mercury Hourglass","RobotSpaceExplorer:FranticSearch","RobotSpaceExplorer:MetalStrike","RobotSpaceExplorer:PowerGlove","ReplayTheSpireMod:ShopPack","RobotSpaceExplorer:GlueShot","RobotSpaceExplorer:MiniBoosters","RobotSpaceExplorer:MiniDrones"],"campfire_rested":4,"item_purchase_floors":[28,28,28,28,31,31,31,39,39,41,53,53],"current_hp_per_floor":[75,75,69,69,69,63,64,41,41,41,41,28,21,21,43,15,75,63,65,65,60,60,80,55,47,47,47,47,47,27,27,51,31,80,64,57,62,53,53,77,77,77,77,77,80,80,80,79,79,37,80,80,80,32,0,0],"gold":82,"neow_bonus":"RANDOM_COLORLESS","is_daily":false,"chose_seed":false,"campfire_upgraded":3,"win_rate":0.0,"timestamp":1613264811,"path_taken":["M","?","M","M","M","E","M","E","T","?","R","M","M","?","R","BOSS","M","M","?","M","M","R","E","M","T","?","$","?","?","$","R","BOSS","?","?","?","?","T","T","?","?","T","T","?","T","?","?","T","BOSS","T","T","E","BOSS"],"items_purchased_type":["Card","Card","Card","Card","Relic","Card","Card","Card","Relic","Card","Card","Card"],"build_version":"2020-12-22","purchased_purges":0,"victory":false,"max_hp_per_floor":[75,75,75,75,75,75,75,75,75,75,75,75,75,75,75,75,75,75,75,75,80,80,80,80,80,80,80,80,80,80,80,80,80,80,80,80,80,80,80,80,80,80,80,80,80,80,80,80,80,80,80,80,80,80,80,80],"card_choices":[{"not_picked":["Enlightenment","Replay:Sssssssssshield"],"picked":"Dramatic Entrance","floor":0},{"not_picked":["RobotSpaceExplorer:Ammunition","RobotSpaceExplorer:IronShell"],"picked":"RobotSpaceExplorer:SurgingShield","floor":1},{"not_picked":["RobotSpaceExplorer:ImprovisedAttack","RobotSpaceExplorer:Jetpack"],"picked":"RobotSpaceExplorer:PowerGlove","floor":3},{"not_picked":["RobotSpaceExplorer:GearShield","RobotSpaceExplorer:BlastShield"],"picked":"RobotSpaceExplorer:MiniDrones","floor":4},{"not_picked":["RobotSpaceExplorer:ExhaustFan","RobotSpaceExplorer:Jetpack"],"picked":"RobotSpaceExplorer:GlueShot","floor":5},{"not_picked":["RobotSpaceExplorer:FranticSearch","RobotSpaceExplorer:SlimeMissile"],"picked":"RobotSpaceExplorer:StarDust","floor":6},{"not_picked":["RobotSpaceExplorer:ScrapShield","RobotSpaceExplorer:FrostMissile"],"picked":"RobotSpaceExplorer:Probe","floor":7},{"not_picked":["RobotSpaceExplorer:FranticSearch","RobotSpaceExplorer:TurboDodge"],"picked":"RobotSpaceExplorer:IronShell","floor":8},{"not_picked":["RobotSpaceExplorer:SlimeMissile","RobotSpaceExplorer:JunkDive"],"picked":"RobotSpaceExplorer:GearShield","floor":12},{"not_picked":["RobotSpaceExplorer:Probe","RobotSpaceExplorer:Jetpack"],"picked":"RobotSpaceExplorer:StunGrenade","floor":13},{"not_picked":["RobotSpaceExplorer:Exploration","RobotSpaceExplorer:Scanner"],"picked":"RobotSpaceExplorer:Multitool","floor":16},{"not_picked":["RobotSpaceExplorer:ScrapShield","RobotSpaceExplorer:JunkDive+1"],"picked":"RobotSpaceExplorer:RigExplosive","floor":18},{"not_picked":["RobotSpaceExplorer:Fix","RobotSpaceExplorer:GearShield+1"],"picked":"RobotSpaceExplorer:Pulsar+1","floor":19},{"not_picked":["RobotSpaceExplorer:Scanner+1","RobotSpaceExplorer:ChargingLaser+1"],"picked":"RobotSpaceExplorer:DroneSwarm+1","floor":20},{"not_picked":["RobotSpaceExplorer:SurgingStrike","RobotSpaceExplorer:HighVoltage"],"picked":"RobotSpaceExplorer:Ammunition+1","floor":21},{"not_picked":["RobotSpaceExplorer:SurgingStrike","RobotSpaceExplorer:RigExplosive+1"],"picked":"RobotSpaceExplorer:FrostMissile+1","floor":22},{"not_picked":["RobotSpaceExplorer:ShovelStrike","RobotSpaceExplorer:SlimeMissile"],"picked":"RobotSpaceExplorer:LaserBurst","floor":24},{"not_picked":["RobotSpaceExplorer:MetalStrike","RobotSpaceExplorer:ScrapMissile"],"picked":"RobotSpaceExplorer:FreezeRay","floor":25},{"not_picked":["RobotSpaceExplorer:JunkDive","RobotSpaceExplorer:StunGrenade"],"picked":"RobotSpaceExplorer:BigMissile","floor":30},{"not_picked":["RobotSpaceExplorer:HighVoltage","RobotSpaceExplorer:BlastShield"],"picked":"RobotSpaceExplorer:Multitool","floor":33},{"not_picked":["RobotSpaceExplorer:IronShell+1","RobotSpaceExplorer:DoubleBlock+1"],"picked":"RobotSpaceExplorer:PlasmaMissile+1","floor":35},{"not_picked":["RobotSpaceExplorer:Calculate","RobotSpaceExplorer:FrostMissile"],"picked":"RobotSpaceExplorer:Pulsar","floor":36},{"not_picked":["RobotSpaceExplorer:StunGrenade+1","RobotSpaceExplorer:DualCore"],"picked":"RobotSpaceExplorer:Discharger+1","floor":37},{"not_picked":["RobotSpaceExplorer:SwiftStep+1","RobotSpaceExplorer:Counterblock+1"],"picked":"RobotSpaceExplorer:FrostMissile+1","floor":38},{"not_picked":["HandOfGreed","Crow Ritual"],"picked":"ReplayTheSpireMod:Brewmster","floor":39},{"not_picked":["Madness","DemoMod:Spice"],"picked":"ReplayTheSpireMod:Necrogeddon","floor":39},{"not_picked":["RobotSpaceExplorer:MetalStrike+1","RobotSpaceExplorer:SurgingShield"],"picked":"RobotSpaceExplorer:Ammunition+1","floor":45},{"not_picked":["RobotSpaceExplorer:Pulsar","RobotSpaceExplorer:SurgingStrike"],"picked":"RobotSpaceExplorer:StunGrenade+1","floor":47},{"not_picked":["RobotSpaceExplorer:MakeshiftVolley+1","RobotSpaceExplorer:StunGrenade+1"],"picked":"RobotSpaceExplorer:StarLightning","floor":48},{"not_picked":["RobotSpaceExplorer:Probe+1","RobotSpaceExplorer:FranticSearch+1"],"picked":"RobotSpaceExplorer:StarDust","floor":54}],"player_experience":498704,"relics_obtained":[{"floor":6,"key":"Blood Vial"},{"floor":8,"key":"CaptainsWheel"},{"floor":24,"key":"Replay:Rubber Ducky"},{"floor":26,"key":"theForsaken:Lifeblossom"},{"floor":43,"key":"Gremlin Horn"},{"floor":54,"key":"Gremlin Food"}],"event_choices":[{"damage_healed":0,"gold_gain":0,"player_choice":"Take Wound","damage_taken":0,"relics_obtained":["Golden Idol"],"max_hp_gain":0,"max_hp_loss":0,"event_name":"Golden Idol","floor":10,"gold_loss":0,"cards_obtained":["Injury"]},{"damage_healed":0,"gold_gain":175,"player_choice":"AGREE","damage_taken":0,"max_hp_gain":0,"max_hp_loss":0,"event_name":"Liars Game","floor":14,"gold_loss":0,"cards_obtained":["Doubt"]},{"damage_healed":0,"gold_gain":0,"player_choice":"2","damage_taken":0,"max_hp_gain":0,"max_hp_loss":0,"event_name":"betterMatch:BetterMatch","floor":20,"gold_loss":0,"cards_obtained":["betterMatch:RareCard"]},{"damage_healed":0,"gold_gain":0,"player_choice":"Ignored","damage_taken":0,"max_hp_gain":0,"max_hp_loss":0,"event_name":"betterNote:BetterNote","floor":27,"gold_loss":0,"cards_obtained":["hermit:Headshot"]},{"damage_healed":0,"gold_gain":0,"player_choice":"Became a vampire (Vial)","damage_taken":0,"max_hp_gain":0,"max_hp_loss":0,"event_name":"Vampires","floor":29,"relics_lost":["Blood Vial"],"gold_loss":0,"cards_obtained":["Bite","Bite","Bite","Bite","Bite"]},{"damage_healed":0,"gold_gain":0,"player_choice":"Leave","damage_taken":0,"max_hp_gain":0,"max_hp_loss":0,"event_name":"conspire:Investor","floor":42,"gold_loss":0}],"is_beta":false,"boss_relics":[{"not_picked":["SlaversCollar","Pandora\u0027s Box"],"picked":"conspire:SpecialSausage"},{"not_picked":["potionbrewer:BhaskarasWheel","Runic Pyramid"],"picked":"Painkiller Herb"}],"items_purged_floors":[],"is_endless":false,"potions_floor_spawned":[5,6,7,13,16,18,19,21,38,45,48],"killed_by":"The Heart","ascension_level":0}}