{"host":"Joker2kill","time":1613333254,"event":{"mods":["BaseMod","Bestiary","Colored Map","Curses Come First","Minty Spire (QoL Compilation)","StSLib"],"gold_per_floor":[110,122,122,133,145,175,175,186,186,218,231,231,406,423,423,528,528,543,59,59,79,79,79],"floor_reached":22,"language":"ENG","playtime":2626,"items_purged":["Doubt"],"score":228,"play_id":"3479244a-5703-4f57-90e0-79f7674f4417","local_time":"20210214150734","is_ascension_mode":true,"campfire_choices":[{"floor":7.0,"key":"REST"},{"floor":12.0,"key":"REST"},{"data":"Reprogram","floor":15.0,"key":"SMITH"}],"circlet_count":0,"master_deck":["Strike_B","Strike_B","Strike_B","Strike_B","Defend_B+1","Defend_B","Defend_B","Defend_B+1","Zap","Dualcast","Sweeping Beam","FTL","Reprogram+1","Turbo","Coolheaded","Creative AI","Conserve Battery","Turbo","Hyperbeam","CurseOfTheBell","Hologram+1","Rip and Tear","Seek","Hologram+1","Cold Snap","Barrage+1"],"relics":["Cracked Core","Ancient Tea Set","Pantograph","Darkstone Periapt","Calling Bell","Dream Catcher","The Courier","Torii","StoneCalendar","Orrery"],"acts_visited":["Exordium","TheCity"],"potions_floor_usage":[],"damage_taken":[{"damage":0.0,"enemies":"Small Slimes","floor":1.0,"turns":2.0},{"damage":0.0,"enemies":"2 Louse","floor":2.0,"turns":2.0},{"damage":0.0,"enemies":"Jaw Worm","floor":4.0,"turns":4.0},{"damage":1.0,"enemies":"Large Slime","floor":5.0,"turns":4.0},{"damage":35.0,"enemies":"Gremlin Nob","floor":6.0,"turns":5.0},{"damage":6.0,"enemies":"3 Louse","floor":8.0,"turns":2.0},{"damage":20.0,"enemies":"3 Sentries","floor":10.0,"turns":8.0},{"damage":9.0,"enemies":"2 Fungi Beasts","floor":11.0,"turns":3.0},{"damage":9.0,"enemies":"Exordium Wildlife","floor":14.0,"turns":7.0},{"damage":11.0,"enemies":"Slime Boss","floor":16.0,"turns":7.0},{"damage":15.0,"enemies":"3 Byrds","floor":18.0,"turns":2.0},{"damage":30.0,"enemies":"Shell Parasite","floor":21.0,"turns":7.0},{"damage":40,"enemies":"Snake Plant","floor":22,"turns":6}],"seed_played":"6921614195637550349","potions_obtained":[{"floor":0.0,"key":"EssenceOfSteel"},{"floor":0.0,"key":"DuplicationPotion"},{"floor":0.0,"key":"EssenceOfSteel"},{"floor":6.0,"key":"ColorlessPotion"},{"floor":10.0,"key":"Weak Potion"},{"floor":14.0,"key":"LiquidBronze"},{"floor":21,"key":"BlessingOfTheForge"}],"is_trial":false,"path_per_floor":["M","M","?","M","M","E","R","M","T","E","M","R","?","M","R","B",null,"M","$","?","M","M"],"character_chosen":"DEFECT","items_purchased":["Rip and Tear","StoneCalendar","Orrery"],"campfire_rested":2,"item_purchase_floors":[19,19,19],"current_hp_per_floor":[75,75,60,60,59,24,46,40,40,20,11,33,39,30,30,44,87,72,72,72,42,2,2],"gold":79,"neow_bonus":"THREE_SMALL_POTIONS","is_daily":false,"chose_seed":false,"campfire_upgraded":1,"win_rate":0.0,"timestamp":1613333254,"path_taken":["M","M","?","M","M","E","R","M","T","E","M","R","?","M","R","BOSS","M","$","?","M","M"],"items_purchased_type":["Card","Relic","Relic"],"build_version":"2020-12-18","purchased_purges":1,"victory":false,"max_hp_per_floor":[75,75,75,75,75,75,75,75,75,75,75,75,81,81,81,81,87,87,87,87,87,87,87],"card_choices":[{"not_picked":["Stack","Force Field"],"picked":"Sweeping Beam","floor":1.0},{"not_picked":["Consume","Chaos","Compile Driver"],"picked":"SKIP","floor":2.0},{"not_picked":["Rebound","Stack"],"picked":"FTL","floor":4.0},{"not_picked":["Static Discharge","Thunder Strike"],"picked":"Reprogram","floor":5.0},{"not_picked":["Streamline","Compile Driver"],"picked":"Turbo","floor":6.0},{"not_picked":["Consume","Beam Cell"],"picked":"Coolheaded","floor":8.0},{"not_picked":["Ball Lightning","Sweeping Beam"],"picked":"Creative AI","floor":10.0},{"not_picked":["Steam","Leap"],"picked":"Conserve Battery","floor":11.0},{"not_picked":["Rebound","Melter"],"picked":"Turbo","floor":14.0},{"not_picked":["Biased Cognition","All For One"],"picked":"Hyperbeam","floor":16.0},{"not_picked":["Gash","Fusion"],"picked":"Hologram+1","floor":18.0},{"not_picked":["Steam+1","Tempest"],"picked":"Seek","floor":19.0},{"not_picked":["FTL","Go for the Eyes"],"picked":"Hologram+1","floor":19.0},{"not_picked":["Glacier+1","Turbo+1"],"picked":"Cold Snap","floor":19.0},{"not_picked":["Aggregate","Compile Driver"],"picked":"Barrage+1","floor":21}],"player_experience":335578,"relics_obtained":[{"floor":6.0,"key":"Ancient Tea Set"},{"floor":9.0,"key":"Pantograph"},{"floor":10.0,"key":"Darkstone Periapt"},{"floor":17.0,"key":"Dream Catcher"},{"floor":17.0,"key":"The Courier"},{"floor":17.0,"key":"Torii"}],"event_choices":[{"damage_healed":0.0,"max_hp_gain":0.0,"max_hp_loss":0.0,"gold_gain":0.0,"event_name":"Shining Light","player_choice":"Entered Light","floor":3.0,"gold_loss":0.0,"damage_taken":15.0,"cards_upgraded":["Defend_B","Defend_B"]},{"damage_healed":0.0,"max_hp_gain":0.0,"max_hp_loss":0.0,"gold_gain":175.0,"event_name":"Liars Game","player_choice":"AGREE","floor":13.0,"gold_loss":0.0,"damage_taken":0.0,"cards_obtained":["Doubt"]},{"damage_healed":0.0,"max_hp_gain":0.0,"max_hp_loss":0.0,"gold_gain":0.0,"event_name":"Ghosts","player_choice":"Ignored","floor":20.0,"gold_loss":0.0,"damage_taken":0.0}],"is_beta":true,"boss_relics":[{"not_picked":["Runic Pyramid","Ectoplasm"],"picked":"Calling Bell"}],"items_purged_floors":[19],"is_endless":false,"potions_floor_spawned":[4,6,10,14,21],"killed_by":"Snake Plant","ascension_level":3}}