{"host":"oigynbtg272c19pw","time":1613302773,"event":{"mods":["BaseMod","Colored Map","Minty Spire (QoL Compilation)","Relic Stats","Slay the Relics Exporter","StSLib"],"gold_per_floor":[112,112,112,37,62,62,6,6,57,96,96,132,132,170,170,261,261,274,274,274,60,81,114,132,152,152,152,196,196,0,41,41,41,41],"floor_reached":33,"playtime":2469,"items_purged":["Strike_P","Pain"],"score":784,"play_id":"cf59c26f-1600-45fb-a7f7-6189094b5c5e","local_time":"20210214123933","is_ascension_mode":true,"campfire_choices":[{"data":"Adaptation","floor":6.0,"key":"SMITH"},{"data":"BowlingBash","floor":8.0,"key":"SMITH"},{"floor":11.0,"key":"REST"},{"floor":13.0,"key":"REST"},{"data":"EmptyFist","floor":15.0,"key":"SMITH"},{"floor":27.0,"key":"REST"},{"floor":29.0,"key":"REST"},{"data":"MentalFortress","floor":32,"key":"SMITH"}],"circlet_count":0,"master_deck":["AscendersBane","Strike_P","Strike_P","Defend_P","Defend_P","Defend_P","Defend_P","Eruption","Vigilance","Adaptation+1","FollowUp+1","BowlingBash+1","Consecrate+1","EmptyFist+1","Crescendo","DeusExMachina","Vengeance+1","Ghostly+1","Ghostly","Ghostly+1","FlyingSleeves","LessonLearned","EmptyMind+1","MentalFortress+1","InnerPeace","MentalFortress+1"],"relics":["PureWater","Vajra","Golden Idol","Pen Nib","The Courier","Juzu Bracelet","Happy Flower","Cursed Key","Anchor","Gambling Chip","Orichalcum","OrangePellets","White Beast Statue"],"acts_visited":["Exordium","TheCity"],"potions_floor_usage":[31],"damage_taken":[{"damage":4.0,"enemies":"Cultist","floor":1.0,"turns":5.0},{"damage":0.0,"enemies":"2 Louse","floor":5.0,"turns":3.0},{"damage":30.0,"enemies":"Lagavulin","floor":10.0,"turns":4.0},{"damage":25.0,"enemies":"Gremlin Nob","floor":12.0,"turns":4.0},{"damage":2.0,"enemies":"Lagavulin","floor":14.0,"turns":5.0},{"damage":0.0,"enemies":"Slime Boss","floor":16.0,"turns":5.0},{"damage":28.0,"enemies":"Shell Parasite","floor":18.0,"turns":4.0},{"damage":0.0,"enemies":"Spheric Guardian","floor":22.0,"turns":4.0},{"damage":9.0,"enemies":"Book of Stabbing","floor":23.0,"turns":5.0},{"damage":1.0,"enemies":"Snecko","floor":24.0,"turns":5.0},{"damage":0.0,"enemies":"Centurion and Healer","floor":25.0,"turns":5.0},{"damage":13.0,"enemies":"Slavers","floor":28.0,"turns":4.0},{"damage":0,"enemies":"Book of Stabbing","floor":31,"turns":5},{"damage":30,"enemies":"Champ","floor":33,"turns":11}],"seed_played":"-4322240725528397241","potions_obtained":[{"floor":1.0,"key":"Ancient Potion"},{"floor":16.0,"key":"Strength Potion"},{"floor":23.0,"key":"FearPotion"},{"floor":25.0,"key":"SteroidPotion"},{"floor":28.0,"key":"Energy Potion"}],"is_trial":false,"path_per_floor":["M","?","?","?","M","R","$","R","T","E","R","E","R","E","R","B",null,"M","?","?","$","M","E","M","M","T","R","E","R","$","E","R","B"],"character_chosen":"WATCHER","items_purchased":["BowlingBash","FlyingSleeves","LessonLearned","OrangePellets"],"campfire_rested":4,"item_purchase_floors":[7,21,21,30],"current_hp_per_floor":[57,57,46,46,46,46,46,46,46,16,34,9,27,25,25,25,53,25,25,25,25,25,16,15,15,15,24,11,20,20,20,20,0,0],"gold":41,"neow_bonus":"RANDOM_COMMON_RELIC","is_daily":false,"chose_seed":false,"campfire_upgraded":4,"win_rate":0.0,"timestamp":1613302773,"path_taken":["M","?","?","?","M","R","$","R","T","E","R","E","R","E","R","BOSS","M","?","?","$","M","E","M","M","T","R","E","R","$","E","R","BOSS"],"items_purchased_type":["Card","Card","Card","Relic"],"build_version":"2020-12-13","purchased_purges":2,"victory":false,"max_hp_per_floor":[68,62,62,62,62,62,62,62,62,62,62,62,62,62,62,62,62,62,31,31,31,31,31,31,31,31,31,31,31,31,31,31,31,31],"relic_stats":{"OrangePellets":[0],"Happy Flower":[16],"counters":[14,69],"Golden Idol":85,"Gambling Chip":[6],"Pen Nib":[13],"Juzu Bracelet":0,"Orichalcum":[12],"Cursed Key":1,"obtain_stats":[{"Happy Flower":14,"Golden Idol":2,"Vajra":0,"Pen Nib":3,"The Courier":10,"Juzu Bracelet":12,"Orichalcum":28,"Cursed Key":17,"White Beast Statue":31,"OrangePellets":30,"Anchor":23,"Gambling Chip":26,"PureWater":0},{"Happy Flower":5,"Golden Idol":1,"Vajra":0,"Pen Nib":1,"The Courier":3,"Juzu Bracelet":4,"Orichalcum":12,"Cursed Key":6,"White Beast Statue":13,"OrangePellets":12,"Anchor":9,"Gambling Chip":11,"PureWater":0},{"Happy Flower":21,"Golden Idol":5,"Vajra":0,"Pen Nib":5,"The Courier":12,"Juzu Bracelet":16,"Orichalcum":53,"Cursed Key":26,"White Beast Statue":58,"OrangePellets":53,"Anchor":39,"Gambling Chip":49,"PureWater":0}]},"card_choices":[{"not_picked":["Vengeance","Protect"],"picked":"Adaptation","floor":1.0},{"not_picked":["DeceiveReality","PathToVictory"],"picked":"FollowUp","floor":5.0},{"not_picked":["BowlingBash","JustLucky"],"picked":"Consecrate","floor":10.0},{"not_picked":["WindmillStrike","DeceiveReality"],"picked":"EmptyFist","floor":12.0},{"not_picked":["BowlingBash","BattleHymn"],"picked":"Crescendo","floor":14.0},{"not_picked":["Blasphemy","Omniscience"],"picked":"DeusExMachina","floor":16.0},{"not_picked":["ClearTheMind","Protect"],"picked":"Vengeance+1","floor":18.0},{"not_picked":["ReachHeaven","Conclude"],"picked":"EmptyMind","floor":22.0},{"not_picked":["Consecrate","WreathOfFlame","Worship"],"picked":"SKIP","floor":23.0},{"not_picked":["JustLucky","Evaluate","Prostrate"],"picked":"SKIP","floor":24.0},{"not_picked":["JustLucky","Evaluate","Prostrate"],"picked":"SKIP","floor":24.0},{"not_picked":["Consecrate","FlurryOfBlows"],"picked":"MentalFortress","floor":25.0},{"not_picked":["DeceiveReality","Collect"],"picked":"InnerPeace","floor":28.0},{"not_picked":["JustLucky","Ragnarok"],"picked":"MentalFortress","floor":31}],"player_experience":1601303,"relics_obtained":[{"floor":10.0,"key":"The Courier"},{"floor":12.0,"key":"Juzu Bracelet"},{"floor":14.0,"key":"Happy Flower"},{"floor":23.0,"key":"Anchor"},{"floor":26.0,"key":"Gambling Chip"},{"floor":28.0,"key":"Orichalcum"},{"floor":31,"key":"White Beast Statue"}],"event_choices":[{"damage_healed":0.0,"max_hp_gain":0.0,"max_hp_loss":6.0,"gold_gain":0.0,"event_name":"Golden Idol","player_choice":"Lose Max HP","floor":2.0,"gold_loss":0.0,"damage_taken":0.0,"relics_obtained":["Golden Idol"]},{"damage_healed":0.0,"max_hp_gain":0.0,"max_hp_loss":0.0,"gold_gain":0.0,"event_name":"Scrap Ooze","player_choice":"Success","floor":3.0,"gold_loss":0.0,"damage_taken":11.0,"relics_obtained":["Pen Nib"]},{"cards_removed":["Strike_P"],"damage_healed":0.0,"max_hp_gain":0.0,"max_hp_loss":0.0,"gold_gain":0.0,"event_name":"The Cleric","player_choice":"Card Removal","floor":4.0,"gold_loss":75.0,"damage_taken":0.0},{"damage_healed":0.0,"max_hp_gain":0.0,"max_hp_loss":31.0,"gold_gain":0.0,"event_name":"Ghosts","player_choice":"Became a Ghost","floor":19.0,"gold_loss":0.0,"damage_taken":0.0,"cards_obtained":["Ghostly","Ghostly","Ghostly"]},{"damage_healed":0.0,"max_hp_gain":0.0,"max_hp_loss":0.0,"gold_gain":0.0,"event_name":"Upgrade Shrine","player_choice":"Upgraded","floor":20.0,"gold_loss":0.0,"damage_taken":0.0,"cards_upgraded":["Ghostly"]}],"is_beta":false,"boss_relics":[{"not_picked":["Ectoplasm","Runic Pyramid"],"picked":"Cursed Key"}],"items_purged_floors":[21,30],"is_endless":false,"potions_floor_spawned":[1,16,23,25,28],"killed_by":"Champ","ascension_level":20}}