{"host":"wuernuywc9gl215o","time":1613338341,"event":{"mods":["2.2 Compatiblity","AchievementEnabler","BaseMod","Bestiary","Block Reminder","Displayed Cursed Tome","Highlight Path","Key Reminder","Minty Spire (QoL Compilation)","Permanent Neow","Potion Indicator Mod","Quick Restart","Rare Cards Sparkle","Relic Stats","ojb\u0027s Info Mod"],"gold_per_floor":[363,376,392,120,139,139,170,170,170,198,198,213,245,9,9,82,82,101,101,116,144,144,144,144,144],"floor_reached":24,"language":"ENG","playtime":2464,"items_purged":["Strike_G"],"score":396,"play_id":"6e592f23-a125-4bcc-8b1d-c20485e7fb11","local_time":"20210214213221","is_ascension_mode":true,"campfire_choices":[{"data":"Catalyst","floor":6.0,"key":"SMITH"},{"floor":8.0,"key":"REST"},{"data":"Well Laid Plans","floor":11.0,"key":"SMITH"},{"floor":15.0,"key":"REST"},{"floor":23,"key":"REST"}],"circlet_count":0,"master_deck":["AscendersBane","Strike_G","Strike_G","Defend_G","Defend_G","Defend_G","Defend_G","Defend_G","Survivor","Neutralize","Noxious Fumes","Poisoned Stab","Catalyst+1","Well Laid Plans+1","Dagger Throw","Bouncing Flask","Dodge and Roll","Deflect","Tactician","Skewer","Malaise","Acrobatics","Tactician","Backflip","Calculated Gamble"],"relics":["Ring of the Snake","Lee\u0027s Waffle","Tiny Chest","keyreminder:keyreminder","Sundial","Centennial Puzzle","TwistedFunnel","Sozu","Red Mask","Juzu Bracelet"],"acts_visited":["Exordium","TheCity"],"potions_floor_usage":[21],"damage_taken":[{"damage":3.0,"enemies":"Cultist","floor":1.0,"turns":5.0},{"damage":2.0,"enemies":"Jaw Worm","floor":2.0,"turns":7.0},{"damage":4.0,"enemies":"Small Slimes","floor":3.0,"turns":3.0},{"damage":14.0,"enemies":"3 Louse","floor":5.0,"turns":4.0},{"damage":21.0,"enemies":"3 Sentries","floor":7.0,"turns":8.0},{"damage":13.0,"enemies":"Gremlin Nob","floor":10.0,"turns":3.0},{"damage":10.0,"enemies":"Looter","floor":12.0,"turns":3.0},{"damage":12.0,"enemies":"3 Sentries","floor":13.0,"turns":7.0},{"damage":15.0,"enemies":"Slime Boss","floor":16.0,"turns":9.0},{"damage":21.0,"enemies":"Shell Parasite","floor":18.0,"turns":2.0},{"damage":3.0,"enemies":"Spheric Guardian","floor":20.0,"turns":4.0},{"damage":28,"enemies":"Masked Bandits","floor":21,"turns":4},{"damage":26,"enemies":"Gremlin Leader","floor":24,"turns":2}],"seed_played":"7675001804914901120","potions_obtained":[{"floor":7.0,"key":"ColorlessPotion"},{"floor":12.0,"key":"EssenceOfSteel"},{"floor":16.0,"key":"FearPotion"}],"is_trial":false,"path_per_floor":["M","M","M","$","M","R","E","R","T","E","R","M","E","$","R","B",null,"M","?","M","?","T","R","E"],"character_chosen":"THE_SILENT","items_purchased":["Lee\u0027s Waffle","Well Laid Plans","Dagger Throw","TwistedFunnel"],"campfire_rested":3,"item_purchase_floors":[4,4,4,14],"current_hp_per_floor":[56,54,50,67,53,53,32,52,52,39,39,29,17,17,37,22,56,35,35,32,4,4,24,0,0],"gold":144,"neow_bonus":"TWO_FIFTY_GOLD","is_daily":false,"chose_seed":false,"campfire_upgraded":2,"win_rate":0.0,"timestamp":1613338341,"path_taken":["M","M","M","$","M","R","E","R","T","E","R","M","E","?","R","BOSS","M","?","M","?","?","R","E"],"items_purchased_type":["Relic","Card","Card","Relic"],"build_version":"2020-12-22","purchased_purges":1,"victory":false,"max_hp_per_floor":[60,60,60,67,67,67,67,67,67,67,67,67,67,67,67,67,67,67,67,67,67,67,67,67,67],"relic_stats":{"Sozu":3,"Lee\u0027s Waffle":17,"Centennial Puzzle":[15],"counters":[13,61],"Sundial":[4],"Tiny Chest":1,"Juzu Bracelet":0,"obtain_stats":[{"keyreminder:keyreminder":9,"TwistedFunnel":14,"Sozu":17,"Lee\u0027s Waffle":4,"Centennial Puzzle":13,"Sundial":10,"Tiny Chest":7,"Red Mask":21,"Juzu Bracelet":22,"Ring of the Snake":0},{"keyreminder:keyreminder":5,"TwistedFunnel":8,"Sozu":9,"Lee\u0027s Waffle":3,"Centennial Puzzle":8,"Sundial":6,"Tiny Chest":5,"Red Mask":12,"Juzu Bracelet":12,"Ring of the Snake":0},{"keyreminder:keyreminder":27,"TwistedFunnel":40,"Sozu":49,"Lee\u0027s Waffle":15,"Centennial Puzzle":40,"Sundial":30,"Tiny Chest":27,"Red Mask":59,"Juzu Bracelet":59,"Ring of the Snake":0}],"Ring of the Snake":[26]},"card_choices":[{"not_picked":["Prepared","PiercingWail"],"picked":"Noxious Fumes","floor":1.0},{"not_picked":["Endless Agony","Dodge and Roll"],"picked":"Poisoned Stab","floor":2.0},{"not_picked":["Reflex","Bullet Time"],"picked":"Catalyst","floor":3.0},{"not_picked":["Deadly Poison","Acrobatics"],"picked":"Bouncing Flask","floor":5.0},{"not_picked":["Infinite Blades","Prepared"],"picked":"Dodge and Roll","floor":7.0},{"not_picked":["Masterful Stab","Poisoned Stab"],"picked":"Deflect","floor":10.0},{"not_picked":["Grand Finale","Reflex"],"picked":"Tactician","floor":12.0},{"not_picked":["Bouncing Flask","Well Laid Plans"],"picked":"Skewer","floor":13.0},{"not_picked":["Venomology","Envenom"],"picked":"Malaise","floor":16.0},{"not_picked":["Slice","Cloak And Dagger"],"picked":"Acrobatics","floor":18.0},{"not_picked":["Terror","Distraction"],"picked":"Calculated Gamble","floor":20.0}],"player_experience":966489,"relics_obtained":[{"floor":7.0,"key":"Tiny Chest"},{"floor":10.0,"key":"Sundial"},{"floor":13.0,"key":"Centennial Puzzle"},{"floor":21,"key":"Red Mask"},{"floor":22,"key":"Juzu Bracelet"}],"event_choices":[{"damage_healed":0.0,"max_hp_gain":0.0,"max_hp_loss":0.0,"gold_gain":0.0,"cards_transformed":["Strike_G","Strike_G"],"event_name":"Drug Dealer","player_choice":"Became Test Subject","floor":19.0,"gold_loss":0.0,"damage_taken":0.0,"cards_obtained":["Tactician","Backflip"]},{"damage_healed":0,"gold_gain":0,"player_choice":"Fought Bandits","damage_taken":0,"max_hp_gain":0,"max_hp_loss":0,"event_name":"Masked Bandits","floor":21,"gold_loss":0}],"is_beta":false,"boss_relics":[{"not_picked":["Philosopher\u0027s Stone","Runic Dome"],"picked":"Sozu"}],"items_purged_floors":[14],"is_endless":false,"potions_floor_spawned":[7,12,16,18,20,21],"killed_by":"Gremlin Leader","ascension_level":17}}