{"host":"7c48c022du196gjj","time":1613346558,"event":{"mods":["BaseMod","Better Third Choice","Colored Map","Hubris","Minty Spire (QoL Compilation)","Monster B Gone","Quick Restart","Reliquary","Replay The Spire","Say the Spire","Smile Girya","Spicy Shops","StSLib"],"gold_per_floor":[112,130,52,71,91,117,117,117,117],"floor_reached":8,"language":"ENG","playtime":465,"items_purged":[],"score":107,"play_id":"66213084-7044-447e-ad55-214459bd1131","local_time":"20210214174918","is_ascension_mode":true,"campfire_choices":[{"floor":7,"key":"REST"}],"circlet_count":0,"master_deck":["AscendersBane","Strike_G","Strike_G","Strike_G","Strike_G","Strike_G","Defend_G","Defend_G","Defend_G","Defend_G","Defend_G","Survivor","Neutralize","Blade Dance","Dagger Throw","Caltrops+1","Noxious Fumes","Infinite Blades","ReplayTheSpireMod:Shiv Toss"],"relics":["Ring of the Snake","Gremlin Food","reliquary:RoseTintedGlasses"],"acts_visited":["Exordium"],"potions_floor_usage":[6,8],"damage_taken":[{"damage":6,"enemies":"Cultist","floor":1,"turns":4},{"damage":2,"enemies":"2 Louse","floor":2,"turns":3},{"damage":2,"enemies":"Jaw Worm","floor":4,"turns":4},{"damage":8,"enemies":"2 Fungi Beasts","floor":5,"turns":4},{"damage":30,"enemies":"Lagavulin","floor":6,"turns":6},{"damage":32,"enemies":"3 Sentries","floor":8,"turns":6}],"seed_played":"-3671456393837853746","potions_obtained":[{"floor":2,"key":"LiquidMemories"},{"floor":4,"key":"SteroidPotion"}],"is_trial":false,"path_per_floor":["M","M","$","M","M","E","R","E"],"character_chosen":"THE_SILENT","items_purchased":["Caltrops"],"campfire_rested":1,"item_purchase_floors":[3],"current_hp_per_floor":[53,51,51,49,41,11,30,0,0],"gold":117,"neow_bonus":"RANDOM_COMMON_RELIC","is_daily":false,"chose_seed":false,"campfire_upgraded":0,"win_rate":0.0,"timestamp":1613346558,"path_taken":["M","M","?","M","?","E","R","E"],"items_purchased_type":["Card"],"build_version":"2020-12-22","purchased_purges":0,"victory":false,"max_hp_per_floor":[66,66,66,66,66,66,66,66,66],"card_choices":[{"not_picked":["Quick Slash","Hidden Blade"],"picked":"Blade Dance","floor":1},{"not_picked":["Backflip","ReplayTheSpireMod:Exploit Weakness"],"picked":"Dagger Throw","floor":2},{"not_picked":["Acrobatics","Sucker Punch"],"picked":"Noxious Fumes","floor":4},{"not_picked":["Poisoned Stab","PiercingWail"],"picked":"Infinite Blades","floor":5},{"not_picked":["Setup","Distraction"],"picked":"ReplayTheSpireMod:Shiv Toss","floor":6}],"player_experience":887408,"relics_obtained":[{"floor":6,"key":"reliquary:RoseTintedGlasses"}],"event_choices":[],"is_beta":false,"boss_relics":[],"items_purged_floors":[],"is_endless":false,"potions_floor_spawned":[2,4,5],"killed_by":"3 Sentries","ascension_level":17}}