{"host":"8is2j71l4wmybkoi","time":1613313963,"event":{"mods":["AchievementEnabler","BaseMod","Colored Map","DeckTracker","Minty Spire (QoL Compilation)","Rare Cards Sparkle","Relic Stats","StSLib","SuperFastMode"],"gold_per_floor":[12,12,12,12,35,35,50,71,71,104,104,29,63,81,81,175,175,199,199,44,44,57,57,81,119,200,225,225,260,113,113,113,206,206,221,290,190,204,204,245,578,595,595,595,606,606,606,631,631,631,631,631,53,86,86],"floor_reached":56,"language":"KOR","playtime":2347,"items_purged":["Strike_R","Defend_R","Immolate"],"score":2068,"play_id":"adcbb744-b99c-4e57-aca5-d25b8d0f04f4","local_time":"20210214234603","is_ascension_mode":true,"campfire_choices":[{"data":"Flame Barrier","floor":6.0,"key":"SMITH"},{"data":"Immolate","floor":11.0,"key":"SMITH"},{"data":"Pommel Strike","floor":15.0,"key":"SMITH"},{"data":"Barricade","floor":23.0,"key":"SMITH"},{"data":"Bloodletting","floor":28.0,"key":"SMITH"},{"data":"Armaments","floor":32,"key":"SMITH"},{"data":"Dark Embrace","floor":44,"key":"SMITH"},{"data":"Entrench","floor":47,"key":"SMITH"},{"floor":49,"key":"RECALL"},{"data":"Body Slam","floor":52,"key":"SMITH"}],"circlet_count":0,"master_deck":["AscendersBane","Defend_R","Bash","Flame Barrier+1","Seeing Red","Immolate+1","Pommel Strike+1","Barricade+1","Second Wind","Power Through","Bloodletting+1","Shrug It Off","Feel No Pain","Evolve","Entrench+1","Disarm","Shockwave","Armaments+1","Second Wind","Dark Embrace+1","Body Slam+1"],"relics":["Burning Blood","Meat on the Bone","Gremlin Horn","Boot","SlaversCollar","Akabeko","Pantograph","Thread and Needle","Orrery","Coffee Dripper","Girya","Mercury Hourglass","Gambling Chip","Strawberry","White Beast Statue","Mummified Hand"],"acts_visited":["Exordium","TheCity","TheBeyond","TheEnding"],"potions_floor_usage":[29,36,54,55,55],"damage_taken":[{"damage":14.0,"enemies":"Jaw Worm","floor":1.0,"turns":5.0},{"damage":2.0,"enemies":"Small Slimes","floor":5.0,"turns":5.0},{"damage":0.0,"enemies":"2 Louse","floor":7.0,"turns":3.0},{"damage":0.0,"enemies":"Blue Slaver","floor":8.0,"turns":5.0},{"damage":10.0,"enemies":"3 Sentries","floor":10.0,"turns":4.0},{"damage":26.0,"enemies":"Gremlin Nob","floor":13.0,"turns":4.0},{"damage":0.0,"enemies":"Looter","floor":14.0,"turns":1.0},{"damage":15.0,"enemies":"Slime Boss","floor":16.0,"turns":7.0},{"damage":18.0,"enemies":"3 Byrds","floor":18.0,"turns":3.0},{"damage":0.0,"enemies":"Chosen","floor":22.0,"turns":3.0},{"damage":30.0,"enemies":"Centurion and Healer","floor":24.0,"turns":9.0},{"damage":11.0,"enemies":"Book of Stabbing","floor":25.0,"turns":8.0},{"damage":3.0,"enemies":"Sentry and Sphere","floor":27.0,"turns":5.0},{"damage":15,"enemies":"Slavers","floor":29,"turns":10},{"damage":15,"enemies":"Champ","floor":33,"turns":15},{"damage":4,"enemies":"3 Shapes","floor":35,"turns":4},{"damage":49,"enemies":"2 Orb Walkers","floor":36,"turns":6},{"damage":6,"enemies":"3 Darklings","floor":38,"turns":3},{"damage":19,"enemies":"Reptomancer","floor":40,"turns":5},{"damage":4,"enemies":"Maw","floor":42,"turns":9},{"damage":3,"enemies":"Writhing Mass","floor":45,"turns":6},{"damage":0,"enemies":"Mind Bloom Boss Battle","floor":48,"turns":6},{"damage":13,"enemies":"Awakened One","floor":50,"turns":8},{"damage":31,"enemies":"Shield and Spear","floor":54,"turns":7},{"damage":16,"enemies":"The Heart","floor":55,"turns":4}],"seed_played":"7229934169198450399","potions_obtained":[{"floor":1.0,"key":"HeartOfIron"},{"floor":5.0,"key":"AttackPotion"},{"floor":8.0,"key":"Explosive Potion"},{"floor":24.0,"key":"HeartOfIron"},{"floor":27.0,"key":"LiquidBronze"},{"floor":29,"key":"LiquidBronze"},{"floor":33,"key":"Energy Potion"},{"floor":38,"key":"AttackPotion"},{"floor":42,"key":"Energy Potion"},{"floor":48,"key":"PowerPotion"},{"floor":54,"key":"ElixirPotion"}],"is_trial":false,"path_per_floor":["M","?","?","$","M","R","M","M","T","E","R","?","E","M","R","B",null,"M","?","$","?","M","R","M","E","T","M","R","E","$","?","R","B",null,"M","?","$","M","?","E","?","M","T","R","M","?","R","?","R","B",null,"R","$","E","B",null],"character_chosen":"IRONCLAD","items_purchased":["Bloodletting","Orrery","Strawberry","White Beast Statue","Weak Potion"],"campfire_rested":0,"item_purchase_floors":[20,30,53,53,53],"current_hp_per_floor":[60,60,49,49,53,53,59,65,65,61,61,61,41,47,47,50,64,52,52,52,52,58,58,46,41,41,44,44,47,47,47,47,59,66,68,37,37,49,49,48,48,50,50,50,53,53,53,65,65,58,63,63,70,45,60],"gold":86,"neow_bonus":"REMOVE_TWO","is_daily":false,"chose_seed":false,"campfire_upgraded":9,"win_rate":0.0,"timestamp":1613313963,"path_taken":["M","?","?","?","M","R","M","M","T","E","R","?","E","M","R","BOSS","M","?","$","?","M","R","M","E","T","M","R","E","$","?","R","BOSS","M","?","$","M","?","E","?","M","T","R","?","?","R","?","R","BOSS","R","$","E","BOSS"],"items_purchased_type":["Card","Relic","Relic","Relic","Potion"],"build_version":"2020-12-22","purchased_purges":3,"victory":true,"max_hp_per_floor":[75,68,68,68,68,68,68,68,68,68,68,68,68,68,68,68,68,68,68,68,68,68,68,68,68,68,68,68,68,68,68,68,68,68,68,68,68,68,65,65,65,65,65,65,65,65,65,65,65,65,65,65,72,72,72],"relic_stats":{"Gremlin Horn":[20,20],"counters":[25,145],"Mummified Hand":[7],"Pantograph":58,"Gambling Chip":[12],"Boot":[9],"obtain_stats":[{"Girya":36,"Gremlin Horn":10,"Golden Idol":2,"Thread and Needle":29,"Boot":13,"Burning Blood":0,"Akabeko":25,"White Beast Statue":53,"Mercury Hourglass":40,"SlaversCollar":17,"Mummified Hand":54,"Pantograph":26,"Gambling Chip":48,"Strawberry":53,"Orrery":30,"Coffee Dripper":34,"Meat on the Bone":3},{"Girya":17,"Gremlin Horn":5,"Golden Idol":1,"Thread and Needle":14,"Boot":6,"Burning Blood":0,"Akabeko":12,"White Beast Statue":23,"Mercury Hourglass":19,"SlaversCollar":8,"Mummified Hand":24,"Pantograph":12,"Gambling Chip":22,"Strawberry":23,"Orrery":14,"Coffee Dripper":15,"Meat on the Bone":1},{"Girya":97,"Gremlin Horn":22,"Golden Idol":5,"Thread and Needle":72,"Boot":26,"Burning Blood":0,"Akabeko":57,"White Beast Statue":134,"Mercury Hourglass":105,"SlaversCollar":34,"Mummified Hand":141,"Pantograph":57,"Gambling Chip":126,"Strawberry":134,"Orrery":72,"Coffee Dripper":87,"Meat on the Bone":5}],"Burning Blood":144,"Meat on the Bone":72,"Mercury Hourglass":[126]},"card_choices":[{"not_picked":["Twin Strike","Havoc"],"picked":"Flame Barrier","floor":1.0},{"not_picked":["Sword Boomerang","Cleave"],"picked":"Seeing Red","floor":5.0},{"not_picked":["Disarm","Twin Strike"],"picked":"Headbutt","floor":7.0},{"not_picked":["Wild Strike","Warcry"],"picked":"Immolate","floor":8.0},{"not_picked":["Entrench","True Grit"],"picked":"Pommel Strike","floor":10.0},{"not_picked":["Spot Weakness","Havoc","Disarm"],"picked":"SKIP","floor":13.0},{"not_picked":["Blood for Blood","Warcry","Sever Soul"],"picked":"SKIP","floor":14.0},{"not_picked":["Berserk","Limit Break"],"picked":"Barricade","floor":16.0},{"not_picked":["Heavy Blade","Armaments"],"picked":"Second Wind","floor":18.0},{"not_picked":["Pommel Strike","Dual Wield","True Grit+1"],"picked":"SKIP","floor":22.0},{"not_picked":["Pommel Strike","Dual Wield","True Grit+1"],"picked":"SKIP","floor":22.0},{"not_picked":["Metallicize","Searing Blow"],"picked":"Shrug It Off","floor":24.0},{"not_picked":["Whirlwind","Pommel Strike","True Grit"],"picked":"SKIP","floor":25.0},{"not_picked":["Havoc","Corruption"],"picked":"Feel No Pain","floor":27.0},{"not_picked":["Perfected Strike","Cleave+1"],"picked":"Evolve","floor":29},{"not_picked":["Sword Boomerang","Combust"],"picked":"Entrench","floor":30},{"not_picked":["Battle Trance","Spot Weakness"],"picked":"Disarm","floor":30},{"not_picked":["Wild Strike","Headbutt"],"picked":"Shockwave","floor":30},{"not_picked":["Heavy Blade","Havoc"],"picked":"Armaments","floor":30},{"not_picked":["Headbutt","Thunderclap"],"picked":"Dark Embrace","floor":35},{"not_picked":["Uppercut+1","Sever Soul+1"],"picked":"Body Slam","floor":36},{"not_picked":["Wild Strike","Twin Strike","Rage"],"picked":"SKIP","floor":38},{"not_picked":["Wild Strike","Twin Strike","Rage"],"picked":"SKIP","floor":38},{"not_picked":["Wild Strike","Twin Strike","Rage"],"picked":"SKIP","floor":38},{"not_picked":["Wild Strike","Twin Strike","Rage"],"picked":"SKIP","floor":38},{"not_picked":["Iron Wave","Flex","Intimidate"],"picked":"SKIP","floor":40},{"not_picked":["Shrug It Off","Feed","Uppercut+1"],"picked":"SKIP","floor":42},{"not_picked":["Shrug It Off","Feed","Uppercut+1"],"picked":"SKIP","floor":42},{"not_picked":["Clothesline","Headbutt","Anger+1"],"picked":"SKIP","floor":45},{"not_picked":["Twin Strike","Iron Wave","Reaper"],"picked":"SKIP","floor":54}],"player_experience":1212122,"relics_obtained":[{"floor":10.0,"key":"Gremlin Horn"},{"floor":13.0,"key":"Boot"},{"floor":25.0,"key":"Akabeko"},{"floor":26.0,"key":"Pantograph"},{"floor":29,"key":"Thread and Needle"},{"floor":36,"key":"Girya"},{"floor":40,"key":"Mercury Hourglass"},{"floor":48,"key":"Gambling Chip"},{"floor":54,"key":"Mummified Hand"}],"event_choices":[{"damage_healed":0.0,"max_hp_gain":0.0,"max_hp_loss":7.0,"gold_gain":0.0,"event_name":"Golden Idol","player_choice":"Lose Max HP","floor":2.0,"gold_loss":0.0,"damage_taken":0.0,"relics_obtained":["Golden Idol"]},{"damage_healed":0.0,"max_hp_gain":0.0,"max_hp_loss":0.0,"gold_gain":0.0,"event_name":"Scrap Ooze","player_choice":"Success","floor":3.0,"gold_loss":0.0,"damage_taken":11.0,"relics_obtained":["Meat on the Bone"]},{"cards_removed":["Strike_R"],"damage_healed":0.0,"max_hp_gain":0.0,"max_hp_loss":0.0,"gold_gain":0.0,"event_name":"The Cleric","player_choice":"Card Removal","floor":12.0,"gold_loss":75.0,"damage_taken":0.0},{"damage_healed":0.0,"max_hp_gain":0.0,"max_hp_loss":0.0,"gold_gain":0.0,"event_name":"The Library","player_choice":"Read","floor":19.0,"gold_loss":0.0,"damage_taken":0.0,"cards_obtained":["Power Through"]},{"cards_removed":["Strike_R"],"damage_healed":0.0,"max_hp_gain":0.0,"max_hp_loss":0.0,"gold_gain":0.0,"event_name":"Back to Basics","player_choice":"Elegance","floor":21.0,"gold_loss":0.0,"damage_taken":0.0},{"damage_healed":0,"gold_gain":0,"cards_transformed":["Defend_R","Defend_R"],"player_choice":"Became Test Subject","damage_taken":0,"max_hp_gain":0,"max_hp_loss":0,"event_name":"Drug Dealer","floor":31,"gold_loss":0,"cards_obtained":["Immolate","Second Wind"]},{"damage_healed":0,"gold_gain":0,"player_choice":"Fight","damage_taken":0,"max_hp_gain":0,"max_hp_loss":0,"event_name":"Mysterious Sphere","floor":36,"gold_loss":0},{"damage_healed":0,"gold_gain":0,"player_choice":"Max HP","damage_taken":0,"max_hp_gain":0,"max_hp_loss":3,"event_name":"Winding Halls","floor":39,"gold_loss":0},{"damage_healed":0,"gold_gain":333,"player_choice":"Gave Idol","damage_taken":0,"max_hp_gain":0,"max_hp_loss":0,"event_name":"The Moai Head","floor":41,"relics_lost":["Golden Idol"],"gold_loss":0},{"cards_removed":["Headbutt"],"damage_healed":0,"gold_gain":0,"player_choice":"Removed Attack","damage_taken":0,"max_hp_gain":0,"max_hp_loss":0,"event_name":"Falling","floor":46,"gold_loss":0},{"damage_healed":0,"gold_gain":0,"player_choice":"Fight","damage_taken":0,"max_hp_gain":0,"max_hp_loss":0,"event_name":"MindBloom","floor":48,"gold_loss":0}],"is_beta":false,"boss_relics":[{"not_picked":["Runic Pyramid","Tiny House"],"picked":"SlaversCollar"},{"not_picked":["Runic Cube","Mark of Pain"],"picked":"Coffee Dripper"}],"items_purged_floors":[20,37,53],"is_endless":false,"potions_floor_spawned":[1,5,8,24,27,29,33,38,42,48,54],"ascension_level":15}}