{"host":"0sfgj94ncg1q6gq3","time":1613320786,"event":{"mods":["2.2 Compatiblity","BaseMod","Bestiary","Colored Map","Colored Powertips","Curses Come First","Highlight Path","Keyboard Shortcuts","Minty Spire (QoL Compilation)","Relic Stats","Slay the Relics Exporter","StSLib"],"gold_per_floor":[109,24,36,36,36,71,51,51,51,68,82,82,109,125,125,230,230,246,246,171,187,187,187,219,234,234,234,234],"floor_reached":27,"language":"ENG","playtime":1140,"items_purged":[],"score":335,"play_id":"295471c3-01d2-41a1-8d50-635ff8a2fbe4","local_time":"20210214183946","is_ascension_mode":true,"campfire_choices":[{"data":"Outmaneuver","floor":8.0,"key":"SMITH"},{"data":"Well Laid Plans","floor":12.0,"key":"SMITH"},{"data":"Infinite Blades","floor":15.0,"key":"SMITH"},{"data":"Terror","floor":23.0,"key":"SMITH"}],"circlet_count":0,"master_deck":["Strike_G","Strike_G","Strike_G","Strike_G","Defend_G","Defend_G","Defend_G","Defend_G","Defend_G","Survivor","Neutralize","Outmaneuver+1","Well Laid Plans+1","PiercingWail","Quick Slash","Dash","Deflect","Flying Knee","Infinite Blades+1","Phantasmal Killer","Dodge and Roll+1","Terror+1","Dagger Spray+1","Blur"],"relics":["Ring of the Serpent","NeowsBlessing","Tingsha","Bottled Lightning","Mango","MutagenicStrength","Omamori","White Beast Statue"],"acts_visited":["Exordium","TheCity"],"potions_floor_usage":[],"damage_taken":[{"damage":0.0,"enemies":"Cultist","floor":1.0,"turns":1.0},{"damage":0.0,"enemies":"Jaw Worm","floor":3.0,"turns":1.0},{"damage":0.0,"enemies":"3 Sentries","floor":6.0,"turns":1.0},{"damage":4.0,"enemies":"Small Slimes","floor":10.0,"turns":5.0},{"damage":6.0,"enemies":"Red Slaver","floor":11.0,"turns":4.0},{"damage":14.0,"enemies":"Lagavulin","floor":13.0,"turns":8.0},{"damage":2.0,"enemies":"3 Louse","floor":14.0,"turns":3.0},{"damage":40.0,"enemies":"The Guardian","floor":16.0,"turns":17.0},{"damage":11.0,"enemies":"3 Byrds","floor":18.0,"turns":7.0},{"damage":16.0,"enemies":"Shell Parasite","floor":21.0,"turns":5.0},{"damage":0.0,"enemies":"Gremlin Leader","floor":24.0,"turns":7.0},{"damage":0.0,"enemies":"Snecko","floor":25.0,"turns":4.0},{"damage":60,"enemies":"Book of Stabbing","floor":27,"turns":5}],"seed_played":"-7589566224840883325","potions_obtained":[{"floor":3.0,"key":"SteroidPotion"},{"floor":7.0,"key":"Block Potion"},{"floor":10.0,"key":"Strength Potion"},{"floor":13.0,"key":"Explosive Potion"},{"floor":18.0,"key":"GamblersBrew"},{"floor":21.0,"key":"BlessingOfTheForge"},{"floor":25,"key":"Energy Potion"}],"is_trial":false,"path_per_floor":["M","$","M","$","?","E","?","R","T","M","M","R","E","M","R","B",null,"M","?","?","M","?","R","E","M","T","E"],"character_chosen":"THE_SILENT","items_purchased":["Well Laid Plans","PiercingWail"],"campfire_rested":0,"item_purchase_floors":[2,2],"current_hp_per_floor":[70,70,70,70,67,67,67,67,67,63,57,57,57,55,55,15,84,73,73,73,57,57,57,57,57,57,0,0],"gold":234,"neow_bonus":"THREE_ENEMY_KILL","is_daily":false,"chose_seed":false,"campfire_upgraded":4,"win_rate":0.0,"timestamp":1613320786,"path_taken":["M","$","M","?","?","E","?","R","T","M","?","R","E","M","R","BOSS","M","?","?","M","?","R","E","M","T","E"],"items_purchased_type":["Card","Card"],"build_version":"2020-12-22","purchased_purges":0,"victory":false,"max_hp_per_floor":[70,70,70,70,70,70,70,70,70,70,70,70,84,84,84,84,84,84,84,84,84,84,84,84,84,84,84,84],"relic_stats":{"counters":[13,68],"Tingsha":[26],"obtain_stats":[{"NeowsBlessing":0,"MutagenicStrength":22,"Tingsha":5,"Mango":13,"Omamori":24,"Bottled Lightning":6,"Ring of the Serpent":17,"White Beast Statue":26,"Ring of the Snake":0},{"NeowsBlessing":0,"MutagenicStrength":10,"Tingsha":2,"Mango":6,"Omamori":11,"Bottled Lightning":3,"Ring of the Serpent":8,"White Beast Statue":12,"Ring of the Snake":0},{"NeowsBlessing":0,"MutagenicStrength":52,"Tingsha":2,"Mango":20,"Omamori":59,"Bottled Lightning":3,"Ring of the Serpent":40,"White Beast Statue":63,"Ring of the Snake":0}]},"card_choices":[{"not_picked":["Poisoned Stab","Deadly Poison"],"picked":"Outmaneuver","floor":1.0},{"not_picked":["Distraction","Flechettes"],"picked":"Quick Slash","floor":3.0},{"not_picked":["Concentrate","Underhanded Strike"],"picked":"Dash","floor":6.0},{"not_picked":["Heel Hook","Tactician"],"picked":"Deflect","floor":10.0},{"not_picked":["Slice","Outmaneuver","Acrobatics"],"picked":"SKIP","floor":11.0},{"not_picked":["Deflect","Eviscerate"],"picked":"Flying Knee","floor":13.0},{"not_picked":["Blade Dance","Slice"],"picked":"Infinite Blades","floor":14.0},{"not_picked":["Grand Finale","A Thousand Cuts"],"picked":"Phantasmal Killer","floor":16.0},{"not_picked":["Sucker Punch","Choke"],"picked":"Dodge and Roll+1","floor":18.0},{"not_picked":["Quick Slash","Heel Hook"],"picked":"Dagger Spray+1","floor":21.0},{"not_picked":["Acrobatics","Blade Dance"],"picked":"Blur","floor":24.0},{"not_picked":["Sucker Punch","Choke","Caltrops"],"picked":"SKIP","floor":25}],"player_experience":87030,"relics_obtained":[{"floor":6.0,"key":"Bottled Lightning"},{"floor":13.0,"key":"Mango"},{"floor":24.0,"key":"Omamori"},{"floor":26,"key":"White Beast Statue"}],"event_choices":[{"damage_healed":0.0,"max_hp_gain":0.0,"max_hp_loss":0.0,"gold_gain":0.0,"event_name":"Scrap Ooze","player_choice":"Success","floor":5.0,"gold_loss":0.0,"damage_taken":3.0,"relics_obtained":["Tingsha"]},{"damage_healed":0.0,"max_hp_gain":0.0,"max_hp_loss":0.0,"gold_gain":0.0,"event_name":"The Woman in Blue","player_choice":"Bought 1 Potion","floor":7.0,"gold_loss":0.0,"damage_taken":0.0},{"damage_healed":0.0,"max_hp_gain":0.0,"max_hp_loss":0.0,"gold_gain":0.0,"event_name":"The Library","player_choice":"Read","floor":19.0,"gold_loss":0.0,"damage_taken":0.0,"cards_obtained":["Terror"]},{"cards_removed":["Strike_G"],"damage_healed":0.0,"max_hp_gain":0.0,"max_hp_loss":0.0,"gold_gain":0.0,"event_name":"Beggar","player_choice":"Gave Gold","floor":20.0,"gold_loss":75.0,"damage_taken":0.0},{"damage_healed":0.0,"max_hp_gain":0.0,"max_hp_loss":0.0,"gold_gain":0.0,"event_name":"Drug Dealer","player_choice":"Inject Mutagens","floor":22.0,"gold_loss":0.0,"damage_taken":0.0,"relics_obtained":["MutagenicStrength"]}],"is_beta":false,"boss_relics":[{"not_picked":["Runic Pyramid","Coffee Dripper"],"picked":"Ring of the Serpent"}],"items_purged_floors":[],"is_endless":false,"potions_floor_spawned":[3,10,13,18,21,25],"killed_by":"Book of Stabbing","ascension_level":3}}