{"host":"sl16z9iy022tq7s2","time":1613266636,"event":{"mods":["100% Spire Juice","ATMod(阿瑾Mod)","BaseMod","Colored Powertips","Googly Eyes","KinomotoSakuraMod(木之本樱)","Marisa（F雨　魔理沙）","Minty Spire (QoL Compilation)","Prisma Mod","Quick Restart","Remilia（蕾米莉亚）","Replay The Spire","StSLib","TestMod","The Animator","The Servant 0.9.4","WarShipGirlsR/战舰少女R mod","Yuyuko","【遗物卡牌】REMEMod"],"gold_per_floor":[128,53,53,53,73,114,139,139,164,164,164],"floor_reached":10,"language":"ZHS","playtime":532,"items_purged":["animator:Strike"],"score":100,"play_id":"4767c663-a490-41c1-9817-adfe6a1aa701","local_time":"20210214093716","is_ascension_mode":true,"campfire_choices":[],"circlet_count":0,"master_deck":["animator:Strike_Fate+1","animator:Defend_Fate","animator:Strike+1","animator:Strike","animator:Defend","animator:Defend","animator:Defend","animator:Alexander","animator:Rider","AT_FamilyPortrait","PrismaMod:IllyaInstallRider","animator:SakuraMatou","animator:SakuraMatou","FlawlessForm","animator:Archer","animator:Berserker"],"relics":["animator:LivingPicture","animator:TheMissingPiece","REME_ComplimentaryCards","AT_ATBox","testmod-TestBox","animator:PurgingStone","testmod-HeartOfDaVinci","NeowsBlessing","Golden Idol","PaperSwan","Simple Rune"],"acts_visited":["Exordium"],"potions_floor_usage":[7],"damage_taken":[{"damage":0,"enemies":"Small Slimes","floor":1,"turns":1},{"damage":0,"enemies":"Jaw Worm","floor":5,"turns":1},{"damage":0,"enemies":"Lagavulin","floor":6,"turns":1},{"damage":20,"enemies":"2 Louse","floor":7,"turns":4},{"damage":41,"enemies":"3 Sentries","floor":10,"turns":10}],"seed_played":"4807349594202825341","potions_obtained":[{"floor":1,"key":"Regen Potion"},{"floor":5,"key":"ColorlessPotion"},{"floor":6,"key":"Explosive Potion"},{"floor":7,"key":"Fruit Juice"}],"is_trial":false,"path_per_floor":["M","$","?","$","M","E","M","?","T","E"],"character_chosen":"THE_ANIMATOR","items_purchased":[],"campfire_rested":0,"item_purchase_floors":[],"current_hp_per_floor":[66,66,50,50,50,51,36,41,41,0,0],"gold":164,"neow_bonus":"THREE_ENEMY_KILL","is_daily":false,"chose_seed":false,"campfire_upgraded":0,"win_rate":0.0,"timestamp":1613266636,"path_taken":["M","$","?","$","M","E","M","?","T","E"],"items_purchased_type":[],"build_version":"2020-12-22","purchased_purges":1,"victory":false,"max_hp_per_floor":[66,66,66,66,66,67,72,77,77,77,77],"card_choices":[{"not_picked":["animator:Viivi","animator:Priestess"],"picked":"animator:SakuraMatou","floor":1},{"not_picked":["animator:DolaRiku","animator:ZankiKiguchi"],"picked":"animator:SakuraMatou","floor":5},{"not_picked":["animator:Shion","animator:FeridBathory"],"picked":"animator:Archer","floor":6},{"not_picked":["animator:Assassin","animator:Archer"],"picked":"animator:Berserker","floor":7}],"player_experience":517422,"relics_obtained":[{"floor":6,"key":"PaperSwan"},{"floor":9,"key":"Simple Rune"}],"event_choices":[{"damage_healed":0,"gold_gain":0,"player_choice":"Take Damage","damage_taken":16,"relics_obtained":["Golden Idol"],"max_hp_gain":0,"max_hp_loss":0,"event_name":"Golden Idol","floor":3,"gold_loss":0},{"damage_healed":0,"gold_gain":0,"player_choice":"Donut","damage_taken":0,"max_hp_gain":5,"max_hp_loss":0,"event_name":"Big Fish","floor":8,"gold_loss":0}],"is_beta":false,"boss_relics":[],"items_purged_floors":[2],"is_endless":false,"potions_floor_spawned":[1,5,6,7],"killed_by":"3 Sentries","ascension_level":2}}