{"host":"vyiqbz5w606ur92t","time":1613280014,"event":{"mods":["BaseMod","Downfall","Minty Spire (QoL Compilation)","Relic Stats","StSLib"],"gold_per_floor":[0,16,16,33,48,81,81,96,131,131,144,177,192,204,216,290,290,190,204,224,238,238,238,238,73,91,102,127,37,67,52,71,150,150,50,68,81,96,137,37,62,71,84,119,134,170,170,192,215,215,215,242,49,49,49,49],"floor_reached":57,"language":"ENG","playtime":6153,"items_purged":["Slimebound:Strike_Slimebound"],"score":2194,"play_id":"5a98c77f-d316-43ed-bbf3-ae10168b0db3","local_time":"20210214052014","is_ascension_mode":true,"campfire_choices":[{"data":"Slimebound:Split","floor":1.0,"key":"SMITH"},{"data":"Slimebound:Recycling","floor":18,"key":"SMITH"},{"floor":23,"key":"RECALL"},{"data":"Slimebound:DuplicatedForm","floor":35,"key":"SMITH"},{"data":"Slimebound:GrowthPunch","floor":40,"key":"SMITH"},{"data":"Slimebound:LeechEnergy","floor":47,"key":"SMITH"},{"data":"Slimebound:Overexert","floor":54,"key":"SMITH"}],"circlet_count":0,"master_deck":["AscendersBane","Slimebound:Strike_Slimebound","Slimebound:Strike_Slimebound","Slimebound:Tackle","Slimebound:Defend_Slimebound","Slimebound:Defend_Slimebound","Slimebound:Defend_Slimebound","Slimebound:Defend_Slimebound","Slimebound:Split+1","Slimebound:CorrosiveSpit","Slimebound:AcidTongue","Slimebound:GoopSpray","Slimebound:GoopSpray","Slimebound:ServeAndProtect","Slimebound:Darklings","Slimebound:Darklings","Slimebound:GrowthPunch+1","Slimebound:Recollect","Slimebound:Prepare","Slimebound:Overexert+1","Slimebound:GrowthPunch+1","Slimebound:Schlurp","Slimebound:Recycling+1","Slimebound:LeechEnergy+1","Slimebound:MegaLick+1","Slimebound:Gluttony","Slimebound:LeadByExample+1","Slimebound:DuplicatedForm+1","Slimebound:HauntingLick","Slimebound:Grow+1","Slimebound:Replication+1","Slimebound:Overexert","Slimebound:MegaLick+1","Slimebound:SplitAcid+1","Slimebound:Schlurp","downfall:Bewildered","Slimebound:Equalize+1","Slimebound:Teamwork","Slimebound:Repurpose+1","Slimebound:SamplingLick"],"relics":["Slimebound:AbsorbEndCombat","Bird Faced Urn","downfall:ShatteredFragment","Meat on the Bone","hexamod:BolsterEngine","Prayer Wheel","Thread and Needle","Philosopher\u0027s Stone","downfall:HeartBlessingGreen","Bronze Scales","MealTicket","Slimebound:StickyStick","Coffee Dripper","downfall:HeartBlessingBlue","OrangePellets","Vajra","downfall:HeartBlessingRed","CeramicFish","Orichalcum","Regal Pillow","Gremlin Horn","Oddly Smooth Stone"],"acts_visited":["Exordium","TheCity","TheBeyond","TheEnding"],"potions_floor_usage":[16,31,31,43,43,52,56],"damage_taken":[{"damage":0.0,"enemies":"Small Slimes","floor":2.0,"turns":3.0},{"damage":7.0,"enemies":"Jaw Worm","floor":4.0,"turns":4.0},{"damage":1.0,"enemies":"Cultist","floor":5.0,"turns":3.0},{"damage":11.0,"enemies":"Gremlin Nob","floor":6.0,"turns":4.0},{"damage":3.0,"enemies":"downfall:LooterAlt","floor":8.0,"turns":3.0},{"damage":0,"enemies":"Lagavulin","floor":9,"turns":5},{"damage":9,"enemies":"Exordium Thugs","floor":11,"turns":4},{"damage":26,"enemies":"Gremlin Nob","floor":12,"turns":5},{"damage":0,"enemies":"Exordium Wildlife","floor":13,"turns":5},{"damage":4,"enemies":"Gremlin Gang","floor":14,"turns":5},{"damage":4,"enemies":"Red Slaver","floor":15,"turns":4},{"damage":23,"enemies":"DF_ARCHETYPE_STREAMLINE","floor":16,"turns":9},{"damage":4,"enemies":"Chosen","floor":19,"turns":4},{"damage":0,"enemies":"3 Byrds","floor":20,"turns":5},{"damage":0,"enemies":"Snecko","floor":21,"turns":5},{"damage":0,"enemies":"downfall:FleeingMerchant","floor":25,"turns":4},{"damage":4,"enemies":"Sentry and Sphere","floor":26,"turns":4},{"damage":15,"enemies":"Chosen and Byrds","floor":27,"turns":4},{"damage":20,"enemies":"Slavers","floor":28,"turns":4},{"damage":0,"enemies":"downfall:FleeingMerchant","floor":29,"turns":4},{"damage":16,"enemies":"Book of Stabbing","floor":30,"turns":5},{"damage":18,"enemies":"downfall:FleeingMerchant","floor":31,"turns":4},{"damage":24,"enemies":"Centurion and Healer","floor":32,"turns":5},{"damage":49,"enemies":"WA_ARCHETYPE_CALM","floor":33,"turns":9},{"damage":15,"enemies":"3 Shapes","floor":36,"turns":4},{"damage":33,"enemies":"3 Darklings","floor":37,"turns":5},{"damage":3,"enemies":"4 Shapes","floor":38,"turns":3},{"damage":0,"enemies":"downfall:FleeingMerchant","floor":39,"turns":1},{"damage":0,"enemies":"Transient","floor":43,"turns":5},{"damage":43,"enemies":"Giant Head","floor":44,"turns":7},{"damage":19,"enemies":"Spire Growth","floor":45,"turns":5},{"damage":44,"enemies":"Nemesis","floor":46,"turns":7},{"damage":15,"enemies":"Writhing Mass","floor":48,"turns":5},{"damage":15,"enemies":"Transient","floor":49,"turns":5},{"damage":3,"enemies":"SI_POISON_ARCHETYPE","floor":50,"turns":5},{"damage":96,"enemies":"downfall:CharBossMerchant","floor":52,"turns":8},{"damage":45,"enemies":"downfall:NeowBoss","floor":55,"turns":13},{"damage":15,"enemies":"downfall:NeowBossFinal","floor":56,"turns":9}],"seed_played":"8640684817436290438","potions_obtained":[{"floor":4.0,"key":"FearPotion"},{"floor":5.0,"key":"Block Potion"},{"floor":8.0,"key":"champ:CounterPotion"},{"floor":12,"key":"PowerPotion"},{"floor":16,"key":"Slimebound:SlimedPotion"},{"floor":22,"key":"LiquidBronze"},{"floor":32,"key":"LiquidMemories"},{"floor":33,"key":"Strength Potion"},{"floor":44,"key":"SpeedPotion"},{"floor":48,"key":"Weak Potion"}],"is_trial":false,"path_per_floor":["R","M","?","M","M","E","T","M","E","?","M","E","M","M","M","B",null,"R","M","M","M","?","R","T","$","M","M","E","$","E","$","M","B",null,"R","M","M","M","$","R","T","?","M","E","M","E","R","M","M","B",null,"E","$","R","B","B",null],"character_chosen":"SLIMEBOUND","items_purchased":["Bronze Scales","OrangePellets","Vajra","Oddly Smooth Stone","Slimebound:SamplingLick"],"campfire_rested":0,"item_purchase_floors":[25,39,39,53,53],"current_hp_per_floor":[53,59,41,42,47,44,44,49,57,57,56,39,49,53,55,55,58,58,59,59,59,59,59,59,59,59,59,49,59,59,59,59,49,57,67,69,67,69,69,69,69,69,69,62,69,50,50,69,69,69,69,26,41,41,64,69],"gold":49,"neow_bonus":"ONE_RARE_RELIC","is_daily":false,"chose_seed":false,"campfire_upgraded":6,"win_rate":0.0,"timestamp":1613280014,"path_taken":["R","M","?","M","M","E","T","M","E","?","M","E","M","?","M","BOSS","R","M","M","M","?","R","T","$","M","M","E","?","E","$","M","BOSS","R","M","M","M","$","R","T","?","M","E","?","E","R","M","M","BOSS","E","$","R","BOSS","BOSS"],"items_purchased_type":["Relic","Relic","Relic","Relic","Card"],"build_version":"2020-12-22","purchased_purges":1,"victory":true,"max_hp_per_floor":[59,59,59,59,59,59,59,59,59,59,59,59,59,59,59,59,59,59,59,59,59,59,59,59,59,59,59,59,59,59,59,59,59,59,69,69,69,69,69,69,69,69,69,69,69,69,69,69,69,69,69,69,69,69,69,69],"relic_stats":{"OrangePellets":[58],"Regal Pillow":0,"Gremlin Horn":[2,2],"counters":[38,191],"Bird Faced Urn":[125],"Bronze Scales":[286],"CeramicFish":45,"Prayer Wheel":17,"MealTicket":25,"Orichalcum":[24],"obtain_stats":[{"Regal Pillow":46,"downfall:ShatteredFragment":3,"downfall:HeartBlessingRed":40,"Gremlin Horn":52,"CeramicFish":41,"Vajra":39,"Oddly Smooth Stone":53,"Thread and Needle":12,"downfall:HeartBlessingGreen":18,"Orichalcum":44,"OrangePellets":39,"Slimebound:StickyStick":30,"downfall:HeartBlessingBlue":35,"Bird Faced Urn":0,"Bronze Scales":25,"Prayer Wheel":9,"Philosopher\u0027s Stone":17,"MealTicket":28,"Slimebound:AbsorbEndCombat":0,"Coffee Dripper":34,"hexamod:BolsterEngine":7,"Meat on the Bone":6},{"Regal Pillow":32,"downfall:ShatteredFragment":1,"downfall:HeartBlessingRed":28,"Gremlin Horn":36,"CeramicFish":28,"Vajra":28,"Oddly Smooth Stone":36,"Thread and Needle":8,"downfall:HeartBlessingGreen":12,"Orichalcum":30,"OrangePellets":28,"Slimebound:StickyStick":21,"downfall:HeartBlessingBlue":24,"Bird Faced Urn":0,"Bronze Scales":16,"Prayer Wheel":6,"Philosopher\u0027s Stone":12,"MealTicket":19,"Slimebound:AbsorbEndCombat":0,"Coffee Dripper":24,"hexamod:BolsterEngine":4,"Meat on the Bone":4},{"Regal Pillow":147,"downfall:ShatteredFragment":3,"downfall:HeartBlessingRed":123,"Gremlin Horn":169,"CeramicFish":123,"Vajra":123,"Oddly Smooth Stone":169,"Thread and Needle":31,"downfall:HeartBlessingGreen":54,"Orichalcum":135,"OrangePellets":123,"Slimebound:StickyStick":93,"downfall:HeartBlessingBlue":110,"Bird Faced Urn":0,"Bronze Scales":72,"Prayer Wheel":22,"Philosopher\u0027s Stone":54,"MealTicket":84,"Slimebound:AbsorbEndCombat":0,"Coffee Dripper":110,"hexamod:BolsterEngine":14,"Meat on the Bone":14}],"Meat on the Bone":24},"card_choices":[{"not_picked":["Slimebound:SplitBruiser","Slimebound:HungryTackle"],"picked":"Slimebound:AcidTongue","floor":2.0},{"not_picked":["Slimebound:SlimeBarrage","Slimebound:SplitAcid"],"picked":"Slimebound:GoopSpray","floor":4.0},{"not_picked":["Slimebound:ComboTackle","Slimebound:Prepare"],"picked":"Slimebound:GoopSpray","floor":5.0},{"not_picked":["Slimebound:FlameTackle","Slimebound:GoopTackle"],"picked":"Slimebound:ServeAndProtect","floor":6.0},{"not_picked":["Slimebound:GoopTackle","Slimebound:Prepare"],"picked":"Slimebound:Darklings","floor":8.0},{"not_picked":["Slimebound:SamplingLick","Slimebound:ForwardTackle","Slimebound:SlimeTap"],"picked":"SKIP","floor":9},{"not_picked":["Slimebound:LivingWall","Slimebound:SplitAcid"],"picked":"Slimebound:GrowthPunch","floor":11},{"not_picked":["Slimebound:PressTheAttack","Slimebound:SamplingLick","Slimebound:RollThrough"],"picked":"SKIP","floor":11},{"not_picked":["Slimebound:LeechingTouch","Slimebound:PressTheAttack"],"picked":"Slimebound:Recollect","floor":12},{"not_picked":["Slimebound:SplitAcid","Slimebound:Nibble"],"picked":"Slimebound:Prepare","floor":13},{"not_picked":["Slimebound:Chomp","Slimebound:RollThrough","Slimebound:SplitBruiser"],"picked":"SKIP","floor":13},{"not_picked":["Slimebound:FormOfPuddle","Slimebound:MegaLick"],"picked":"Slimebound:Overexert","floor":14},{"not_picked":["Slimebound:SplitBruiser","Slimebound:SplitAcid"],"picked":"Slimebound:GrowthPunch","floor":14},{"not_picked":["Slimebound:ItLooksTasty","Slimebound:DivideAndConquer"],"picked":"Slimebound:Schlurp","floor":15},{"not_picked":["Slimebound:ItLooksTasty","Slimebound:FlameTackle","Slimebound:PressTheAttack"],"picked":"SKIP","floor":15},{"not_picked":["Slimebound:CheckThePlaybook","Slimebound:MinionMaster"],"picked":"Slimebound:Recycling","floor":16},{"not_picked":["Slimebound:SamplingLick","Slimebound:Chomp"],"picked":"Slimebound:LeechEnergy","floor":19},{"not_picked":["Slimebound:SamplingLick","Slimebound:TongueLash","Slimebound:RainOfGoop"],"picked":"SKIP","floor":19},{"not_picked":["Slimebound:SplitMire","Slimebound:SplitLeeching+1"],"picked":"Slimebound:MegaLick+1","floor":20},{"not_picked":["Slimebound:GoopSpray","Slimebound:RainOfGoop"],"picked":"Slimebound:Gluttony","floor":20},{"not_picked":["Slimebound:Nibble","Slimebound:GrowthPunch+1"],"picked":"Slimebound:LeadByExample+1","floor":21},{"not_picked":["Slimebound:Prepare","Slimebound:RainOfGoop","Slimebound:LeechingTouch"],"picked":"SKIP","floor":21},{"not_picked":["Slimebound:PrepareCrush","Slimebound:SplitLeeching","Slimebound:SplitAcid"],"picked":"SKIP","floor":25},{"not_picked":["Slimebound:LeechingTouch","Slimebound:Gluttony"],"picked":"Slimebound:DuplicatedForm","floor":26},{"not_picked":["Slimebound:SamplingLick","Slimebound:LeechingTouch","Slimebound:ComboTackle"],"picked":"SKIP","floor":26},{"not_picked":["Slimebound:GoopSpray","Slimebound:ComboTackle"],"picked":"Slimebound:HauntingLick","floor":27},{"not_picked":["Slimebound:Repurpose","Slimebound:SlimeSpikes","Slimebound:HauntingLick"],"picked":"SKIP","floor":27},{"not_picked":["Slimebound:MegaLick","Slimebound:DivideAndConquer","Slimebound:SplitSpecialist"],"picked":"SKIP","floor":28},{"not_picked":["Slimebound:FlameTackle+1","Slimebound:Prepare","Slimebound:Dissolve"],"picked":"SKIP","floor":29},{"not_picked":["Slimebound:Recollect","Slimebound:SplitLeeching","Slimebound:HauntingLick"],"picked":"SKIP","floor":30},{"not_picked":["Slimebound:Teamwork","Slimebound:PressTheAttack","Slimebound:ComboTackle"],"picked":"SKIP","floor":31},{"not_picked":["Slimebound:Replication","Slimebound:ItLooksTasty"],"picked":"Slimebound:Grow","floor":32},{"not_picked":["Slimebound:SlimeSpikes+1","Slimebound:Chomp"],"picked":"Slimebound:Replication+1","floor":32},{"not_picked":["Slimebound:SelfFormingGoo","Slimebound:MassFeed"],"picked":"Slimebound:Overexert","floor":33},{"not_picked":["Slimebound:GoopSpray","Slimebound:ServeAndProtect+1"],"picked":"Slimebound:MegaLick+1","floor":36},{"not_picked":["Slimebound:ComboTackle+1","Slimebound:SlimeSpikes"],"picked":"Slimebound:SplitAcid+1","floor":36},{"not_picked":["Slimebound:PressTheAttack+1","Slimebound:FinishingTackle"],"picked":"Slimebound:Schlurp","floor":37},{"not_picked":["Slimebound:ComboTackle+1","Slimebound:RollThrough","Slimebound:HauntingLick"],"picked":"SKIP","floor":37},{"not_picked":["Slimebound:Schlurp","Slimebound:BestDefense","Slimebound:ComboTackle"],"picked":"SKIP","floor":38},{"not_picked":["Slimebound:MegaLick","Slimebound:Prepare","Slimebound:FirmFortitude"],"picked":"SKIP","floor":38},{"not_picked":["Slimebound:LeechingTouch","Slimebound:SlimeTap","Slimebound:Gluttony"],"picked":"SKIP","floor":39},{"not_picked":["Slimebound:RainOfGoop","Slimebound:MegaLick","Slimebound:GoopSpray"],"picked":"SKIP","floor":43},{"not_picked":["Slimebound:HauntingLick","Slimebound:SplitBruiser","Slimebound:DivideAndConquer"],"picked":"SKIP","floor":43},{"not_picked":["Slimebound:SplitAcid+1","Slimebound:Prepare","Slimebound:GoopTackle"],"picked":"SKIP","floor":44},{"not_picked":["Slimebound:ItLooksTasty","Slimebound:SplitBruiser","Slimebound:SplitAcid"],"picked":"SKIP","floor":45},{"not_picked":["Slimebound:ForwardTackle+1","Slimebound:LivingWall","Slimebound:HauntingLick"],"picked":"SKIP","floor":45},{"not_picked":["Slimebound:LeadByExample","Slimebound:Dissolve"],"picked":"Slimebound:Equalize+1","floor":46},{"not_picked":["Slimebound:SplitAcid","Slimebound:SplitMire"],"picked":"Slimebound:Teamwork","floor":48},{"not_picked":["Slimebound:ViciousTackle","Slimebound:ComboTackle","Slimebound:Prepare"],"picked":"SKIP","floor":48},{"not_picked":["Slimebound:ItLooksTasty","Slimebound:Prepare+1"],"picked":"Slimebound:Repurpose+1","floor":49},{"not_picked":["Slimebound:GoopSpray+1","Slimebound:LivingWall","Slimebound:DisruptingSlam"],"picked":"SKIP","floor":49},{"not_picked":["Slimebound:GoopTackle","Slimebound:ForwardTackle+1","Slimebound:RollThrough"],"picked":"SKIP","floor":52}],"player_experience":1771288,"relics_obtained":[{"floor":6.0,"key":"Meat on the Bone"},{"floor":7.0,"key":"hexamod:BolsterEngine"},{"floor":9,"key":"Prayer Wheel"},{"floor":12,"key":"Thread and Needle"},{"floor":28,"key":"MealTicket"},{"floor":30,"key":"Slimebound:StickyStick"},{"floor":41,"key":"CeramicFish"},{"floor":44,"key":"Orichalcum"},{"floor":46,"key":"Regal Pillow"},{"floor":52,"key":"Gremlin Horn"}],"event_choices":[{"damage_healed":0,"gold_gain":0,"player_choice":"Got Potions","damage_taken":0,"max_hp_gain":0,"max_hp_loss":0,"event_name":"Lab","floor":22,"gold_loss":0}],"is_beta":false,"boss_relics":[{"not_picked":["Calling Bell","Runic Dome"],"picked":"Philosopher\u0027s Stone"},{"not_picked":["Velvet Choker","SlaversCollar"],"picked":"Coffee Dripper"}],"items_purged_floors":[29],"is_endless":false,"potions_floor_spawned":[4,5,8,12,16,19,20,28,32,33,36,37,44,48],"ascension_level":15}}