{"host":"v9duy90nce28uent","time":1613280800,"event":{"mods":["BaseMod","Colored Map","Colored Powertips","Conspire","Downfall","Hermit","Highlight Path","Infinite Spire","Minty Spire (QoL Compilation)","Quick Restart","Rare Cards Sparkle","Replay The Spire","StSLib","The Cursed","The Disciple","The Hierophant","The Runesmith"],"gold_per_floor":[116,142,153,153,173,183,38,52,52,52,52,79,79,93,93,188,188,202,217,217,228,63,63,78,95,95,95,107,118,208,219,219,318,318,354,354,396,176,199,199,228,263,263,300,300,300,340,375,375,375,375,375],"floor_reached":50,"language":"ENG","playtime":5377,"items_purged":["bronze:Strike","bronze:Strike","bronze:Strike","bronze:Defend"],"score":454,"play_id":"76dd6b14-3d72-4da6-8ef9-d9771e2c61e1","local_time":"20210214003320","is_ascension_mode":false,"campfire_choices":[{"data":"bronze:Verify","floor":10.0,"key":"SMITH"},{"floor":13.0,"key":"REST"},{"data":"bronze:Overload","floor":15.0,"key":"SMITH"},{"data":"bronze:Assembly","floor":23.0,"key":"SMITH"},{"floor":32,"key":"REST"},{"data":"bronze:Philosophize","floor":40,"key":"SMITH"},{"floor":49,"key":"REST"}],"circlet_count":0,"master_deck":["bronze:Defend","bronze:Defend","bronze:Replicate","bronze:Goto","bronze:FineTuning","bronze:WhirlingStrike","bronze:Optimize","bronze:Flail","bronze:Verify+1","infinitespire:Starlight","bronze:OilSpill","bronze:Overload+1","bronze:Assembly+1","bronze:Optimize","bronze:Branch","bronze:DelayedSlice+1","bronze:Optimize","bronze:Branch","bronze:Invalidate+1","J.A.X.","bronze:RecursiveStrike","infinitespire:Starlight","bronze:Turbo+1","bronze:Philosophize+1","bronze:BronzeOrb","bronze:Flail","bronze:Frontload+1","bronze:Assembly","Good Instincts","bronze:Philosophize+1"],"relics":["bronze:BronzeCore","NeowsBlessing","ReplayFunnel","downfall:ExtraCursedKey","Omamori","Empty Cage","Sozu","infinitespire:EvilPickle","SlaversCollar","Molten Egg 2"],"acts_visited":["Exordium","TheCity","TheBeyond"],"potions_floor_usage":[],"damage_taken":[{"damage":0.0,"enemies":"Cultist","floor":1.0,"turns":1.0},{"damage":0.0,"enemies":"Small Slimes","floor":3.0,"turns":1.0},{"damage":0.0,"enemies":"2 Louse","floor":5.0,"turns":1.0},{"damage":3.0,"enemies":"Red Slaver","floor":6.0,"turns":3.0},{"damage":14.0,"enemies":"3 Louse","floor":8.0,"turns":3.0},{"damage":16.0,"enemies":"Lagavulin","floor":12.0,"turns":5.0},{"damage":10.0,"enemies":"Gremlin Gang","floor":14.0,"turns":3.0},{"damage":33.0,"enemies":"The Guardian","floor":16.0,"turns":7.0},{"damage":0.0,"enemies":"Chosen","floor":18.0,"turns":3.0},{"damage":32.0,"enemies":"Shell Parasite","floor":19.0,"turns":5.0},{"damage":6.0,"enemies":"conspire:HollyBat","floor":21.0,"turns":5.0},{"damage":14.0,"enemies":"Shelled Parasite and Fungi","floor":24.0,"turns":3.0},{"damage":0.0,"enemies":"Snecko","floor":25.0,"turns":4.0},{"damage":24,"enemies":"Snake Plant","floor":28,"turns":3},{"damage":7,"enemies":"conspire:HollyBat","floor":29,"turns":5},{"damage":3,"enemies":"Cultist and Chosen","floor":31,"turns":4},{"damage":41,"enemies":"Pondfish","floor":33,"turns":5},{"damage":24,"enemies":"3 Shapes","floor":35,"turns":4},{"damage":17,"enemies":"3 Darklings","floor":37,"turns":4},{"damage":10,"enemies":"Jaw Worm Horde","floor":39,"turns":3},{"damage":30,"enemies":"Writhing Mass","floor":41,"turns":4},{"damage":57,"enemies":"Transient","floor":42,"turns":5},{"damage":19,"enemies":"Maw","floor":44,"turns":6},{"damage":15,"enemies":"3 Darklings","floor":47,"turns":4},{"damage":17,"enemies":"4 Shapes","floor":48,"turns":4},{"damage":34,"enemies":"conspire:OrnateMirror","floor":50,"turns":2}],"seed_played":"-112020493450087818","potions_obtained":[{"floor":3.0,"key":"Energy Potion"},{"floor":5.0,"key":"Adrenaline Potion"},{"floor":8.0,"key":"AttackPotion"},{"floor":19.0,"key":"SteroidPotion"}],"is_trial":false,"path_per_floor":["M","T","M","?","M","M","$","M","T","R","?","E","R","M","R","B",null,"M","M","AVR","M","$","R","M","M","T","?","M","M","?","M","R","B",null,"M","AVR","M","$","M","R","M","M","T","M","?","?","M","M","R","B"],"character_chosen":"THE_AUTOMATON","items_purchased":["bronze:Verify","bronze:Optimize","bronze:Branch","bronze:Philosophize","bronze:BronzeOrb"],"campfire_rested":3,"item_purchase_floors":[7,22,22,38,38],"current_hp_per_floor":[70,70,70,70,70,67,67,53,53,53,35,29,50,50,50,27,70,70,48,48,52,52,52,48,58,58,58,44,47,35,42,63,22,70,46,46,49,49,59,59,46,9,9,10,10,10,5,8,29,0,0,0],"gold":375,"neow_bonus":"THREE_ENEMY_KILL","is_daily":false,"chose_seed":false,"campfire_upgraded":4,"win_rate":0.0,"timestamp":1613280800,"path_taken":["M","?","M","?","M","M","$","M","T","R","?","E","R","M","R","BOSS","M","M","AVR","M","$","R","M","M","T","?","M","M","?","M","R","BOSS","M","AVR","M","$","M","R","M","M","T","M","?","?","?","M","R","BOSS"],"items_purchased_type":["Card","Card","Card","Card","Card"],"build_version":"2020-12-22","purchased_purges":4,"victory":false,"max_hp_per_floor":[70,70,70,70,70,70,70,70,70,70,70,70,70,70,70,70,70,70,70,70,70,70,70,70,70,70,70,70,70,70,70,70,70,70,70,70,70,70,70,70,70,70,70,70,70,70,70,70,70,70,70,70],"card_choices":[{"not_picked":["bronze:Invalidate","bronze:ForLoop"],"picked":"bronze:FineTuning","floor":1.0},{"not_picked":["bronze:FollowUp","bronze:Turbo"],"picked":"bronze:WhirlingStrike","floor":3.0},{"not_picked":["bronze:WildBeam","bronze:WhirlingStrike"],"picked":"bronze:Optimize","floor":5.0},{"not_picked":["bronze:Branch","bronze:Iterate"],"picked":"bronze:Flail","floor":6.0},{"not_picked":["bronze:BugBarrage","bronze:Iterate","bronze:Shield"],"picked":"SKIP","floor":8.0},{"not_picked":["infinitespire:NeuralNetwork","ReplayTheSpireMod:Haul"],"picked":"infinitespire:Starlight","floor":11.0},{"not_picked":["bronze:Virus","bronze:BugBarrage"],"picked":"bronze:OilSpill","floor":12.0},{"not_picked":["bronze:WhirlingStrike","bronze:BuggyMess"],"picked":"bronze:Overload","floor":14.0},{"not_picked":["bronze:Break","bronze:Mutator"],"picked":"bronze:Assembly","floor":16.0},{"not_picked":["bronze:BuggyMess","bronze:CloningBeam+1"],"picked":"bronze:Optimize","floor":18.0},{"not_picked":["bronze:OilSpill","bronze:HyperBeam"],"picked":"bronze:Branch","floor":19.0},{"not_picked":["bronze:Shield","bronze:BitShift+1"],"picked":"bronze:DelayedSlice+1","floor":21.0},{"not_picked":["bronze:CutThrough+1","bronze:Turbo"],"picked":"bronze:Invalidate+1","floor":24.0},{"not_picked":["bronze:DelayedSlice","bronze:Iterate+1","bronze:Allocate"],"picked":"SKIP","floor":25.0},{"not_picked":["bronze:Allocate+1","bronze:Iterate","bronze:Overheat"],"picked":"SKIP","floor":28},{"not_picked":["bronze:Repulsor+1","bronze:Optimize","bronze:NullPointer"],"picked":"SKIP","floor":29},{"not_picked":["bronze:BuggyMess","bronze:FollowUp","bronze:Iterate"],"picked":"SKIP","floor":31},{"not_picked":["bronze:Assembly","bronze:ShipIt"],"picked":"bronze:RecursiveStrike","floor":33},{"not_picked":["bronze:BugBarrage","bronze:Fortify","bronze:DelayedSlice"],"picked":"SKIP","floor":35},{"not_picked":["bronze:CloningBeam","bronze:Philosophize+1"],"picked":"bronze:Turbo+1","floor":37},{"not_picked":["bronze:Overheat+1","bronze:DelayedGuard+1"],"picked":"bronze:Flail","floor":39},{"not_picked":["bronze:BuggyMess","bronze:DigitalCarnage"],"picked":"bronze:Frontload+1","floor":41},{"not_picked":["bronze:NullPointer+1","bronze:ClassDefault","bronze:FollowUp"],"picked":"SKIP","floor":42},{"not_picked":["bronze:BitShift","bronze:Invalidate+1"],"picked":"bronze:Assembly","floor":44},{"not_picked":["Discovery","ReplayTheSpireMod:Uncanny Aura"],"picked":"Good Instincts","floor":45},{"not_picked":["bronze:BronzeArmor","bronze:Fortify+1","bronze:Optimize+1"],"picked":"SKIP","floor":47},{"not_picked":["bronze:Backtrace+1","bronze:Branch+1"],"picked":"bronze:Philosophize+1","floor":48}],"player_experience":92531,"relics_obtained":[{"floor":2.0,"key":"ReplayFunnel"},{"floor":12.0,"key":"Omamori"},{"floor":43,"key":"Molten Egg 2"}],"event_choices":[{"damage_healed":0,"gold_gain":0,"player_choice":"Obtain J.A.X.","damage_taken":0,"max_hp_gain":0,"max_hp_loss":0,"event_name":"Drug Dealer","floor":27,"gold_loss":0,"cards_obtained":["J.A.X."]},{"damage_healed":0,"gold_gain":90,"player_choice":"GOLD ","damage_taken":12,"max_hp_gain":0,"max_hp_loss":0,"event_name":"Knowing Skull","floor":30,"potions_obtained":[],"gold_loss":0,"cards_obtained":[]},{"damage_healed":0,"gold_gain":0,"player_choice":"Memory 1","damage_taken":0,"max_hp_gain":0,"max_hp_loss":0,"event_name":"SensoryStone","floor":45,"gold_loss":0},{"damage_healed":0,"gold_gain":0,"player_choice":"Ignored","damage_taken":0,"max_hp_gain":0,"max_hp_loss":0,"event_name":"SecretPortal","floor":46,"gold_loss":0}],"is_beta":false,"boss_relics":[{"not_picked":["conspire:SeveredTorchhead","Replay:Bronze Core"],"picked":"Empty Cage"},{"not_picked":["Snecko Eye","Replay:Drink Me"],"picked":"SlaversCollar"}],"items_purged_floors":[20,22,36,38],"is_endless":false,"potions_floor_spawned":[3,5,8,14,19,21,28,31,33,35,39,48],"killed_by":"conspire:OrnateMirror","ascension_level":0}}