{"host":"h2977v3ax51ohsow","time":1613288849,"event":{"mods":["Act Like it!","BaseMod","CapriCore","Colored Powertips","Hallownest","Lobotomy","LobotomyExtend","Marisa£®ÏF”Í°°ƒß¿Ì…≥£©","Minty Spire (QoL Compilation)","Quick Restart","Replay The Spire","StSLib","The Bug Knight","The Servant 0.9.4","noobMod","°æ“≈ŒÔø®≈∆°øREMEMod"],"gold_per_floor":[209,209,0,12,0,0,30,30,30,43,72,192,192,207,207,302,302,302,322,322,372,87,87,87,110,110,140,156,265,154,165,165,261,261,275,334,344,244,244,244,352,352,376,409,569,163,63,83,83,83,83,83,10,41,41],"floor_reached":56,"language":"ZHS","playtime":2469,"items_purged":["Delirium","Shame","Hallownest:curseDreamersLament","Overencumbered"],"score":1620,"play_id":"d714d786-f91f-48aa-b65a-3b5de824d7e2","local_time":"20210214154729","is_ascension_mode":true,"campfire_choices":[{"data":"Zap","floor":6,"key":"SMITH"},{"data":"Static Discharge","floor":8,"key":"SMITH"},{"floor":15,"key":"RECALL"},{"data":"Fission","floor":23,"key":"SMITH"},{"data":"ReplayTheSpireMod:Reroute Power","floor":32,"key":"SMITH"},{"data":"Panic Button","floor":40,"key":"SMITH"},{"data":"Tempest","floor":49,"key":"SMITH"},{"data":"Doom and Gloom","floor":52,"key":"SMITH"}],"circlet_count":0,"master_deck":["Strike_B","Strike_B+1","Strike_B","Strike_B","Defend_B","Defend_B+2","Defend_B+1","Zap+1","Dualcast","Static Discharge+1","Ball Lightning+1","Darkness+1","Fission+1","Crystallizer+1","REME_WheelOfFate+1","REME_SelfUpgrade+1","Delirium","Tempest+1","Mirror Shield+1","REME_WheelOfFate+1","ReplayRNGCard+1","ReplayTheSpireMod:Reroute Power+1","Thunder Strike+1","Panic Button+1","Doom and Gloom+1","Hallownest:curseDreamersLament","Clumsy","Fission+1","Decay","Biased Cognition+1","Double Energy+1","Seek+1","Defragment+1"],"relics":["Cracked Core","ice","REME_ComplimentaryCards","LetterFromLob","Hallownest:BankAccountRelic","Lantern","War Paint","Calipers","HollowMod:StagPassRelic","Coffee Dripper","ShedSkin_r","Ring of Greed","Membership Card","Golden Egg","Ring of Shattering","Medical Kit","Potion Belt","HonorFeather","MagicBullet_r","Gaze_r","Heaven_r","WingedGreaves","MawBank","DollysMirror","Simple Rune","Runic Dome","Strange Spoon","Hallownest:BeastSealRelic","Juzu Bracelet","Hallownest:HeavyBlowRelic","Bag of Preparation","REME_IWantAll","Hallownest:GodTamersBeastRelic","Orrery","Torii","Counterbalance","Sundial","Bronze Scales","Happy Flower"],"acts_visited":["Hallownest:Greenpath","Hallownest:CityofTears","Hallownest:KingdomsEdge","TheEnding"],"potions_floor_usage":[16,24,44,55,55,55,55,55,55,55,55,55],"damage_taken":[{"damage":4,"enemies":"Hallownest:2_Tiktiks_and_1_Crawlid","floor":1,"turns":3},{"damage":0,"enemies":"Hallownest:2_Baldur","floor":4,"turns":4},{"damage":6,"enemies":"Hallownest:eliteVengeflyKing","floor":7,"turns":10},{"damage":6,"enemies":"2_ Uuma","floor":10,"turns":4},{"damage":4,"enemies":"Hallownest:eliteCrystalGuardian","floor":11,"turns":5},{"damage":19,"enemies":"Hallownest:monsterMarmu","floor":13,"turns":3},{"damage":10,"enemies":"Hallownest:MossCreep_and_Mosskin","floor":14,"turns":5},{"damage":57,"enemies":"Hallownest:BossHornet","floor":16,"turns":7},{"damage":1,"enemies":"Hallownest:3_Youths","floor":19,"turns":6},{"damage":55,"enemies":"Hallownest:3_Youths","floor":24,"turns":3},{"damage":0,"enemies":"Hallownest:3_Youths","floor":24,"turns":1},{"damage":9,"enemies":"Hallownest:3_Youths","floor":24,"turns":3},{"damage":0,"enemies":"Hallownest:Nosk","floor":27,"turns":3},{"damage":0,"enemies":"Hallownest:Flukemon_and_Top","floor":28,"turns":2},{"damage":0,"enemies":"Hallownest:eliteWatcherKnight","floor":29,"turns":7},{"damage":0,"enemies":"Hallownest:Master_and_Novice","floor":31,"turns":2},{"damage":28,"enemies":"Hallownest:BossGrimm","floor":33,"turns":3},{"damage":0,"enemies":"Hallownest:2_Littles","floor":35,"turns":3},{"damage":10,"enemies":"Hallownest:Shield_Heavy","floor":37,"turns":2},{"damage":1,"enemies":"Hallownest:StalkingDevout","floor":41,"turns":4},{"damage":25,"enemies":"Hallownest:eliteHiveKnight","floor":44,"turns":3},{"damage":0,"enemies":"Hallownest:eliteHiveKnight","floor":45,"turns":1},{"damage":0,"enemies":"Hallownest:eliteHiveKnight","floor":45,"turns":1},{"damage":8,"enemies":"Hallownest:eliteHiveKnight","floor":45,"turns":2},{"damage":0,"enemies":"Hallownest:eliteHiveKnight","floor":45,"turns":2},{"damage":0,"enemies":"Hallownest:2_Soldiers_and_1_Guardian","floor":48,"turns":1},{"damage":2,"enemies":"Hallownest:BossGreyPrinceZote","floor":50,"turns":4},{"damage":0,"enemies":"Shield and Spear","floor":54,"turns":1},{"damage":0,"enemies":"The Heart","floor":55,"turns":2}],"seed_played":"-2533297926553443531","potions_obtained":[{"floor":1,"key":"PotionOfCapacity"},{"floor":7,"key":"Energy Potion"},{"floor":19,"key":"AttackPotion"},{"floor":29,"key":"EssenceOfSteel"},{"floor":33,"key":"PotionOfCapacity"},{"floor":35,"key":"Toxic Potion"},{"floor":36,"key":"EntropicBrew"},{"floor":36,"key":"ColorlessPotion"}],"is_trial":false,"path_per_floor":["M","?","?","M","?","R","E","R","T","M","E","?","?","M","R","B",null,"M","M","?","?","$","R","?","$","T","E","M","E","$","M","R","B",null,"M","?","M","$","?","R","E","?","T","E","?","$","?","M","R","B",null,"R","$","E","B",null],"character_chosen":"DEFECT","items_purchased":["Crystallizer","REME_WheelOfFate","Medical Kit","Potion Belt","REME_SelfUpgrade","DollysMirror","ReplayRNGCard","Strange Spoon","Orrery","Torii","Counterbalance","Bronze Scales","Defragment"],"campfire_rested":0,"item_purchase_floors":[22,22,22,22,25,30,30,38,46,46,46,53,53],"current_hp_per_floor":[71,71,71,71,71,71,65,65,65,59,55,55,36,26,26,38,76,76,75,75,75,75,75,72,72,72,72,72,72,72,79,132,139,154,154,154,150,150,150,154,154,154,154,142,156,156,156,156,156,202,210,210,210,210,308],"gold":41,"neow_bonus":"HUNDRED_GOLD","is_daily":false,"chose_seed":false,"campfire_upgraded":7,"win_rate":0.0,"timestamp":1613288849,"path_taken":["M","?","?","M","?","R","E","R","T","M","E","?","?","?","R","BOSS","M","M","?","?","$","R","?","?","T","E","?","E","?","M","R","BOSS","M","?","?","$","?","R","E","?","T","E","?","?","?","M","R","BOSS","R","$","E","BOSS"],"items_purchased_type":["Card","Card","Relic","Relic","Card","Relic","Card","Relic","Relic","Relic","Relic","Relic","Card"],"build_version":"2020-12-22","purchased_purges":4,"victory":true,"max_hp_per_floor":[75,75,75,75,75,75,75,75,75,75,75,75,75,75,75,76,76,76,80,80,80,80,80,131,131,131,131,131,132,132,132,132,154,154,154,154,154,154,154,154,154,154,154,156,156,156,156,156,156,210,210,210,210,210,408],"card_choices":[{"not_picked":["Tempest","Go for the Eyes"],"picked":"Cold Snap","floor":1},{"not_picked":["Hello World","BootSequence","Streamline"],"picked":"SKIP","floor":4},{"not_picked":["Leap","Compile Driver"],"picked":"Static Discharge","floor":7},{"not_picked":["Barrage","Stack"],"picked":"Ball Lightning","floor":10},{"not_picked":["Defragment","Lockon"],"picked":"Darkness","floor":11},{"not_picked":["Gash","Rebound","Streamline"],"picked":"SKIP","floor":14},{"not_picked":["ReplayRNGCard","All For One"],"picked":"Fission","floor":16},{"not_picked":["Barrage","Leap","Beam Cell"],"picked":"SKIP","floor":19},{"not_picked":["Chaos","Gash","Crystallizer","Barrage"],"picked":"Tempest","floor":27},{"not_picked":["Hologram","Barrage","Streamline"],"picked":"SKIP","floor":28},{"not_picked":["Seek","Steam","REME_DataAnalysis","Stack+1"],"picked":"Mirror Shield","floor":29},{"not_picked":["Consume","Panic Button","Streamline","Hologram","Static Discharge","BasicCrystalCard"],"picked":"ReplayTheSpireMod:Reroute Power","floor":31},{"not_picked":["Creative AI","Rainbow","Seek","Buffer"],"picked":"Thunder Strike","floor":33},{"not_picked":["Aggregate+1","Scrape+1","BasicCrystalCard","Streamline+1"],"picked":"Panic Button","floor":35},{"not_picked":["Rebound+1","Gash+1","Compile Driver+1","Blizzard+1"],"picked":"Doom and Gloom","floor":37},{"not_picked":["Amplify","Static Discharge+1","Genetic Algorithm+1","Ball Lightning"],"picked":"Fission","floor":41},{"not_picked":["Streamline","Undo+1","Conserve Battery+1","Turbo+1","Cold Snap+1"],"picked":"SKIP","floor":44},{"not_picked":["Hologram+1","Cold Snap+1"],"picked":"Biased Cognition","floor":46},{"not_picked":["Rebound","Gash"],"picked":"Double Energy","floor":46},{"not_picked":["Rebound","Go for the Eyes"],"picked":"Seek","floor":46},{"not_picked":["White Noise","Compile Driver","Self Repair+1"],"picked":"SKIP","floor":48},{"not_picked":["REME_SelfUpgrade+1","Rip and Tear+1","ReplaySort"],"picked":"SKIP","floor":54}],"player_experience":149089,"relics_obtained":[{"floor":1,"key":"LetterFromLob"},{"floor":7,"key":"War Paint"},{"floor":9,"key":"Calipers"},{"floor":11,"key":"HollowMod:StagPassRelic"},{"floor":21,"key":"Ring of Greed"},{"floor":21,"key":"Membership Card"},{"floor":21,"key":"Golden Egg"},{"floor":21,"key":"Ring of Shattering"},{"floor":27,"key":"WingedGreaves"},{"floor":29,"key":"MawBank"},{"floor":41,"key":"Juzu Bracelet"},{"floor":43,"key":"Bag of Preparation"},{"floor":44,"key":"REME_IWantAll"},{"floor":54,"key":"Happy Flower"}],"event_choices":[],"is_beta":false,"boss_relics":[{"not_picked":["Velvet Choker","Painkiller Herb"],"picked":"Coffee Dripper"},{"not_picked":["Astrolabe","ReplayTheSpireMod:DimensionalGlitch"],"picked":"Runic Dome"}],"items_purged_floors":[22,30,38,46],"is_endless":false,"potions_floor_spawned":[1,7,13,19,24,29,33,35,45,45],"ascension_level":1}}