{"host":"xkmvu47k9fdstweo","time":1613343402,"event":{"mods":["BaseMod","Colored Map","Conspire","HololiveMod","Hubris","Minty Spire (QoL Compilation)","Quick Restart","Shop Mod","StSLib"],"gold_per_floor":[117,117,135,135,26,56,75,90,137,171,288,288,288,288],"floor_reached":13,"language":"ENG","playtime":294,"items_purged":["Strike_R"],"score":192,"play_id":"61a22ba0-d68d-4912-b71f-7b4a56f70272","local_time":"20210214175642","is_ascension_mode":true,"campfire_choices":[{"data":"Searing Blow","floor":12,"key":"SMITH"}],"circlet_count":0,"master_deck":["AscendersBane","Strike_R","Strike_R","Strike_R","Strike_R","Defend_R","Defend_R","Defend_R","Defend_R","Bash","Searing Blow+1","Armaments","Inflame","Headbutt","True Grit","Corruption","Barricade","Power Through"],"relics":["Burning Blood","NeowsBlessing","hubris:Icosahedron","Hololive_LightStick","Pen Nib","Lantern"],"acts_visited":["Exordium"],"potions_floor_usage":[13],"damage_taken":[{"damage":0.0,"enemies":"conspire:RoseBush","floor":1.0,"turns":1.0},{"damage":0.0,"enemies":"Small Slimes","floor":3.0,"turns":1.0},{"damage":0.0,"enemies":"Lagavulin","floor":6.0,"turns":1.0},{"damage":0.0,"enemies":"2 Louse","floor":7.0,"turns":3.0},{"damage":0.0,"enemies":"Red Slaver","floor":8.0,"turns":4.0},{"damage":26.0,"enemies":"3 Sentries","floor":10.0,"turns":6.0},{"damage":5,"enemies":"Looter","floor":11,"turns":4},{"damage":5,"enemies":"Gremlin Nob","floor":13,"turns":4}],"seed_played":"152919028636385571","potions_obtained":[{"floor":1.0,"key":"Weak Potion"},{"floor":7.0,"key":"AttackPotion"}],"is_trial":false,"path_per_floor":["M","?","M","?","$","E","M","M","T","E","M","R","E"],"character_chosen":"IRONCLAD","items_purchased":["Inflame"],"campfire_rested":0,"item_purchase_floors":[5],"current_hp_per_floor":[78,78,80,80,80,80,80,80,80,60,61,61,56,56],"gold":288,"neow_bonus":"THREE_ENEMY_KILL","is_daily":false,"chose_seed":false,"campfire_upgraded":1,"win_rate":0.0,"timestamp":1613343402,"path_taken":["M","?","M","?","$","E","M","M","T","E","M","R","E"],"items_purchased_type":["Card"],"build_version":"2020-12-22","purchased_purges":1,"victory":false,"max_hp_per_floor":[80,80,80,80,80,80,80,80,80,80,80,80,80,80],"card_choices":[{"not_picked":["Dropkick","Heavy Blade"],"picked":"Searing Blow","floor":1.0},{"not_picked":["Infernal Blade","Heavy Blade"],"picked":"Armaments","floor":3.0},{"not_picked":["Body Slam","Spot Weakness"],"picked":"Headbutt","floor":6.0},{"not_picked":["Clothesline","Twin Strike"],"picked":"True Grit","floor":7.0},{"not_picked":["Havoc","Thunderclap"],"picked":"Corruption","floor":8.0},{"not_picked":["Offering","Disarm"],"picked":"Barricade","floor":10.0},{"not_picked":["Havoc","Whirlwind"],"picked":"Power Through","floor":11}],"player_experience":360499,"relics_obtained":[{"floor":6.0,"key":"Hololive_LightStick"},{"floor":9.0,"key":"Pen Nib"},{"floor":10.0,"key":"Lantern"}],"event_choices":[{"damage_healed":0.0,"max_hp_gain":0.0,"max_hp_loss":0.0,"gold_gain":0.0,"event_name":"Liars Game","player_choice":"Ignored","floor":2.0,"gold_loss":0.0,"damage_taken":0.0}],"is_beta":false,"boss_relics":[],"items_purged_floors":[5],"is_endless":false,"potions_floor_spawned":[1,7,11],"killed_by":"Gremlin Nob","ascension_level":12}}