{"host":"218bpbmw7wi1tsbm","time":1613299061,"event":{"mods":["BaseMod","Lobotomy","LobotomyExtend","Minty Spire (QoL Compilation)","Prisma Mod","Quick Restart","Rare Cards Sparkle","StSLib"],"gold_per_floor":[118,98,116,116,133,166,93,93,93,93,93,110,126,142,142,239,239,259,22,22,40,40,40,40,40],"floor_reached":24,"language":"JPN","playtime":1465,"items_purged":["SingingMachine"],"score":196,"play_id":"49d00829-ae95-4237-b811-9c25243120f6","local_time":"20210214193741","is_ascension_mode":false,"campfire_choices":[{"data":"Uppercut","floor":11,"key":"SMITH"},{"floor":15,"key":"REST"},{"floor":23,"key":"REST"}],"circlet_count":0,"master_deck":["Strike_R","Strike_R","Strike_R","Strike_R","Strike_R","Defend_R","Defend_R","Defend_R","Defend_R","Bash","Wellcheers","Iron Wave","UniverseFragment","Armaments","VoidDream","Shrug It Off","BeautyBeast","Uppercut+1","Shrug It Off","Armaments","LittleHelper","DespairKnight","Bloodletting","MeatLantern","Cleave","Reaper","Mercenary","Offering","OSAHOGD","Rage"],"relics":["Burning Blood","CogitoBucket","LetterFromLob","Incense Burner","Shuriken","Singing Bowl","TreeSap","Busted Crown","Enchiridion"],"acts_visited":["Exordium","TheCity"],"potions_floor_usage":[5,6,12,16,24],"damage_taken":[{"damage":8,"enemies":"2 Louse","floor":1,"turns":3},{"damage":3,"enemies":"Cultist","floor":3,"turns":5},{"damage":5,"enemies":"Small Slimes","floor":5,"turns":4},{"damage":20,"enemies":"Lagavulin","floor":6,"turns":8},{"damage":28,"enemies":"Exordium Thugs","floor":12,"turns":8},{"damage":32,"enemies":"Large Slime","floor":13,"turns":7},{"damage":7,"enemies":"Red Slaver","floor":14,"turns":6},{"damage":10,"enemies":"Hexaghost","floor":16,"turns":14},{"damage":54,"enemies":"Spheric Guardian","floor":18,"turns":6},{"damage":49,"enemies":"Chosen","floor":21,"turns":7},{"damage":86,"enemies":"Shelled Parasite and Fungi","floor":24,"turns":9}],"seed_played":"-9216079507885040337","potions_obtained":[{"floor":1,"key":"FairyPotion"},{"floor":2,"key":"Block Potion"},{"floor":4,"key":"SteroidPotion"},{"floor":5,"key":"Fruit Juice"},{"floor":14,"key":"PowerPotion"},{"floor":16,"key":"AttackPotion"}],"is_trial":false,"path_per_floor":["M","?","M","?","M","E","$","T","T","$","R","M","M","M","R","B",null,"M","$","?","M","?","R","M"],"character_chosen":"IRONCLAD","items_purchased":["Shrug It Off","Armaments","Offering"],"campfire_rested":2,"item_purchase_floors":[7,7,19],"current_hp_per_floor":[78,78,80,80,85,71,71,71,71,71,71,51,28,30,56,58,87,41,41,89,49,33,59,0,0],"gold":40,"neow_bonus":"","is_daily":false,"chose_seed":false,"campfire_upgraded":1,"win_rate":0.0,"timestamp":1613299061,"path_taken":["M","?","?","?","M","E","$","?","T","$","R","M","M","M","R","BOSS","M","$","?","M","?","R","M"],"items_purchased_type":["Card","Card","Card"],"build_version":"2020-12-22","purchased_purges":1,"victory":false,"max_hp_per_floor":[80,80,80,80,85,85,85,85,85,85,85,87,87,87,87,87,87,89,89,89,89,89,89,89,89],"card_choices":[{"not_picked":["OSAHOGD","Woodsman"],"picked":"Wellcheers","floor":1},{"not_picked":["Bloodletting","True Grit"],"picked":"Iron Wave","floor":1},{"not_picked":["OSAHOGD","LongBird"],"picked":"UniverseFragment","floor":3},{"not_picked":["Warcry","Heavy Blade"],"picked":"Armaments","floor":3},{"not_picked":["SpiderBud","Murderer"],"picked":"VoidDream","floor":5},{"not_picked":["True Grit","Anger"],"picked":"Shrug It Off","floor":5},{"not_picked":["Alriune","ShyLook"],"picked":"BeautyBeast","floor":6},{"not_picked":["Fire Breathing","Body Slam"],"picked":"Uppercut","floor":6},{"not_picked":["Laetitia","MeatLantern"],"picked":"LittleHelper","floor":12},{"not_picked":["Warcry","True Grit","Havoc"],"picked":"Singing Bowl","floor":12},{"not_picked":["QueenOfHatred","WallGazer"],"picked":"DespairKnight","floor":13},{"not_picked":["Shrug It Off","Fire Breathing"],"picked":"Bloodletting","floor":13},{"not_picked":["MHz","CherryBlossoms"],"picked":"MeatLantern","floor":14},{"not_picked":["Warcry","Armaments"],"picked":"Cleave","floor":14},{"not_picked":["SpiderBud","GalaxyChild"],"picked":"SingingMachine","floor":16},{"not_picked":["Limit Break","Brutality"],"picked":"Reaper","floor":16},{"not_picked":["LittlePrince","QueenOfHatred"],"picked":"Mercenary","floor":18},{"not_picked":["Havoc"],"picked":"Singing Bowl","floor":18},{"not_picked":["Laetitia","Murderer"],"picked":"OSAHOGD","floor":21},{"not_picked":[],"picked":"Rage","floor":21}],"player_experience":625355,"relics_obtained":[{"floor":1,"key":"LetterFromLob"},{"floor":6,"key":"Incense Burner"},{"floor":8,"key":"Shuriken"},{"floor":9,"key":"Singing Bowl"},{"floor":22,"key":"Enchiridion"}],"event_choices":[{"damage_healed":0,"gold_gain":0,"player_choice":"Bought 1 Potion","damage_taken":0,"max_hp_gain":0,"max_hp_loss":0,"event_name":"The Woman in Blue","floor":2,"gold_loss":0},{"damage_healed":0,"gold_gain":0,"player_choice":"Got Potions","damage_taken":0,"max_hp_gain":0,"max_hp_loss":0,"event_name":"Lab","floor":4,"gold_loss":0},{"damage_healed":0,"gold_gain":0,"player_choice":"Fought Bandits","damage_taken":0,"max_hp_gain":0,"max_hp_loss":0,"event_name":"Masked Bandits","floor":20,"gold_loss":0},{"damage_healed":0,"gold_gain":0,"player_choice":"Obtained Book","damage_taken":16,"max_hp_gain":0,"max_hp_loss":0,"event_name":"Cursed Tome","floor":22,"gold_loss":0}],"is_beta":false,"boss_relics":[{"not_picked":["Coffee Dripper","Black Star"],"picked":"Busted Crown"}],"items_purged_floors":[19],"is_endless":false,"potions_floor_spawned":[1,5,14,16],"killed_by":"Shelled Parasite and Fungi","ascension_level":0}}