{"host":"v2b7co6515hwzfig","time":1613274625,"event":{"mods":["BaseMod","Colored Powertips","Downfall","KinomotoSakuraMod(????)","Marisa????????","Minty Spire (QoL Compilation)","Quick Restart","Rare Cards Sparkle","StSLib","The Bug Knight","The Senshi"],"gold_per_floor":[366,366,383,150,163,194,211,211,258,258,258,258,258,279,279,404,404,429,429,449,499,47,88,112,143,193,193,211,255,8,32,32,161,161,177,202,535,12,23,23,36,66,89,89,89,102,0,25,25,25],"floor_reached":51,"language":"ENG","playtime":2902,"items_purged":["downfall:Malfunctioning"],"score":788,"play_id":"74b34f7f-8045-4e8b-8edb-4886a12b6247","local_time":"20210214045025","is_ascension_mode":false,"campfire_choices":[{"floor":8,"key":"REST"},{"floor":11,"key":"REST"},{"data":"Flame Barrier","floor":15,"key":"SMITH"},{"floor":27,"key":"REST"},{"floor":32,"key":"REST"},{"floor":40,"key":"REST"},{"data":"Normality","floor":44,"key":"PURGE"},{"data":"Barricade","floor":49,"key":"SMITH"}],"circlet_count":0,"master_deck":["Strike_R+1","Strike_R+1","Strike_R+1","Strike_R+1","Strike_R+1","Defend_R+1","Defend_R+1","Defend_R+1","Defend_R+1","Bash","Body Slam+1","Infernal Blade","Flame Barrier+1","Shrug It Off","Thunderclap+1","Cleave+1","Cleave+1","Reaper+1","Shrug It Off","Anger+1","Feed+1","Spot Weakness+1","Body Slam+1","Seeing Red","Seeing Red+1","Cleave+1","Bludgeon+1","Barricade+1","Cleave+1","Dual Wield","Rage+1","Body Slam+1","Metallicize+1","Inflame"],"relics":["Burning Blood","Sling","Molten Egg 2","Whetstone","Regal Pillow","Cursed Key","Strange Spoon","Nunchaku","Paper Frog","Gambling Chip","Centennial Puzzle","Happy Flower","Pantograph","SlaversCollar","Strawberry","Bag of Marbles","Ice Cream","Peace Pipe","MealTicket","Red Mask","Bottled Lightning"],"acts_visited":["Exordium","TheCity","TheBeyond"],"potions_floor_usage":[16,23,25,33,48],"damage_taken":[{"damage":8,"enemies":"2 Louse","floor":1,"turns":3},{"damage":0,"enemies":"Cultist","floor":3,"turns":3},{"damage":2,"enemies":"Jaw Worm","floor":5,"turns":4},{"damage":42,"enemies":"Lagavulin","floor":6,"turns":7},{"damage":0,"enemies":"3 Louse","floor":7,"turns":2},{"damage":0,"enemies":"2 Fungi Beasts","floor":14,"turns":3},{"damage":13,"enemies":"Slime Boss","floor":16,"turns":12},{"damage":18,"enemies":"Chosen","floor":18,"turns":5},{"damage":6,"enemies":"3 Byrds","floor":20,"turns":3},{"damage":44,"enemies":"Gremlin Leader","floor":23,"turns":5},{"damage":0,"enemies":"Snecko","floor":24,"turns":3},{"damage":30,"enemies":"HollowMod:Nosk","floor":25,"turns":6},{"damage":17,"enemies":"Shelled Parasite and Fungi","floor":28,"turns":4},{"damage":45,"enemies":"Gremlin Leader","floor":29,"turns":4},{"damage":9,"enemies":"Snake Plant","floor":31,"turns":4},{"damage":53,"enemies":"Automaton","floor":33,"turns":8},{"damage":47,"enemies":"3 Shapes","floor":35,"turns":4},{"damage":15,"enemies":"Orb Walker","floor":39,"turns":2},{"damage":9,"enemies":"Writhing Mass","floor":41,"turns":6},{"damage":18,"enemies":"HollowMod:StalkingDevout","floor":42,"turns":7},{"damage":1,"enemies":"Transient","floor":46,"turns":5},{"damage":6,"enemies":"Nemesis","floor":48,"turns":3},{"damage":76,"enemies":"Donu and Deca","floor":50,"turns":7}],"seed_played":"5484996461912907700","potions_obtained":[{"floor":6,"key":"Dexterity Potion"},{"floor":7,"key":"ElixirPotion"},{"floor":20,"key":"EssenceOfSteel"},{"floor":23,"key":"Block Potion"},{"floor":31,"key":"sneckomod:MuddlingPotion"},{"floor":41,"key":"SkillPotion"}],"is_trial":false,"path_per_floor":["M","?","M","$","M","E","M","R","T","?","R","?","?","M","R","B",null,"M","?","M","?","$","E","M","E","T","R","M","E","$","M","R","B",null,"M","T","?","$","M","R","M","E","T","R","?","M","?","E","R","B",null],"character_chosen":"IRONCLAD","items_purchased":["Sling","Flame Barrier","Strange Spoon","Nunchaku","Feed+1","Pantograph","Bag of Marbles","Ice Cream"],"campfire_rested":5,"item_purchase_floors":[4,4,22,22,22,30,38,38],"current_hp_per_floor":[54,54,60,60,64,28,34,58,58,55,80,64,64,70,70,63,80,68,68,80,80,80,50,71,57,57,80,74,49,49,48,88,49,88,60,67,67,67,63,95,95,83,83,83,83,92,92,92,92,33],"gold":25,"neow_bonus":"TWO_FIFTY_GOLD","is_daily":false,"chose_seed":false,"campfire_upgraded":2,"win_rate":0.0,"timestamp":1613274625,"path_taken":["M","?","M","$","M","E","?","R","T","?","R","?","?","M","R","BOSS","M","?","M","?","$","E","M","E","T","R","M","E","$","?","R","BOSS","M","?","?","$","M","R","M","E","T","R","?","?","?","E","R","BOSS"],"items_purchased_type":["Relic","Card","Relic","Relic","Card","Relic","Relic","Relic"],"build_version":"2020-12-13","purchased_purges":1,"victory":true,"max_hp_per_floor":[80,80,80,80,80,80,80,80,80,80,80,80,80,80,80,80,80,80,80,80,80,80,80,80,80,80,80,84,88,88,88,88,88,88,88,95,95,95,95,95,95,95,95,95,92,92,92,92,92,92],"card_choices":[{"not_picked":["Iron Wave","Dual Wield"],"picked":"Body Slam","floor":1},{"not_picked":["Clash","Thunderclap"],"picked":"Infernal Blade","floor":3},{"not_picked":["True Grit","Twin Strike"],"picked":"Shrug It Off","floor":5},{"not_picked":["Rupture","Whirlwind+1"],"picked":"Thunderclap+1","floor":6},{"not_picked":["Twin Strike+1","Pommel Strike+1"],"picked":"Cleave+1","floor":7},{"not_picked":["Berserk","Warcry"],"picked":"Cleave+1","floor":14},{"not_picked":["Fiend Fire+1","Bludgeon+1"],"picked":"Reaper+1","floor":16},{"not_picked":["Perfected Strike+1","Carnage+1"],"picked":"Shrug It Off","floor":18},{"not_picked":["Thunderclap+1","Body Slam+1"],"picked":"Anger+1","floor":20},{"not_picked":["Shrug It Off","Demon Form"],"picked":"Spot Weakness+1","floor":23},{"not_picked":["Iron Wave+1","Dual Wield"],"picked":"Body Slam+1","floor":24},{"not_picked":["Thunderclap+1","Cleave+1"],"picked":"Seeing Red","floor":25},{"not_picked":["Armaments","Cleave+1"],"picked":"Seeing Red+1","floor":28},{"not_picked":["Body Slam+1","Pummel+1"],"picked":"Cleave+1","floor":29},{"not_picked":["Feel No Pain","Second Wind"],"picked":"Bludgeon+1","floor":31},{"not_picked":["Impervious","Feed+1"],"picked":"Barricade","floor":33},{"not_picked":["Power Through","Twin Strike+1"],"picked":"Cleave+1","floor":35},{"not_picked":["Burning Pact","Armaments"],"picked":"Dual Wield","floor":39},{"not_picked":["Sever Soul+1","Sword Boomerang+1"],"picked":"Rage+1","floor":41},{"not_picked":["Sever Soul+1","Double Tap"],"picked":"Body Slam+1","floor":42},{"not_picked":["Dark Embrace+1","Second Wind+1"],"picked":"Metallicize+1","floor":46},{"not_picked":["Rampage+1","Shockwave+1"],"picked":"Inflame","floor":48}],"player_experience":10739,"relics_obtained":[{"floor":6,"key":"Molten Egg 2"},{"floor":9,"key":"Whetstone"},{"floor":23,"key":"Paper Frog"},{"floor":25,"key":"Gambling Chip"},{"floor":26,"key":"Centennial Puzzle"},{"floor":29,"key":"Happy Flower"},{"floor":36,"key":"Strawberry"},{"floor":42,"key":"Peace Pipe"},{"floor":43,"key":"MealTicket"},{"floor":48,"key":"Bottled Lightning"}],"event_choices":[{"damage_healed":0,"gold_gain":0,"player_choice":"Forge","damage_taken":0,"max_hp_gain":0,"max_hp_loss":0,"event_name":"Accursed Blacksmith","floor":2,"gold_loss":0,"cards_upgraded":["Body Slam"]},{"damage_healed":0,"gold_gain":0,"player_choice":"Success","damage_taken":3,"relics_obtained":["Regal Pillow"],"max_hp_gain":0,"max_hp_loss":0,"event_name":"Scrap Ooze","floor":10,"gold_loss":0},{"damage_healed":0,"gold_gain":0,"player_choice":"Entered Light","damage_taken":16,"max_hp_gain":0,"max_hp_loss":0,"event_name":"Shining Light","floor":12,"gold_loss":0,"cards_upgraded":["Defend_R","Defend_R"]},{"damage_healed":0,"gold_gain":0,"player_choice":"Take Wound","damage_taken":0,"relics_obtained":["Golden Idol"],"max_hp_gain":0,"max_hp_loss":0,"event_name":"Golden Idol","floor":13,"gold_loss":0,"cards_obtained":["Injury"]},{"damage_healed":0,"gold_gain":0,"player_choice":"Simplicity","damage_taken":0,"max_hp_gain":0,"max_hp_loss":0,"event_name":"Back to Basics","floor":19,"gold_loss":0,"cards_upgraded":["Strike_R","Strike_R","Strike_R","Defend_R","Defend_R"]},{"damage_healed":0,"gold_gain":100,"player_choice":"Bet on Murderer","damage_taken":0,"max_hp_gain":0,"max_hp_loss":0,"event_name":"The Joust","floor":21,"gold_loss":50},{"damage_healed":0,"gold_gain":333,"player_choice":"Gave Idol","damage_taken":0,"max_hp_gain":0,"max_hp_loss":0,"event_name":"The Moai Head","floor":37,"relics_lost":["Golden Idol"],"gold_loss":0},{"cards_removed":["Parasite","Writhe","Injury"],"damage_healed":0,"gold_gain":0,"player_choice":"Removed Curses","damage_taken":0,"max_hp_gain":0,"max_hp_loss":0,"event_name":"Fountain of Cleansing","floor":45,"gold_loss":0},{"damage_healed":0,"gold_gain":0,"player_choice":"Paid","damage_taken":0,"relics_obtained":["Red Mask"],"max_hp_gain":0,"max_hp_loss":0,"event_name":"Tomb of Lord Red Mask","floor":47,"gold_loss":102}],"is_beta":false,"boss_relics":[{"not_picked":["Velvet Choker","Snecko Eye"],"picked":"Cursed Key"},{"not_picked":["Mark of Pain","Runic Cube"],"picked":"SlaversCollar"}],"items_purged_floors":[38],"is_endless":false,"potions_floor_spawned":[6,7,20,23,31,41],"ascension_level":0}}