{"host":"5y2vm16xfq9gfmb2","time":1613287048,"event":{"mods":["AchievementEnabler","BaseMod","Better Third Choice","Colored Map","Colored Powertips","DeckTracker","Friendly Minions","Marisa????????","Minty Spire (QoL Compilation)","Rare Cards Sparkle","Relic Stats","StSLib","The Alterego","The Animator","The Marked","The Servant 0.9.4","Yohane!"],"gold_per_floor":[116,128,138,138,157,157,157,186,186,186,206,222,236,252,252,357,357,373,391,105,121,121,121,151,151,198,198,217,1,1,15,15,111,161,178,29,43,59,75,75,75,75,98,98,112,21,33,62,74,86,86],"floor_reached":50,"language":"ENG","playtime":2964,"items_purged":[],"score":493,"play_id":"1e144f06-b9a7-4b60-96c7-739167e6f68c","local_time":"20210214021728","is_ascension_mode":false,"campfire_choices":[{"floor":6,"key":"RECALL"},{"floor":10,"key":"REST"},{"floor":15,"key":"REST"},{"data":"Yohane:Mijuku_Dreamer","floor":23,"key":"SMITH"},{"data":"Yohane:Allure_of_Darkness","floor":25,"key":"SMITH"},{"floor":30,"key":"REST"},{"data":"Yohane:Curse_The_Heavens","floor":32,"key":"SMITH"},{"floor":40,"key":"REST"},{"floor":47,"key":"REST"},{"floor":49,"key":"REST"}],"circlet_count":0,"master_deck":["Yohane:Strike_Grey+1","Yohane:Strike_Grey","Yohane:Strike_Grey","Yohane:Strike_Grey","Yohane:Defend_Grey","Yohane:Defend_Grey","Yohane:Defend_Grey","Yohane:Defend_Grey+1","Yohane:Little_Demon_Lily","Yohane:Well_Laid_Ambush","Yohane:Little_Demon_Ruby","Yohane:Wrath","Yohane:My_Mai_Tonight","Yohane:Grace_Under_Fire","Yohane:Little_Demon_Lily","Yohane:Soul_Peek","Yohane:Allure_of_Darkness+1","Yohane:Schwarz_Sechs","Yohane:Impressive_Display","Yohane:Debut+1","Yohane:Prideful_Crash","CurseOfTheBell","Yohane:Envious+1","Yohane:Little_Demon_Recruit+1","Yohane:Mijuku_Dreamer+1","Yohane:Little_Demon_Mari","Yohane:Wrath","Yohane:Curse_The_Heavens+1","Yohane:Energy_Change","Yohane:Strawberry_Trapper+1","Yohane:Retaliation","Yohane:Lailapse+1","Yohane:Dark_Rest+1","Yohane:Wrath+1","Yohane:Introspection","Yohane:Ice_Cream_Assault","Yohane:Excitement"],"relics":["Yohane:AngelWings","NeowsBlessing","Regal Pillow","Kunai","Bronze Scales","Calling Bell","War Paint","Mummified Hand","Thread and Needle","TungstenRod","Vajra","Toolbox","Tiny House","Juzu Bracelet","Letter Opener","Centennial Puzzle","MawBank"],"acts_visited":["Exordium","TheCity","TheBeyond"],"potions_floor_usage":[16,18,28,33,39],"damage_taken":[{"damage":0,"enemies":"Cultist","floor":1,"turns":1},{"damage":0,"enemies":"2 Louse","floor":2,"turns":1},{"damage":0,"enemies":"Small Slimes","floor":3,"turns":1},{"damage":9,"enemies":"Exordium Thugs","floor":5,"turns":5},{"damage":31,"enemies":"Lagavulin","floor":8,"turns":9},{"damage":0,"enemies":"Gremlin Gang","floor":11,"turns":1},{"damage":0,"enemies":"2 Fungi Beasts","floor":12,"turns":2},{"damage":10,"enemies":"Red Slaver","floor":13,"turns":3},{"damage":13,"enemies":"Exordium Thugs","floor":14,"turns":4},{"damage":13,"enemies":"The Guardian","floor":16,"turns":10},{"damage":0,"enemies":"3 Byrds","floor":18,"turns":3},{"damage":0,"enemies":"Chosen","floor":19,"turns":4},{"damage":0,"enemies":"Snecko","floor":21,"turns":3},{"damage":7,"enemies":"Book of Stabbing","floor":24,"turns":5},{"damage":12,"enemies":"Centurion and Healer","floor":28,"turns":3},{"damage":4,"enemies":"Cultist and Chosen","floor":31,"turns":3},{"damage":19,"enemies":"Champ","floor":33,"turns":9},{"damage":34,"enemies":"3 Darklings","floor":35,"turns":3},{"damage":26,"enemies":"3 Shapes","floor":37,"turns":3},{"damage":12,"enemies":"Sphere and 2 Shapes","floor":38,"turns":5},{"damage":0,"enemies":"Maw","floor":39,"turns":8},{"damage":11,"enemies":"Spire Growth","floor":45,"turns":4},{"damage":28,"enemies":"Sphere and 2 Shapes","floor":48,"turns":3},{"damage":69,"enemies":"Awakened One","floor":50,"turns":5}],"seed_played":"-5444434595953213913","potions_obtained":[{"floor":1,"key":"AttackPotion"},{"floor":5,"key":"Energy Potion"},{"floor":8,"key":"Dexterity Potion"},{"floor":11,"key":"Swift Potion"},{"floor":18,"key":"BlessingOfTheForge"},{"floor":24,"key":"PowerPotion"},{"floor":27,"key":"Dexterity Potion"},{"floor":27,"key":"FearPotion"},{"floor":31,"key":"Energy Potion"},{"floor":34,"key":"Fire Potion"},{"floor":35,"key":"DuplicationPotion"},{"floor":37,"key":"FairyPotion"}],"is_trial":false,"path_per_floor":["M","M","M","?","M","R","?","E","T","R","M","M","M","M","R","B",null,"M","M","$","M","?","R","E","R","T","?","M","$","R","M","R","B",null,"M","$","M","M","M","R","T","$","T","?","M","?","R","M","R","B"],"character_chosen":"FallenAngel","items_purchased":["TungstenRod","Yohane:Curse_The_Heavens","Toolbox","Juzu Bracelet"],"campfire_rested":6,"item_purchase_floors":[20,29,29,36],"current_hp_per_floor":[60,60,60,57,48,48,48,17,17,50,50,50,40,27,60,47,60,60,60,60,60,60,60,53,53,53,53,41,41,60,56,56,37,65,31,31,5,12,12,46,46,46,46,46,35,35,65,37,65,0,0],"gold":86,"neow_bonus":"THREE_ENEMY_KILL","is_daily":false,"chose_seed":false,"campfire_upgraded":3,"win_rate":0.0,"timestamp":1613287048,"path_taken":["M","M","?","?","M","R","?","E","T","R","M","?","?","M","R","BOSS","M","M","$","M","?","R","E","R","T","?","M","$","R","?","R","BOSS","M","$","M","M","M","R","?","$","T","?","M","?","R","M","R","BOSS"],"items_purchased_type":["Relic","Card","Relic","Relic"],"build_version":"2020-12-22","purchased_purges":0,"victory":false,"max_hp_per_floor":[60,60,60,60,60,60,60,60,60,60,60,60,60,60,60,60,60,60,60,60,60,60,60,60,60,60,60,60,60,60,60,60,60,65,65,65,65,65,65,65,65,65,65,65,65,65,65,65,65,65,65],"relic_stats":{"Regal Pillow":66,"Centennial Puzzle":[9],"counters":[24,98],"Mummified Hand":[5],"Bronze Scales":[162],"Juzu Bracelet":1,"Kunai":[12],"Letter Opener":[20],"War Paint":["Yohane:Debut","Yohane:Defend_Grey"],"MawBank":48,"obtain_stats":[{"Regal Pillow":4,"Tiny House":34,"NeowsBlessing":0,"Vajra":24,"Thread and Needle":17,"Juzu Bracelet":36,"Yohane:AngelWings":0,"Letter Opener":41,"War Paint":17,"MawBank":46,"Calling Bell":17,"Centennial Puzzle":43,"Mummified Hand":17,"Bronze Scales":9,"Toolbox":29,"Kunai":8,"TungstenRod":20},{"Regal Pillow":3,"Tiny House":17,"NeowsBlessing":0,"Vajra":14,"Thread and Needle":10,"Juzu Bracelet":18,"Yohane:AngelWings":0,"Letter Opener":21,"War Paint":10,"MawBank":22,"Calling Bell":10,"Centennial Puzzle":21,"Mummified Hand":10,"Bronze Scales":5,"Toolbox":15,"Kunai":5,"TungstenRod":12},{"Regal Pillow":3,"Tiny House":67,"NeowsBlessing":0,"Vajra":52,"Thread and Needle":37,"Juzu Bracelet":70,"Yohane:AngelWings":0,"Letter Opener":86,"War Paint":37,"MawBank":90,"Calling Bell":37,"Centennial Puzzle":86,"Mummified Hand":37,"Bronze Scales":17,"Toolbox":55,"Kunai":17,"TungstenRod":44}],"TungstenRod":38},"card_choices":[{"not_picked":["Yohane:Ice_Cream_Assault","Yohane:Wrath"],"picked":"Yohane:Little_Demon_Ruby","floor":1},{"not_picked":["Yohane:Sloth","Yohane:Little_Demon_Support"],"picked":"Yohane:Wrath","floor":2},{"not_picked":["Yohane:Inspiration","Yohane:Miracle_Wave"],"picked":"Yohane:My_Mai_Tonight","floor":3},{"not_picked":["Yohane:Gluttony","Yohane:Reckless_Greed"],"picked":"Yohane:Grace_Under_Fire","floor":5},{"not_picked":["Yohane:Reckless_Greed","Yohane:Little_Demon_Recruit"],"picked":"Yohane:Soul_Peek","floor":8},{"not_picked":["Yohane:Livestream_Donation","Yohane:Kowareyasuki"],"picked":"Yohane:Allure_of_Darkness","floor":11},{"not_picked":["Yohane:Misfortune","Yohane:Lailapse"],"picked":"Yohane:Schwarz_Sechs","floor":12},{"not_picked":["Yohane:Dark_Rest","Yohane:Livestream_Donation"],"picked":"Yohane:Impressive_Display","floor":13},{"not_picked":["Yohane:Misfortune","Yohane:Wrath"],"picked":"Yohane:Debut","floor":14},{"not_picked":["Yohane:Take_Flight","Yohane:Voodoo_Doll"],"picked":"Yohane:Prideful_Crash","floor":16},{"not_picked":["Yohane:Modore","Yohane:Gluttony"],"picked":"Yohane:Envious+1","floor":18},{"not_picked":["Yohane:Kowareyasuki","Yohane:Grace_Under_Fire"],"picked":"Yohane:Little_Demon_Recruit+1","floor":19},{"not_picked":["Yohane:Ice_Cream_Assault","Yohane:Cursed_Strike"],"picked":"Yohane:Mijuku_Dreamer","floor":21},{"not_picked":["Yohane:Angel_Tears","Yohane:Schwarz_Sechs+1"],"picked":"Yohane:Little_Demon_Mari","floor":24},{"not_picked":["Yohane:Little_Demon_Ruby","Yohane:Livestream_Donation+1"],"picked":"Yohane:Wrath","floor":28},{"not_picked":["Yohane:Little_Demon_Support","Yohane:Wrath"],"picked":"Yohane:Energy_Change","floor":31},{"not_picked":["Yohane:Awaken_The_Power","Yohane:Shadow_Gate"],"picked":"Yohane:Strawberry_Trapper","floor":33},{"not_picked":["Yohane:Little_Demon_Ruby","Yohane:Dark_Shield"],"picked":"Yohane:Retaliation","floor":34},{"not_picked":["Yohane:Livestream_Donation","Yohane:Miracle_Wave"],"picked":"Yohane:Lailapse+1","floor":35},{"not_picked":["Yohane:Miracle_Wave+1","Yohane:Little_Demon_Ruby"],"picked":"Yohane:Dark_Rest+1","floor":37},{"not_picked":["Yohane:Kowareyasuki","Yohane:Livestream_Donation"],"picked":"Yohane:Wrath+1","floor":38},{"not_picked":["Yohane:Little_Demon_Mari","Yohane:Dark_Shield+1"],"picked":"Yohane:Introspection","floor":39},{"not_picked":["Yohane:Little_Demon_Ruby+1","Yohane:Inspiration+1"],"picked":"Yohane:Ice_Cream_Assault","floor":45},{"not_picked":["Yohane:Little_Demon_Hanamaru","Yohane:Little_Demon_Ruby+1"],"picked":"Yohane:Excitement","floor":48}],"player_experience":104183,"relics_obtained":[{"floor":8,"key":"Kunai"},{"floor":9,"key":"Bronze Scales"},{"floor":17,"key":"War Paint"},{"floor":17,"key":"Mummified Hand"},{"floor":17,"key":"Thread and Needle"},{"floor":24,"key":"Vajra"},{"floor":41,"key":"Letter Opener"},{"floor":43,"key":"Centennial Puzzle"}],"event_choices":[{"damage_healed":0,"gold_gain":0,"player_choice":"Relic ","damage_taken":3,"max_hp_gain":0,"max_hp_loss":0,"event_name":"betterThird:BetterScrap","floor":4,"gold_loss":0,"cards_obtained":["Eviscerate"]},{"damage_healed":0,"gold_gain":0,"player_choice":"1 cards matched","damage_taken":0,"max_hp_gain":0,"max_hp_loss":0,"event_name":"Match and Keep!","floor":7,"gold_loss":0,"cards_obtained":["Yohane:Little_Demon_Lily"]},{"damage_healed":0,"gold_gain":0,"player_choice":"Ignored","damage_taken":0,"max_hp_gain":0,"max_hp_loss":0,"event_name":"Beggar","floor":22,"gold_loss":0},{"damage_healed":0,"gold_gain":0,"player_choice":"Got Potions","damage_taken":0,"max_hp_gain":0,"max_hp_loss":0,"event_name":"Lab","floor":27,"gold_loss":0},{"damage_healed":0,"gold_gain":0,"player_choice":"Upgraded","damage_taken":0,"max_hp_gain":0,"max_hp_loss":0,"event_name":"Upgrade Shrine","floor":44,"gold_loss":0,"cards_upgraded":["Yohane:Strawberry_Trapper"]},{"damage_healed":0,"gold_gain":0,"player_choice":"Paid Gold","damage_taken":0,"relics_obtained":["MawBank"],"max_hp_gain":0,"max_hp_loss":0,"event_name":"WeMeetAgain","floor":46,"gold_loss":91}],"is_beta":false,"boss_relics":[{"not_picked":["Cursed Key","Runic Dome"],"picked":"Calling Bell"},{"not_picked":["Velvet Choker","Coffee Dripper"],"picked":"Tiny House"}],"items_purged_floors":[],"is_endless":false,"potions_floor_spawned":[1,5,8,11,14,18,24,31,35,37],"killed_by":"Awakened One","ascension_level":0}}