{"host":"ypzb5vvnu9f3ii1t","time":1613312288,"event":{"mods":["AchievementEnabler","BaseMod","Colored Map","DeckTracker","Keyboard Shortcuts","Minty Spire (QoL Compilation)","Permanent Neow","Quick Restart","SuperFastMode"],"gold_per_floor":[117,117,117,134,134,167,181,214,290,144,144,161,179,179,179,283,283,300,313,313,333,333,333,432,432,456,476,476,476,162,162,162,265,265,276,201,220,220,232,232,261,274,274,9,0,16,16,16,16],"floor_reached":48,"language":"KOR","playtime":2439,"items_purged":["Strike_G"],"score":878,"play_id":"8fdaa572-b1d1-477f-8e41-3ea5f1684607","local_time":"20210214231808","is_ascension_mode":true,"campfire_choices":[{"data":"Deadly Poison","floor":15.0,"key":"SMITH"},{"floor":23.0,"key":"REST"},{"floor":25.0,"key":"REST"},{"floor":28.0,"key":"REST"},{"data":"Footwork","floor":32.0,"key":"SMITH"},{"floor":40,"key":"REST"}],"circlet_count":0,"master_deck":["AscendersBane","Strike_G","Strike_G","Defend_G","Defend_G","Defend_G","Defend_G","Survivor","Neutralize","Noxious Fumes","Deadly Poison+1","Corpse Explosion","PiercingWail","After Image","Deadly Poison+1","After Image","Backflip+1","Bouncing Flask+1","Footwork+1","After Image","Escape Plan+1","Dodge and Roll+1","Escape Plan+1","After Image","Crippling Poison+1"],"relics":["Ring of the Snake","NeowsBlessing","Lizard Tail","Nunchaku","Kunai","Matryoshka","Lee\u0027s Waffle","Ancient Tea Set","Snake Skull","Toxic Egg 2","Question Card","Empty Cage","Orichalcum","DollysMirror","Oddly Smooth Stone","SlaversCollar","Pear","Happy Flower","Bag of Marbles","Red Mask","Anchor"],"acts_visited":["Exordium","TheCity","TheBeyond"],"potions_floor_usage":[39,42,46,48],"damage_taken":[{"damage":0.0,"enemies":"Cultist","floor":1.0,"turns":1.0},{"damage":0.0,"enemies":"2 Louse","floor":4.0,"turns":1.0},{"damage":0.0,"enemies":"3 Sentries","floor":6.0,"turns":2.0},{"damage":13.0,"enemies":"Jaw Worm","floor":7.0,"turns":5.0},{"damage":30.0,"enemies":"Lagavulin","floor":8.0,"turns":7.0},{"damage":15.0,"enemies":"Exordium Thugs","floor":12.0,"turns":5.0},{"damage":6.0,"enemies":"Exordium Wildlife","floor":13.0,"turns":6.0},{"damage":37.0,"enemies":"The Guardian","floor":16.0,"turns":9.0},{"damage":20.0,"enemies":"3 Byrds","floor":18.0,"turns":3.0},{"damage":9.0,"enemies":"Chosen","floor":19.0,"turns":7.0},{"damage":24.0,"enemies":"Snecko","floor":21.0,"turns":5.0},{"damage":5.0,"enemies":"Centurion and Healer","floor":27.0,"turns":5.0},{"damage":48.0,"enemies":"Automaton","floor":33.0,"turns":11.0},{"damage":17.0,"enemies":"3 Shapes","floor":35.0,"turns":10.0},{"damage":15,"enemies":"3 Darklings","floor":37,"turns":4},{"damage":54,"enemies":"Transient","floor":39,"turns":5},{"damage":42,"enemies":"Reptomancer","floor":41,"turns":8},{"damage":5,"enemies":"Sphere and 2 Shapes","floor":42,"turns":6},{"damage":12,"enemies":"Maw","floor":46,"turns":9},{"damage":21,"enemies":"Giant Head","floor":48,"turns":10}],"seed_played":"-5792303422243995931","potions_obtained":[{"floor":1.0,"key":"GhostInAJar"},{"floor":4.0,"key":"Swift Potion"},{"floor":6.0,"key":"AttackPotion"},{"floor":13.0,"key":"Regen Potion"},{"floor":37,"key":"Energy Potion"},{"floor":41,"key":"Block Potion"},{"floor":46,"key":"ColorlessPotion"}],"is_trial":false,"path_per_floor":["M","$","?","M","?","E","M","E","T","$","T","M","M","T","R","B",null,"M","M","?","M","?","R","?","R","T","M","R","?","$","?","R","B",null,"M","$","M","?","M","R","E","M","T","$","?","M","?","E"],"character_chosen":"THE_SILENT","items_purchased":["Lee\u0027s Waffle","DollysMirror","Oddly Smooth Stone","Bag of Marbles","Crippling Poison+1","ColorlessPotion"],"campfire_rested":4,"item_purchase_floors":[10,30,30,44,44,44],"current_hp_per_floor":[63,63,56,56,49,49,36,6,6,77,77,62,56,56,56,19,63,43,34,34,10,10,33,33,56,56,51,74,74,74,74,74,26,64,47,47,32,32,24,47,15,10,10,10,10,13,13,0,0],"gold":16,"neow_bonus":"THREE_ENEMY_KILL","is_daily":false,"chose_seed":false,"campfire_upgraded":2,"win_rate":0.0,"timestamp":1613312288,"path_taken":["M","$","?","M","?","E","M","E","T","$","?","?","M","?","R","BOSS","M","M","?","?","?","R","?","R","T","M","R","?","$","?","R","BOSS","M","$","M","?","?","R","E","M","T","$","?","M","?","E"],"items_purchased_type":["Relic","Relic","Relic","Relic","Card","Potion"],"build_version":"2020-12-22","purchased_purges":1,"victory":false,"max_hp_per_floor":[70,70,70,70,70,70,70,70,70,77,77,77,77,77,77,77,77,77,77,77,77,77,77,77,77,77,77,77,77,77,77,77,77,77,77,77,77,77,77,77,87,87,87,87,87,87,87,87,87],"card_choices":[{"not_picked":["Dodge and Roll","Outmaneuver"],"picked":"Noxious Fumes","floor":1.0},{"not_picked":["Backflip","Accuracy"],"picked":"Deadly Poison","floor":4.0},{"not_picked":["Flying Knee","Eviscerate","Cloak And Dagger"],"picked":"SKIP","floor":6.0},{"not_picked":["Distraction","Dagger Spray","Prepared"],"picked":"SKIP","floor":7.0},{"not_picked":["Dagger Spray","Dodge and Roll"],"picked":"Corpse Explosion","floor":8.0},{"not_picked":["Dagger Spray","Caltrops"],"picked":"PiercingWail","floor":12.0},{"not_picked":["Prepared","Flying Knee","Tactician"],"picked":"SKIP","floor":13.0},{"not_picked":["Glass Knife","Wraith Form v2","Tools of the Trade"],"picked":"After Image","floor":16.0},{"not_picked":["Dagger Spray","Outmaneuver+1","Choke+1","Slice"],"picked":"SKIP","floor":18.0},{"not_picked":["Backflip+1","Underhanded Strike","Dagger Spray"],"picked":"Deadly Poison+1","floor":19.0},{"not_picked":["Reflex+1","Poisoned Stab+1","Blade Dance+1"],"picked":"Backflip+1","floor":21.0},{"not_picked":["Deflect+1","Acrobatics+1","Cloak And Dagger+1"],"picked":"Bouncing Flask+1","floor":27.0},{"not_picked":["Bane","Expertise+1","Slice+1"],"picked":"Escape Plan+1","floor":35.0},{"not_picked":["Acrobatics+1","Leg Sweep+1","Blade Dance+1"],"picked":"Dodge and Roll+1","floor":37},{"not_picked":["Flying Knee","Poisoned Stab","Blade Dance+1","Backflip+1"],"picked":"SKIP","floor":39},{"not_picked":["Quick Slash+1","Underhanded Strike+1","Blade Dance+1"],"picked":"Escape Plan+1","floor":41},{"not_picked":["Dagger Throw","Underhanded Strike","Blade Dance+1"],"picked":"After Image","floor":42},{"not_picked":["Reflex+1","Concentrate+1","Poisoned Stab","Sucker Punch+1"],"picked":"SKIP","floor":46}],"player_experience":219254,"relics_obtained":[{"floor":6.0,"key":"Nunchaku"},{"floor":8.0,"key":"Kunai"},{"floor":9.0,"key":"Matryoshka"},{"floor":11.0,"key":"Ancient Tea Set"},{"floor":11.0,"key":"Snake Skull"},{"floor":14.0,"key":"Toxic Egg 2"},{"floor":14.0,"key":"Question Card"},{"floor":26.0,"key":"Orichalcum"},{"floor":41,"key":"Pear"},{"floor":43,"key":"Happy Flower"}],"event_choices":[{"damage_healed":0.0,"max_hp_gain":0.0,"max_hp_loss":0.0,"gold_gain":0.0,"event_name":"Scrap Ooze","player_choice":"Success","floor":3.0,"gold_loss":0.0,"damage_taken":7.0,"relics_obtained":["Lizard Tail"]},{"cards_removed":["Strike_G"],"damage_healed":0.0,"max_hp_gain":0.0,"max_hp_loss":0.0,"gold_gain":0.0,"event_name":"Golden Wing","player_choice":"Card Removal","floor":5.0,"gold_loss":0.0,"damage_taken":7.0},{"damage_healed":0.0,"max_hp_gain":0.0,"max_hp_loss":0.0,"gold_gain":0.0,"event_name":"Duplicator","player_choice":"Copied","floor":20.0,"gold_loss":0.0,"damage_taken":0.0,"cards_obtained":["After Image"]},{"damage_healed":0.0,"max_hp_gain":0.0,"max_hp_loss":0.0,"gold_gain":0.0,"event_name":"Ghosts","player_choice":"Ignored","floor":22.0,"gold_loss":0.0,"damage_taken":0.0},{"damage_healed":0.0,"max_hp_gain":0.0,"max_hp_loss":0.0,"gold_gain":99.0,"event_name":"Nest","player_choice":"Stole From Cult","floor":24.0,"gold_loss":0.0,"damage_taken":0.0},{"damage_healed":0.0,"max_hp_gain":0.0,"max_hp_loss":0.0,"gold_gain":0.0,"event_name":"The Library","player_choice":"Read","floor":29.0,"gold_loss":0.0,"damage_taken":0.0,"cards_obtained":["Footwork"]},{"damage_healed":0.0,"max_hp_gain":0.0,"max_hp_loss":0.0,"gold_gain":0.0,"event_name":"Vampires","player_choice":"Ignored","floor":31.0,"gold_loss":0.0,"damage_taken":0.0},{"damage_healed":0,"gold_gain":0,"player_choice":"Bought 0 Potions","damage_taken":0,"max_hp_gain":0,"max_hp_loss":0,"event_name":"The Woman in Blue","floor":38,"gold_loss":0},{"damage_healed":0,"gold_gain":0,"player_choice":"Paid","damage_taken":0,"relics_obtained":["Red Mask"],"max_hp_gain":0,"max_hp_loss":0,"event_name":"Tomb of Lord Red Mask","floor":45,"gold_loss":9},{"damage_healed":0,"gold_gain":0,"player_choice":"Gave Potion","damage_taken":0,"relics_obtained":["Anchor"],"max_hp_gain":0,"max_hp_loss":0,"event_name":"WeMeetAgain","floor":47,"gold_loss":0}],"is_beta":false,"boss_relics":[{"not_picked":["SacredBark","Cursed Key"],"picked":"Empty Cage"},{"not_picked":["Runic Pyramid","Coffee Dripper"],"picked":"SlaversCollar"}],"items_purged_floors":[36],"is_endless":false,"potions_floor_spawned":[1,4,6,13,19,21,27,37,41,46],"killed_by":"Giant Head","ascension_level":11}}