{"host":"onk0sru1v5nf4gev","time":1613266995,"event":{"mods":["AchievementEnabler","BaseMod","Downfall","Googly Eyes","Hermit","Minty Spire (QoL Compilation)","Quick Restart","Replay The Spire","StSLib","SuperFastMode","The Cursed"],"gold_per_floor":[111,57,72,72,88,88,102,114,166,166,166,28,28,39,39,137,137,151,151,15,31,130,130,142,153,153,167,167,167,17,17,29,29,29,126,126,141,141,91,0,0,0,0,0,300,57,137,156,156,167,167,167],"floor_reached":53,"language":"FRA","playtime":1518,"items_purged":["Writhe","FIFO Queue"],"score":670,"play_id":"997000fd-e977-41ef-9bdc-509156e57dc1","local_time":"20210214024315","is_ascension_mode":false,"campfire_choices":[{"data":"FIFO Queue","floor":6.0,"key":"SMITH"},{"data":"Zap","floor":13.0,"key":"SMITH"},{"data":"Defragment","floor":15.0,"key":"SMITH"},{"floor":23.0,"key":"REST"},{"floor":34.0,"key":"REST"},{"floor":42,"key":"REST"},{"floor":44,"key":"REST"},{"floor":51,"key":"REST"}],"circlet_count":0,"master_deck":["Strike_B","Strike_B","Strike_B","Defend_B","Defend_B","Defend_B","Defend_B","Zap+1","Dualcast","Tempest","FIFO Queue+1","Defragment+1","Tempest","Conserve Battery","Fission+1","Ball Lightning","Electrodynamics","Ball Lightning","ReplayTheSpireMod:Private Reserves+1","ReplayTheSpireMod:Private Reserves+1","Barrage+1","Redo","Static Discharge+1","Fission","Defragment","Madness","Chrysalis","Recycle+1","Madness","Madness"],"relics":["Cracked Core","NeowsBlessing","Mummified Hand","Geode","Blue Doll","Fusion Hammer","StoneCalendar","Replay:WaspNest","MutagenicStrength","Blue Candle","bronze:MakeshiftBattery","Red Mask","Old Coin","Bottled Flame","Replay:Bottled Eggs"],"acts_visited":["Exordium","TheCity","TheBeyond"],"potions_floor_usage":[50],"damage_taken":[{"damage":0.0,"enemies":"2 Louse","floor":1.0,"turns":1.0},{"damage":0.0,"enemies":"Cultist","floor":3.0,"turns":1.0},{"damage":0.0,"enemies":"Jaw Worm","floor":5.0,"turns":1.0},{"damage":16.0,"enemies":"Blue Slaver","floor":7.0,"turns":5.0},{"damage":14.0,"enemies":"Large Slime","floor":8.0,"turns":7.0},{"damage":6.0,"enemies":"3 Louse","floor":14.0,"turns":1.0},{"damage":50.0,"enemies":"Hexaghost","floor":16.0,"turns":7.0},{"damage":20.0,"enemies":"Spheric Guardian","floor":18.0,"turns":4.0},{"damage":10.0,"enemies":"Chosen","floor":21.0,"turns":3.0},{"damage":30.0,"enemies":"Snake Plant","floor":24.0,"turns":4.0},{"damage":0.0,"enemies":"Centurion and Healer","floor":25.0,"turns":2.0},{"damage":10.0,"enemies":"Chosen and Byrds","floor":27.0,"turns":3.0},{"damage":1.0,"enemies":"Cultist and Chosen","floor":32.0,"turns":3.0},{"damage":25.0,"enemies":"Automaton","floor":35.0,"turns":5.0},{"damage":5.0,"enemies":"Orb Walker","floor":37.0,"turns":2.0},{"damage":23,"enemies":"3 Shapes","floor":48,"turns":2},{"damage":31,"enemies":"Sphere and 2 Shapes","floor":50,"turns":3},{"damage":84,"enemies":"Donu and Deca","floor":52,"turns":5}],"seed_played":"-6804405121224610120","potions_obtained":[{"floor":3.0,"key":"FearPotion"},{"floor":8.0,"key":"Fire Potion"},{"floor":14.0,"key":"FairyPotion"},{"floor":25.0,"key":"hexamod:SoulburnPotion"},{"floor":27.0,"key":"Doom Potion"},{"floor":37.0,"key":"FairyPotion"}],"is_trial":false,"path_per_floor":["M","$","M","?","M","R","M","M","T","?","?","$","R","M","R","B",null,"M","?","$","M","?","R","M","M","T","M","PTL","PTL","$","?","M","?","R","B",null,"M","?","$","?","$","R","?","R","T","$","T","M","?","M","R","B",null],"character_chosen":"DEFECT","items_purchased":["FIFO Queue","Fission+1","Ball Lightning","ReplayTheSpireMod:Private Reserves","Block Potion","Fire Potion","Bottled Flame"],"campfire_rested":5,"item_purchase_floors":[2,12,12,20,30,39,46],"current_hp_per_floor":[75,75,75,75,75,75,59,45,45,70,67,67,67,61,61,11,75,55,55,55,45,45,67,37,37,37,27,27,27,27,27,26,21,43,18,75,70,65,65,65,65,75,75,75,75,75,75,52,43,12,34,6],"gold":167,"neow_bonus":"THREE_ENEMY_KILL","is_daily":false,"chose_seed":false,"campfire_upgraded":3,"win_rate":0.0,"timestamp":1613266995,"path_taken":["M","$","M","?","M","R","?","M","T","?","?","?","R","M","R","BOSS","M","?","$","M","?","R","M","M","T","M","PTL","PTL","$","?","?","?","R","BOSS","M","?","$","?","?","R","?","R","T","$","?","M","?","M","R","BOSS"],"items_purchased_type":["Card","Card","Card","Card","Potion","Potion","Relic"],"build_version":"2020-12-22","purchased_purges":2,"victory":true,"max_hp_per_floor":[75,75,75,75,75,75,75,75,75,75,75,75,75,75,75,75,75,75,75,75,75,75,75,75,75,75,75,75,75,75,75,75,75,75,75,75,75,75,75,75,75,75,75,75,75,75,75,75,75,75,75,75],"card_choices":[{"not_picked":["Gash","Lockon"],"picked":"Tempest","floor":1.0},{"not_picked":["Recycle","Time Bomb"],"picked":"Defragment","floor":3.0},{"not_picked":["Streamline","Storm","Undo"],"picked":"SKIP","floor":5.0},{"not_picked":["Stack","FTL"],"picked":"Tempest","floor":7.0},{"not_picked":["Sunder","Skim"],"picked":"Conserve Battery","floor":8.0},{"not_picked":["Cold Snap","Doom and Gloom","Panic Button"],"picked":"SKIP","floor":14.0},{"not_picked":["Core Surge","Echo Form"],"picked":"Electrodynamics","floor":16.0},{"not_picked":["Storm","BasicCrystalCard"],"picked":"Ball Lightning","floor":18.0},{"not_picked":["Gash+1","ReplayTheSpireMod:Reroute Power+1","Time Bomb"],"picked":"SKIP","floor":21.0},{"not_picked":["Aggregate+1","Scrape"],"picked":"Barrage+1","floor":24.0},{"not_picked":["Rip and Tear","BasicCrystalCard+1"],"picked":"Redo","floor":25.0},{"not_picked":["Recycle+1","Capacitor","Time Bomb"],"picked":"SKIP","floor":27.0},{"not_picked":["Hologram","Gash+1"],"picked":"Static Discharge+1","floor":32.0},{"not_picked":["Buffer","Mirror Shield"],"picked":"Fission","floor":35.0},{"not_picked":["Ball Lightning+1","Gash+1"],"picked":"Defragment","floor":37.0},{"not_picked":["Midas Touch","Bandage Up"],"picked":"Madness","floor":38.0},{"not_picked":["Deep Breath","Sadistic Nature"],"picked":"Chrysalis","floor":38.0},{"not_picked":["Blizzard+1","Leap+1"],"picked":"Recycle+1","floor":48},{"not_picked":["Fusion","Hologram+1","Turbo+1"],"picked":"SKIP","floor":50}],"player_experience":280484,"relics_obtained":[{"floor":9.0,"key":"Geode"},{"floor":26.0,"key":"Replay:WaspNest"},{"floor":45,"key":"Old Coin"},{"floor":47,"key":"Replay:Bottled Eggs"}],"event_choices":[{"damage_healed":0.0,"max_hp_gain":0.0,"max_hp_loss":0.0,"gold_gain":0.0,"event_name":"WeMeetAgain","player_choice":"Gave Potion","floor":4.0,"gold_loss":0.0,"damage_taken":0.0,"relics_obtained":["Mummified Hand"]},{"damage_healed":25.0,"max_hp_gain":0.0,"max_hp_loss":0.0,"gold_gain":0.0,"event_name":"Big Fish","player_choice":"Banana","floor":10.0,"gold_loss":0.0,"damage_taken":0.0},{"damage_healed":0.0,"max_hp_gain":0.0,"max_hp_loss":0.0,"gold_gain":0.0,"event_name":"Scrap Ooze","player_choice":"Success","floor":11.0,"gold_loss":0.0,"damage_taken":3.0,"relics_obtained":["Blue Doll"]},{"damage_healed":0.0,"max_hp_gain":0.0,"max_hp_loss":0.0,"gold_gain":0.0,"event_name":"The Mausoleum","player_choice":"Opened","floor":19.0,"gold_loss":0.0,"damage_taken":0.0,"relics_obtained":["StoneCalendar"],"cards_obtained":["Writhe"]},{"damage_healed":0.0,"max_hp_gain":0.0,"max_hp_loss":0.0,"gold_gain":99.0,"event_name":"Nest","player_choice":"Stole From Cult","floor":22.0,"gold_loss":0.0,"damage_taken":0.0},{"damage_healed":0.0,"max_hp_gain":0.0,"max_hp_loss":0.0,"gold_gain":0.0,"event_name":"Drug Dealer","player_choice":"Inject Mutagens","floor":31.0,"gold_loss":0.0,"damage_taken":0.0,"relics_obtained":["MutagenicStrength"]},{"damage_healed":0.0,"max_hp_gain":0.0,"max_hp_loss":0.0,"gold_gain":0.0,"event_name":"SensoryStone","player_choice":"Memory 2","floor":38.0,"gold_loss":0.0,"damage_taken":5.0},{"damage_healed":0,"gold_gain":0,"player_choice":"Paid","damage_taken":0,"relics_obtained":["Red Mask"],"max_hp_gain":0,"max_hp_loss":0,"event_name":"Tomb of Lord Red Mask","floor":40,"gold_loss":91},{"cards_removed":["Strike_B"],"damage_healed":0,"gold_gain":0,"player_choice":"Removed Attack","damage_taken":0,"max_hp_gain":0,"max_hp_loss":0,"event_name":"Falling","floor":43,"gold_loss":0},{"damage_healed":0,"gold_gain":0,"player_choice":"Embrace Madness","damage_taken":9,"max_hp_gain":0,"max_hp_loss":0,"event_name":"Winding Halls","floor":49,"gold_loss":0,"cards_obtained":["Madness","Madness"]}],"is_beta":false,"boss_relics":[{"not_picked":["Cursed Key","SlaversCollar"],"picked":"Fusion Hammer"},{"not_picked":["Black Star","Snecko Eye"],"picked":"bronze:MakeshiftBattery"}],"items_purged_floors":[20,30],"is_endless":false,"potions_floor_spawned":[3,8,14,25,27,37],"ascension_level":0}}