{"host":"kwnkf6oe0hofj7pp","time":1613326999,"event":{"mods":["AchievementEnabler","BaseMod","Colored Map","Colored Powertips","Curses Come First","DeckTracker","Highlight Path","Minty Spire (QoL Compilation)","Permanent Neow","Quick Restart","Random Character Button","Rare Cards Sparkle","Relic Sorter","Relic Stats","StSLib","SuperFastMode","Unceasing Turn Reminder","everything is the same but u backflip on backflip"],"gold_per_floor":[117,134,134,55,71,101,7,7,7,34,34,109,109,109,109,214,214,227,277,287,15,25,25,42,42,66,79,90,90,124,138,138,233,233,251,270,270,283,84,84,98,98,98,98,111,129,129,0,0,0],"floor_reached":51,"language":"ENG","playtime":6786,"items_purged":["Defend_G"],"score":619,"play_id":"b66da264-a44d-4736-9469-6507dd41511d","local_time":"20210214192319","is_ascension_mode":false,"campfire_choices":[{"data":"Malaise","floor":8,"key":"SMITH"},{"data":"Noxious Fumes","floor":13,"key":"SMITH"},{"data":"Neutralize","floor":15,"key":"SMITH"},{"data":"Tools of the Trade","floor":23,"key":"SMITH"},{"data":"Prepared","floor":25,"key":"SMITH"},{"data":"Malaise","floor":29,"key":"SMITH"},{"floor":32,"key":"REST"},{"data":"Bullet Time","floor":40,"key":"SMITH"},{"data":"Burst","floor":42,"key":"SMITH"},{"data":"Panache","floor":44,"key":"SMITH"},{"floor":49,"key":"REST"}],"circlet_count":0,"master_deck":["Strike_G","Strike_G","Strike_G","Defend_G","Defend_G+1","Defend_G","Survivor","Neutralize+1","Finesse","Noxious Fumes+1","Dagger Spray","Malaise+1","Backflip+1","Well Laid Plans","Dash+1","Malaise+1","Tools of the Trade+1","Eviscerate+1","Glass Knife+1","Noxious Fumes+1","Outmaneuver+1","Panache+1","Slice+1","Tools of the Trade+1","Prepared+1","Crippling Poison+1","Terror","Bullet Time+1","Backflip+1","Burst+1","Leg Sweep+1","Blur+1","Backflip"],"relics":["Ring of the Snake","Tingsha","Lantern","Molten Egg 2","Odd Mushroom","Centennial Puzzle","Astrolabe","Anchor","Pocketwatch","Philosopher\u0027s Stone","Snake Skull","Darkstone Periapt","Red Mask"],"acts_visited":["Exordium","TheCity","TheBeyond"],"potions_floor_usage":[6,18,33,33,47,50],"damage_taken":[{"damage":0,"enemies":"Jaw Worm","floor":1,"turns":7},{"damage":0,"enemies":"Small Slimes","floor":2,"turns":3},{"damage":0,"enemies":"2 Louse","floor":5,"turns":2},{"damage":1,"enemies":"3 Sentries","floor":6,"turns":5},{"damage":3,"enemies":"The Mushroom Lair","floor":10,"turns":4},{"damage":3,"enemies":"The Guardian","floor":16,"turns":11},{"damage":0,"enemies":"Spheric Guardian","floor":18,"turns":3},{"damage":0,"enemies":"Shell Parasite","floor":20,"turns":4},{"damage":12,"enemies":"Sentry and Sphere","floor":22,"turns":5},{"damage":3,"enemies":"Snake Plant","floor":24,"turns":4},{"damage":0,"enemies":"Chosen and Byrds","floor":27,"turns":5},{"damage":6,"enemies":"Centurion and Healer","floor":28,"turns":4},{"damage":14,"enemies":"Slavers","floor":30,"turns":5},{"damage":2,"enemies":"Shelled Parasite and Fungi","floor":31,"turns":4},{"damage":21,"enemies":"Automaton","floor":33,"turns":8},{"damage":18,"enemies":"3 Darklings","floor":35,"turns":3},{"damage":0,"enemies":"Orb Walker","floor":36,"turns":3},{"damage":0,"enemies":"4 Shapes","floor":38,"turns":4},{"damage":3,"enemies":"Transient","floor":41,"turns":5},{"damage":0,"enemies":"Jaw Worm Horde","floor":45,"turns":4},{"damage":6,"enemies":"Sphere and 2 Shapes","floor":46,"turns":4},{"damage":0,"enemies":"Spire Growth","floor":47,"turns":1},{"damage":6,"enemies":"Time Eater","floor":50,"turns":11}],"seed_played":"5431865311178219605","potions_obtained":[{"floor":2,"key":"SteroidPotion"},{"floor":5,"key":"FearPotion"},{"floor":16,"key":"AttackPotion"},{"floor":20,"key":"LiquidBronze"},{"floor":22,"key":"BlessingOfTheForge"},{"floor":33,"key":"SteroidPotion"},{"floor":36,"key":"SmokeBomb"},{"floor":38,"key":"GamblersBrew"},{"floor":46,"key":"Dexterity Potion"}],"is_trial":false,"path_per_floor":["M","M","?","$","M","E","$","R","T","?","?","?","R","?","R","B",null,"M","?","M","$","M","R","M","R","T","M","M","R","E","M","R","B",null,"M","M","?","M","$","R","M","R","T","R","M","M","M","?","R","B",null],"character_chosen":"THE_SILENT","items_purchased":["Noxious Fumes","Backflip","Well Laid Plans","Panache","Slice+1","Snake Skull","Backflip"],"campfire_rested":2,"item_purchase_floors":[4,7,7,21,21,39,39],"current_hp_per_floor":[70,70,63,63,63,62,62,62,62,59,45,34,34,34,34,31,70,70,70,70,70,58,58,55,55,55,55,49,49,35,33,54,33,70,52,52,70,70,70,70,67,67,67,67,67,61,61,61,70,64],"gold":0,"neow_bonus":"RANDOM_COLORLESS","is_daily":false,"chose_seed":false,"campfire_upgraded":9,"win_rate":0.0,"timestamp":1613326999,"path_taken":["M","M","?","$","M","E","$","R","T","?","?","?","R","?","R","BOSS","M","?","M","$","M","R","M","R","T","M","M","R","E","M","R","BOSS","M","M","?","M","$","R","?","R","T","R","M","M","M","?","R","BOSS"],"items_purchased_type":["Card","Card","Card","Card","Card","Relic","Card"],"build_version":"2020-12-22","purchased_purges":1,"victory":true,"max_hp_per_floor":[70,70,70,70,70,70,70,70,70,70,70,70,70,70,70,70,70,70,70,70,70,70,70,70,70,70,70,70,70,70,70,70,70,70,70,70,70,70,70,70,70,70,70,70,70,70,70,70,70,70],"relic_stats":{"Darkstone Periapt":0,"Centennial Puzzle":[33],"counters":[23,109],"Astrolabe":["Tools of the Trade","Eviscerate","Glass Knife"],"Tingsha":[265],"Snake Skull":[23],"obtain_stats":[{"Darkstone Periapt":43,"Lantern":6,"Astrolabe":17,"Tingsha":3,"Snake Skull":39,"Odd Mushroom":10,"Centennial Puzzle":14,"Anchor":26,"Molten Egg 2":9,"Philosopher\u0027s Stone":34,"Red Mask":48,"Ring of the Snake":0,"Pocketwatch":30},{"Darkstone Periapt":19,"Lantern":4,"Astrolabe":6,"Tingsha":2,"Snake Skull":18,"Odd Mushroom":5,"Centennial Puzzle":5,"Anchor":10,"Molten Egg 2":4,"Philosopher\u0027s Stone":15,"Red Mask":22,"Ring of the Snake":0,"Pocketwatch":13},{"Darkstone Periapt":89,"Lantern":17,"Astrolabe":32,"Tingsha":10,"Snake Skull":84,"Odd Mushroom":21,"Centennial Puzzle":21,"Anchor":48,"Molten Egg 2":17,"Philosopher\u0027s Stone":74,"Red Mask":98,"Ring of the Snake":0,"Pocketwatch":62}],"Ring of the Snake":[46],"Pocketwatch":[20]},"card_choices":[{"not_picked":["Deep Breath","Good Instincts"],"picked":"Finesse","floor":0},{"not_picked":["Dodge and Roll","Prepared"],"picked":"Slice","floor":1},{"not_picked":["Acrobatics","Dodge and Roll"],"picked":"Masterful Stab","floor":2},{"not_picked":["Predator","Blade Dance"],"picked":"Dagger Spray","floor":5},{"not_picked":["Acrobatics","Dagger Spray"],"picked":"Malaise","floor":6},{"not_picked":["Acrobatics","Crippling Poison"],"picked":"Dash+1","floor":10},{"not_picked":["Burst","Glass Knife+1"],"picked":"Malaise","floor":16},{"not_picked":["Flying Knee+1","Poisoned Stab+1"],"picked":"Noxious Fumes+1","floor":18},{"not_picked":["Dagger Spray+1","Blade Dance+1"],"picked":"Outmaneuver+1","floor":20},{"not_picked":["Noxious Fumes+1","PiercingWail"],"picked":"Tools of the Trade","floor":22},{"not_picked":["Dagger Spray+1","Flechettes+1"],"picked":"Prepared","floor":24},{"not_picked":["Backstab+1","Heel Hook+1"],"picked":"Crippling Poison+1","floor":27},{"not_picked":["All Out Attack+1","Slice+1"],"picked":"Terror","floor":28},{"not_picked":["Deadly Poison","Dagger Spray+1"],"picked":"Bullet Time","floor":30},{"not_picked":["PiercingWail","Eviscerate+1"],"picked":"Backflip+1","floor":31},{"not_picked":["Die Die Die+1","Night Terror"],"picked":"Burst","floor":33},{"not_picked":["Blade Dance","Outmaneuver"],"picked":"Leg Sweep+1","floor":35},{"not_picked":["Backstab+1","Quick Slash+1","Deadly Poison"],"picked":"SKIP","floor":36},{"not_picked":["Caltrops","Poisoned Stab+1"],"picked":"Blur+1","floor":38},{"not_picked":["Crippling Poison","Quick Slash+1","Underhanded Strike+1"],"picked":"SKIP","floor":41},{"not_picked":["Quick Slash+1","Dagger Throw+1","Distraction"],"picked":"SKIP","floor":45},{"not_picked":["Dagger Spray+1","Masterful Stab+1","Die Die Die+1"],"picked":"SKIP","floor":46}],"player_experience":30773,"relics_obtained":[{"floor":6,"key":"Lantern"},{"floor":9,"key":"Molten Egg 2"},{"floor":10,"key":"Odd Mushroom"},{"floor":26,"key":"Anchor"},{"floor":30,"key":"Pocketwatch"},{"floor":43,"key":"Darkstone Periapt"}],"event_choices":[{"damage_healed":0,"gold_gain":0,"player_choice":"Success","damage_taken":7,"relics_obtained":["Tingsha"],"max_hp_gain":0,"max_hp_loss":0,"event_name":"Scrap Ooze","floor":3,"gold_loss":0},{"damage_healed":0,"gold_gain":0,"player_choice":"Fought Mushrooms","damage_taken":0,"max_hp_gain":0,"max_hp_loss":0,"event_name":"Mushrooms","floor":10,"gold_loss":0},{"damage_healed":0,"gold_gain":0,"player_choice":"Entered Light","damage_taken":14,"max_hp_gain":0,"max_hp_loss":0,"event_name":"Shining Light","floor":11,"gold_loss":0,"cards_upgraded":["Defend_G","Backflip"]},{"damage_healed":0,"gold_gain":75,"player_choice":"Gather Gold","damage_taken":11,"max_hp_gain":0,"max_hp_loss":0,"event_name":"World of Goop","floor":12,"gold_loss":0},{"cards_removed":["Slice"],"damage_healed":0,"gold_gain":0,"player_choice":"Gave Card","damage_taken":0,"relics_obtained":["Centennial Puzzle"],"max_hp_gain":0,"max_hp_loss":0,"event_name":"WeMeetAgain","floor":14,"gold_loss":0},{"damage_healed":0,"gold_gain":100,"player_choice":"Bet on Murderer","damage_taken":0,"max_hp_gain":0,"max_hp_loss":0,"event_name":"The Joust","floor":19,"gold_loss":50},{"cards_removed":["Masterful Stab"],"damage_healed":18,"gold_gain":0,"player_choice":"Offered Uncommon","damage_taken":0,"max_hp_gain":0,"max_hp_loss":0,"event_name":"Bonfire Elementals","floor":37,"gold_loss":0},{"damage_healed":0,"gold_gain":0,"player_choice":"Paid","damage_taken":0,"relics_obtained":["Red Mask"],"max_hp_gain":0,"max_hp_loss":0,"event_name":"Tomb of Lord Red Mask","floor":48,"gold_loss":129}],"is_beta":false,"boss_relics":[{"not_picked":["WristBlade","Calling Bell"],"picked":"Astrolabe"},{"not_picked":["Busted Crown","Black Star"],"picked":"Philosopher\u0027s Stone"}],"items_purged_floors":[21],"is_endless":false,"potions_floor_spawned":[2,5,16,20,22,24,33,36,38,46],"ascension_level":0}}