{"host":"hl3ams4am2ku5u4p","time":1613317994,"event":{"mods":["AchievementEnabler","Act Like it!","Aspiration","BaseMod","Beaked The Cultist","BetterRewards","CatGirl Mod","Colored Map","Colored Powertips","Conspire","Downfall","Energized Spire","Halation","Hallownest","HornydragonMod","Hubris","Infinite Spire","Jedi Mod","Mad Scientist","Magitek Elite","Minty Spire (QoL Compilation)","READ ME - Guardian Mod","Replay The Spire","Spikes Relics","StSLib","SuperFastMode","The Blackbeard","The Bug Knight","The Construct","The Disciple","The Jungle","The Mystic","The Necromancer","The Senshi"],"gold_per_floor":[99,116,116,129,149,149,172,172,172,191,202,202,214,244,260,362,362,262,274,274,274,274],"floor_reached":20,"language":"FRA","playtime":1481,"items_purged":[],"score":176,"play_id":"0c1d9248-8f88-4448-886d-bb3a3f133115","local_time":"20210214165314","is_ascension_mode":false,"campfire_choices":[{"data":"hexamod:ParanormalForm","floor":1,"key":"SMITH"},{"data":"hexamod:HeatCrush","floor":6,"key":"SMITH"},{"data":"hexamod:CatchUp","floor":9,"key":"SMITH"},{"data":"hexamod:GhostLash","floor":12,"key":"SMITH"},{"data":"beaked:WalkersFury","floor":18,"key":"SMITH"}],"circlet_count":0,"master_deck":["hexamod:Strike","hexamod:Strike","hexamod:Strike","hexamod:Strike","hexamod:Defend","hexamod:Defend","hexamod:Defend","hexamod:Defend","hexamod:Sear","hexamod:Float","hexamod:ParanormalForm+1","hexamod:CatchUp+1","Injury","hexamod:HeatCrush+1","hexamod:GhostLash+1","hexamod:NightmareGuise+1","hexamod:Again+1","hexamod:GhostLash","Pot Of Greed+1","Pot Of Greed+1","hexamod:GhostflameBarrier+1","hexamod:ExtraCrispy","hexamod:GhostflameInferno+1","beaked:WalkersFury+1","hexamod:SkipABeat+1"],"relics":["hexamod:SpiritBrand","Toxic Egg 2","Art of War","Grinning Jar","beaked:SacredDeck","downfall:HeartBlessingGreen"],"acts_visited":["Exordium","Exordium"],"potions_floor_usage":[14,14,14],"damage_taken":[{"damage":1,"enemies":"2 Louse","floor":2,"turns":4},{"damage":1,"enemies":"Jaw Worm","floor":4,"turns":4},{"damage":6,"enemies":"Cultist","floor":5,"turns":3},{"damage":0,"enemies":"Large Slime","floor":10,"turns":4},{"damage":9,"enemies":"Gremlin Gang","floor":11,"turns":5},{"damage":4,"enemies":"Blue Slaver","floor":13,"turns":4},{"damage":15,"enemies":"3 Sentries","floor":14,"turns":7},{"damage":10,"enemies":"downfall:LooterAlt","floor":15,"turns":3},{"damage":22,"enemies":"SI_SHIV_ARCHETYPE","floor":16,"turns":7},{"damage":25,"enemies":"Hallownest:2_Mistakes","floor":19,"turns":7},{"damage":0,"enemies":"Hallownest:Guard_and_Sentry","floor":20,"turns":1}],"seed_played":"7992452346325057910","potions_obtained":[{"floor":5,"key":"SkillPotion"},{"floor":10,"key":"champ:CounterPotion"},{"floor":11,"key":"Guardian:BlockOnCardUsePotion"},{"floor":19,"key":"GamblersBrew"}],"is_trial":false,"path_per_floor":["R","M","?","M","M","R","T","?","R","M","M","R","M","E","M","B",null,"R","M","M"],"character_chosen":"THE_SPIRIT","items_purchased":[],"campfire_rested":0,"item_purchase_floors":[],"current_hp_per_floor":[70,69,69,68,62,62,62,62,62,62,53,53,49,34,24,2,70,70,45,45,45,45],"gold":274,"neow_bonus":"ONE_RANDOM_RARE_CARD","is_daily":false,"chose_seed":false,"campfire_upgraded":5,"win_rate":0.0,"timestamp":1613317994,"path_taken":["R","M","?","M","M","R","T","?","R","M","M","R","?","E","M","BOSS","R","M","M"],"items_purchased_type":[],"build_version":"2020-12-22","purchased_purges":0,"victory":false,"max_hp_per_floor":[70,70,70,70,70,70,70,70,70,70,70,70,70,70,70,70,70,70,70,70,70,70],"card_choices":[{"not_picked":["hexamod:AdvancingGuard","hexamod:Haunt"],"picked":"hexamod:CatchUp","floor":2},{"not_picked":["hexamod:FourthSeal","hexamod:ShieldOfDarkness+1"],"picked":"hexamod:HeatCrush","floor":4},{"not_picked":["hexamod:Hexaguard+1","hexamod:NightmareStrike"],"picked":"hexamod:GhostLash","floor":5},{"not_picked":["hexamod:AdvancingGuard+1","hexamod:SwordOfDarkness"],"picked":"hexamod:NightmareGuise+1","floor":10},{"not_picked":["hexamod:NightmareStrike","hexamod:HeatMetal"],"picked":"hexamod:Again+1","floor":11},{"not_picked":["hexamod:PhantomCloak","hexamod:NightmareStrike"],"picked":"hexamod:GhostLash","floor":13},{"not_picked":["hexamod:EtherealExpedition+1","hexamod:HeatMetal"],"picked":"hexamod:GhostflameBarrier+1","floor":14},{"not_picked":["hexamod:InspiringFlames+1","hexamod:ThermalTransfer"],"picked":"hexamod:ExtraCrispy","floor":15},{"not_picked":["hexamod:TimeWarp","hexamod:UnlimitedPower+1"],"picked":"hexamod:GhostflameInferno+1","floor":16},{"not_picked":["hexamod:NightmareGuise+1","hexamod:BacktrackSmack"],"picked":"hexamod:SkipABeat+1","floor":19}],"player_experience":79715,"relics_obtained":[{"floor":7,"key":"Art of War"},{"floor":14,"key":"Grinning Jar"}],"event_choices":[],"is_beta":false,"boss_relics":[{"not_picked":["Replay:Grab Bag","Kintsugi"],"picked":"beaked:SacredDeck"}],"items_purged_floors":[],"is_endless":false,"potions_floor_spawned":[5,10,11,13,19],"killed_by":"Hallownest:Guard_and_Sentry","ascension_level":0}}