{"host":"96w701my2iz5vq9x","time":1613322624,"event":{"mods":["AchievementEnabler","BaseMod","Better Vampires","Minty Spire (QoL Compilation)","SOS（斯巴达之子）","Shop Mod","StSLib","[GremlinLeader]The Maniac","【功能Mod】聪明的最终Boss"],"gold_per_floor":[116,145,70,70,22,54,54,72,98,115,134,134,134,152,152,152,152],"floor_reached":16,"language":"ZHS","playtime":1012,"items_purged":["Attack_a"],"score":127,"play_id":"a4ce2823-c8c2-4602-9824-d25f73be7fe4","local_time":"20210215011024","is_ascension_mode":false,"campfire_choices":[{"data":"Provocation","floor":7,"key":"SMITH"},{"data":"Rebellion","floor":12,"key":"SMITH"},{"data":"EbonyIvory","floor":15,"key":"SMITH"}],"circlet_count":0,"master_deck":["Attack_a","Attack_b","Shoot","Shoot","Provocation+1","Defend_Dante","Defend_Dante","Defend_Dante","Redorb","Stinger","Greenorb","EbonyIvory+1","Honeycombofire","DT","Whiteorb","Rebellion+1","GilgameshcomboA"],"relics":["SSS","Combocheck","NeowsBlessing","Centennial Puzzle","Omamori","Potion Belt"],"acts_visited":["Exordium"],"potions_floor_usage":[14,16,16],"damage_taken":[{"damage":0,"enemies":"2 Louse","floor":1,"turns":1},{"damage":0,"enemies":"Jaw Worm","floor":2,"turns":1},{"damage":0,"enemies":"Lagavulin","floor":6,"turns":1},{"damage":6,"enemies":"Small Slimes","floor":8,"turns":4},{"damage":3,"enemies":"3 Louse","floor":10,"turns":2},{"damage":20,"enemies":"Large Slime","floor":11,"turns":6},{"damage":8,"enemies":"Exordium Thugs","floor":14,"turns":3},{"damage":56,"enemies":"The Guardian","floor":16,"turns":8}],"seed_played":"-4213366679260302018","potions_obtained":[{"floor":1,"key":"Strength Potion"},{"floor":6,"key":"Swift Potion"},{"floor":8,"key":"DuplicationPotion"},{"floor":11,"key":"DuplicationPotion"}],"is_trial":false,"path_per_floor":["M","M","$","?","$","E","R","M","T","M","M","R","?","M","R","B"],"character_chosen":"DANTE","items_purchased":["EbonyIvory"],"campfire_rested":0,"item_purchase_floors":[5],"current_hp_per_floor":[80,80,80,73,73,73,73,76,76,76,56,56,53,52,52,0,0],"gold":152,"neow_bonus":"THREE_ENEMY_KILL","is_daily":false,"chose_seed":false,"campfire_upgraded":3,"win_rate":0.0,"timestamp":1613322624,"path_taken":["M","M","$","?","$","E","R","M","T","M","M","R","?","M","R","BOSS"],"items_purchased_type":["Card"],"build_version":"2020-12-22","purchased_purges":1,"victory":false,"max_hp_per_floor":[80,80,80,80,80,80,80,80,80,80,80,80,80,80,80,80,80],"card_choices":[{"not_picked":["Millionstab","Dash1"],"picked":"Stinger","floor":1},{"not_picked":["Ecstasy","LucifercomboD"],"picked":"Greenorb","floor":2},{"not_picked":["Gilgamesh","Stinger"],"picked":"Honeycombofire","floor":6},{"not_picked":["Royaldefend","Millionkick"],"picked":"DT","floor":8},{"not_picked":["Ecstasy","Stinger"],"picked":"Whiteorb","floor":10},{"not_picked":["Shock","Weaponupgrade"],"picked":"Rebellion","floor":11},{"not_picked":["BeastUppercut","Airhike"],"picked":"GilgameshcomboA","floor":14}],"player_experience":375669,"relics_obtained":[{"floor":6,"key":"Centennial Puzzle"},{"floor":9,"key":"Omamori"}],"event_choices":[{"cards_removed":["Defend_Dante"],"damage_healed":0,"gold_gain":0,"player_choice":"Card Removal","damage_taken":7,"max_hp_gain":0,"max_hp_loss":0,"event_name":"Golden Wing","floor":4,"gold_loss":0},{"damage_healed":0,"gold_gain":0,"player_choice":"Success","damage_taken":3,"relics_obtained":["Potion Belt"],"max_hp_gain":0,"max_hp_loss":0,"event_name":"Scrap Ooze","floor":13,"gold_loss":0}],"is_beta":false,"boss_relics":[],"items_purged_floors":[3],"is_endless":false,"potions_floor_spawned":[1,6,8,11],"killed_by":"The Guardian","ascension_level":0}}