{"host":"4anqaax1ytd3l1k1","time":1613263883,"event":{"mods":["2.2 Compatiblity","AlwaysNeverKeys","BaseMod","BetterRewards","Duelist Mod","Hermit","HexUI Lib","Minty Spire (QoL Compilation)","StSLib","The Animator","The Servant 0.9.4","The Showman","The Vixen"],"gold_per_floor":[113,130,141,161,176,203,203,222,222,222,222,250,250,95,95,200,200,216,7,20,47,61,61,96,96,96,96,96,108,56,74,74,173,173,184,184,194,207,207,239,257,257,257,105,123,143,143,143,143],"floor_reached":48,"language":"ENG","playtime":3668,"items_purged":["Strike_S","Strike_S"],"score":644,"play_id":"cb855481-6d1f-43fc-a7cb-c59fbafe74a6","local_time":"20210214115123","is_ascension_mode":false,"campfire_choices":[{"floor":7.0,"key":"REST"},{"floor":10.0,"key":"REST"},{"floor":13.0,"key":"REST"},{"floor":15.0,"key":"REST"},{"data":"SilverBlades","floor":23.0,"key":"SMITH"},{"data":"BestPractice","floor":25.0,"key":"SMITH"},{"floor":27.0,"key":"REST"},{"data":"FanOfKnives","floor":32.0,"key":"SMITH"},{"floor":42,"key":"REST"}],"circlet_count":0,"master_deck":["Strike_S","Strike_S","Defend_S","Defend_S","Defend_S","Defend_S","KidneyShot","Exchange","Ricochet","Starlight","Starlight","Rearm","SurpressingFire+1","FanOfKnives+1","SilverBlades+1","Advance","Luminosity","Sunlight+1","BestPractice+1","InstantArmor","Replace","Ricochet","Luminosity","SurpressingFire","Sunlight+1","Advance+1","Luminosity","Ricochet+1","ForgedInTime","Misdirection","SurpressingFire","InstantArmor+1","Starlight+1","Doubt"],"relics":["SplendidAttire","WingedGreaves","Pen Nib","Nunchaku","Toy Ornithopter","Vajra","Mercury Hourglass","Molten Egg 2","Black Star","Bag of Preparation","Calipers","Mango","HandDrill"],"acts_visited":["Exordium","TheCity","TheBeyond"],"potions_floor_usage":[38,48],"damage_taken":[{"damage":5.0,"enemies":"Jaw Worm","floor":1.0,"turns":4.0},{"damage":0.0,"enemies":"Cultist","floor":2.0,"turns":3.0},{"damage":7.0,"enemies":"2 Louse","floor":3.0,"turns":2.0},{"damage":1.0,"enemies":"Red Slaver","floor":4.0,"turns":5.0},{"damage":6.0,"enemies":"Blue Slaver","floor":5.0,"turns":3.0},{"damage":35.0,"enemies":"3 Sentries","floor":6.0,"turns":9.0},{"damage":0.0,"enemies":"Exordium Thugs","floor":8.0,"turns":4.0},{"damage":20.0,"enemies":"Lagavulin","floor":12.0,"turns":4.0},{"damage":41.0,"enemies":"Hexaghost","floor":16.0,"turns":11.0},{"damage":3.0,"enemies":"3 Byrds","floor":18.0,"turns":3.0},{"damage":17.0,"enemies":"Spheric Guardian","floor":20.0,"turns":4.0},{"damage":3.0,"enemies":"Chosen and Byrds","floor":22.0,"turns":4.0},{"damage":7.0,"enemies":"theDuelist:KaibaA2","floor":24.0,"turns":3.0},{"damage":0.0,"enemies":"Snecko","floor":29.0,"turns":3.0},{"damage":0.0,"enemies":"3 Cultists","floor":31.0,"turns":2.0},{"damage":38.0,"enemies":"Champ","floor":33.0,"turns":9.0},{"damage":3,"enemies":"Orb Walker","floor":35,"turns":2},{"damage":0,"enemies":"3 Darklings","floor":37,"turns":3},{"damage":0,"enemies":"Jaw Worm Horde","floor":38,"turns":1},{"damage":11,"enemies":"Nemesis","floor":40,"turns":9},{"damage":44,"enemies":"Maw","floor":41,"turns":9},{"damage":9,"enemies":"3 Darklings","floor":45,"turns":2},{"damage":11,"enemies":"Jaw Worm Horde","floor":46,"turns":2},{"damage":86,"enemies":"Transient","floor":48,"turns":5}],"seed_played":"-4379696657062678589","potions_obtained":[{"floor":1.0,"key":"Ancient Potion"},{"floor":5.0,"key":"SmokeBomb"},{"floor":6.0,"key":"AttackPotion"},{"floor":16.0,"key":"Ancient Potion"},{"floor":22.0,"key":"AttackPotion"},{"floor":31.0,"key":"PowerPotion"},{"floor":33.0,"key":"Dexterity Potion"},{"floor":37,"key":"Explosive Potion"},{"floor":46,"key":"Fruit Juice"}],"is_trial":false,"path_per_floor":["M","M","M","M","M","E","R","M","T","R","?","E","R","$","R","B",null,"M","$","M","T","M","R","E","R","T","R","?","M","$","M","R","B",null,"M","?","M","M","?","E","M","R","T","$","M","M","?","M"],"character_chosen":"THE_SERVANT","items_purchased":["Ricochet","Luminosity","BestPractice","InstantArmor","Energy Potion","HandDrill"],"campfire_rested":6,"item_purchase_floors":[0,14,19,19,30,44],"current_hp_per_floor":[52,52,45,44,38,3,21,21,21,39,39,19,37,37,55,14,60,57,57,40,40,37,37,35,35,35,53,53,53,53,53,53,24,60,57,57,57,60,60,49,5,23,37,37,28,17,74,0,0],"gold":143,"neow_bonus":"","is_daily":false,"chose_seed":false,"campfire_upgraded":3,"win_rate":0.0,"timestamp":1613263883,"path_taken":["M","M","M","M","M","E","R","M","T","R","?","E","R","$","R","BOSS","M","$","?","?","M","R","E","R","T","R","?","M","$","?","R","BOSS","M","?","?","?","?","E","M","R","T","$","M","?","?","M"],"items_purchased_type":["Card","Card","Card","Card","Potion","Relic"],"build_version":"2020-12-22","purchased_purges":2,"victory":false,"max_hp_per_floor":[60,60,60,60,60,60,60,60,60,60,60,60,60,60,60,60,60,60,60,60,60,60,60,60,60,60,60,60,60,60,60,60,60,60,60,60,60,60,60,60,60,60,74,74,74,74,74,79,79],"card_choices":[{"not_picked":["Collapse","FastForward"],"picked":"Starlight","floor":1.0},{"not_picked":["Contraction","BottledTime"],"picked":"Starlight","floor":2.0},{"not_picked":["Unruled","DoubleEdge"],"picked":"Rearm","floor":3.0},{"not_picked":["Defy","Ricochet"],"picked":"SurpressingFire","floor":4.0},{"not_picked":["TimeWarp","RealityMarble"],"picked":"FanOfKnives","floor":5.0},{"not_picked":["SurpressingFire","Alleviate"],"picked":"SilverBlades","floor":6.0},{"not_picked":["Gouge","Comet","Read"],"picked":"SKIP","floor":8.0},{"not_picked":["Snipe","Defy"],"picked":"Advance","floor":12.0},{"not_picked":["ForgedInTime","FlawlessForm"],"picked":"Sunlight","floor":16.0},{"not_picked":["DoubleEdge","Contraction","Alleviate+1"],"picked":"SKIP","floor":18.0},{"not_picked":["Misdirection","Barrier"],"picked":"Replace","floor":20.0},{"not_picked":["MoonPhase","Revamp"],"picked":"Ricochet","floor":22.0},{"not_picked":["MoonPhase","TimeWarp"],"picked":"Luminosity","floor":24.0},{"not_picked":["FastForward","ReturningBlade+1","Reset"],"picked":"SKIP","floor":29.0},{"not_picked":["Reset","Ricochet+1"],"picked":"SurpressingFire","floor":31.0},{"not_picked":["Dilation","FlawlessForm"],"picked":"Sunlight+1","floor":33.0},{"not_picked":["Unruled+1","Alleviate"],"picked":"Advance+1","floor":35},{"not_picked":["TimeWarp+1","Rewind"],"picked":"Luminosity","floor":37},{"not_picked":["Gouge+1","Alleviate"],"picked":"Ricochet+1","floor":38},{"not_picked":["FanOfKnives+1","LightFlow+1"],"picked":"SurpressingFire","floor":40},{"not_picked":["Rewind","Spin+1"],"picked":"InstantArmor+1","floor":41},{"not_picked":["Moondial","Starlight+1","Potential+1"],"picked":"SKIP","floor":45},{"not_picked":["Reset+1","Potential+1"],"picked":"Starlight+1","floor":46}],"player_experience":133024,"relics_obtained":[{"floor":6.0,"key":"WingedGreaves"},{"floor":9.0,"key":"Pen Nib"},{"floor":11.0,"key":"Nunchaku"},{"floor":12.0,"key":"Toy Ornithopter"},{"floor":21.0,"key":"Vajra"},{"floor":24.0,"key":"Mercury Hourglass"},{"floor":26.0,"key":"Molten Egg 2"},{"floor":40,"key":"Bag of Preparation"},{"floor":40,"key":"Calipers"},{"floor":43,"key":"Mango"}],"event_choices":[{"damage_healed":0.0,"max_hp_gain":0.0,"max_hp_loss":0.0,"gold_gain":0.0,"event_name":"Wheel of Change","player_choice":"Relic","floor":11.0,"gold_loss":0.0,"damage_taken":0.0},{"damage_healed":0.0,"max_hp_gain":0.0,"max_hp_loss":0.0,"gold_gain":0.0,"event_name":"Accursed Blacksmith","player_choice":"Forge","floor":28.0,"gold_loss":0.0,"damage_taken":0.0,"cards_upgraded":["SurpressingFire"]},{"damage_healed":0,"gold_gain":0,"player_choice":"Upgraded","damage_taken":0,"max_hp_gain":0,"max_hp_loss":0,"event_name":"Upgrade Shrine","floor":36,"gold_loss":0,"cards_upgraded":["Sunlight"]},{"damage_healed":0,"gold_gain":0,"player_choice":"2 cards matched","damage_taken":0,"max_hp_gain":0,"max_hp_loss":0,"event_name":"Match and Keep!","floor":39,"gold_loss":0,"cards_obtained":["ForgedInTime","Misdirection"]},{"damage_healed":57,"gold_gain":0,"player_choice":"Heal","damage_taken":0,"max_hp_gain":0,"max_hp_loss":0,"event_name":"MindBloom","floor":47,"gold_loss":0,"cards_obtained":["Doubt"]}],"is_beta":false,"boss_relics":[{"not_picked":["Runic Dome","Philosopher\u0027s Stone"],"picked":"SplendidAttire"},{"not_picked":["SacredBark","Tiny House"],"picked":"Black Star"}],"items_purged_floors":[14,19],"is_endless":false,"potions_floor_spawned":[1,5,6,16,22,31,33,37,46],"killed_by":"Transient","ascension_level":0}}