{"host":"bp3tm7tvk8nf4kb2","time":1613276236,"event":{"mods":["2.2 Compatiblity","AchievementEnabler","BaseMod","Bestiary","Better Match","Better Third Choice","BetterRewards","Colored Map","Colored Powertips","Curses Come First","DeckTracker","Downfall","Duelist Mod","Friendly Minions","Googly Eyes","Halation","Highlight Path","Marisa????????","Minty Spire (QoL Compilation)","Morshu Shopkeeper - ENHANCED","Permanent Neow","Quick Restart","Rare Cards Sparkle","Reorder Act Four","Replay The Spire","Shop Mod","Spicy Shops","StSLib","The Animator","TheBandit","Waifu the Spire","Wide Potions","everything is the same but u backflip on backflip"],"gold_per_floor":[109,109,27,27,27,27,44,44,98,55,55,74,74,74,74,175,175,89,103,103,49,60,60,70,70,70],"floor_reached":25,"language":"ENG","playtime":1052,"items_purged":[],"score":339,"play_id":"fed8a8cf-64dc-417d-a81b-e4cf735ab92a","local_time":"20210213201716","is_ascension_mode":false,"campfire_choices":[{"floor":6.0,"key":"REST"},{"data":"Zap","floor":8.0,"key":"SMITH"},{"data":"Dualcast","floor":15,"key":"SMITH"}],"circlet_count":0,"master_deck":["Strike_B+1","Strike_B","Strike_B","Strike_B","Defend_B","Defend_B","Defend_B","Defend_B","Zap+1","Dualcast+1","Storm","Beam Cell","Aggregate","Electrodynamics","Compile Driver+1","Consume","GremboGang","BasicCrystalCard","Defragment","Conserve Battery+1"],"relics":["Cracked Core","MealTicket","TungstenRod","halation:PinkSoulGem","halation:EternalFortune","Replay:Wax Seal","Bronze Scales","halation:HeavySnake"],"acts_visited":["Exordium","TheCity"],"potions_floor_usage":[16],"damage_taken":[{"damage":4.0,"enemies":"2 Louse","floor":1.0,"turns":2.0},{"damage":0.0,"enemies":"Small Slimes","floor":7.0,"turns":2.0},{"damage":5.0,"enemies":"Jaw Worm","floor":12.0,"turns":2.0},{"damage":66,"enemies":"The Guardian","floor":16,"turns":12},{"damage":24,"enemies":"Shell Parasite","floor":18,"turns":6},{"damage":27,"enemies":"2 Thieves","floor":19,"turns":3},{"damage":13,"enemies":"Snake Plant","floor":22,"turns":3},{"damage":16,"enemies":"3 Cultists","floor":24,"turns":4},{"damage":12,"enemies":"Centurion and Healer","floor":25,"turns":2}],"seed_played":"-3919063818225704775","potions_obtained":[{"floor":12.0,"key":"Doom Potion"},{"floor":19,"key":"Elixir"}],"is_trial":false,"path_per_floor":["M","?","$","?","?","R","M","R","T","$","T","M","?","$","R","B",null,"M","M","?","$","M","?","M","M"],"character_chosen":"DEFECT","items_purchased":["Storm","Bronze Scales","BasicCrystalCard"],"campfire_rested":1,"item_purchase_floors":[3,10,21],"current_hp_per_floor":[71,71,75,78,69,78,81,81,81,81,81,76,81,86,86,20,86,65,38,38,53,40,24,8,0,0],"gold":70,"neow_bonus":"","is_daily":false,"chose_seed":false,"campfire_upgraded":2,"win_rate":0.0,"timestamp":1613276236,"path_taken":["M","?","$","?","?","R","M","R","T","$","?","M","?","?","R","BOSS","M","M","?","$","M","?","?","M"],"items_purchased_type":["Card","Relic","Card"],"build_version":"2020-12-22","purchased_purges":0,"victory":false,"max_hp_per_floor":[75,75,75,78,78,78,81,81,81,81,81,81,86,86,86,86,86,89,89,89,89,89,94,94,94,94],"card_choices":[{"not_picked":["Stack","Gash","Panic Button"],"picked":"SKIP","floor":1.0},{"not_picked":["Chill","Stack"],"picked":"Beam Cell","floor":7.0},{"not_picked":["Go for the Eyes","Stack"],"picked":"Aggregate","floor":12.0},{"not_picked":["Rainbow","Fission"],"picked":"Electrodynamics","floor":16},{"not_picked":["Sweeping Beam+1","Rip and Tear+1"],"picked":"Compile Driver+1","floor":18},{"not_picked":["Rebound","Panic Button+1"],"picked":"Consume","floor":19},{"not_picked":["Conserve Battery","Gash+1"],"picked":"Defragment","floor":22},{"not_picked":["Panic Button","Beam Cell"],"picked":"Conserve Battery+1","floor":24}],"player_experience":45933,"relics_obtained":[{"floor":7.0,"key":"halation:EternalFortune"},{"floor":9.0,"key":"Replay:Wax Seal"},{"floor":18,"key":"halation:EternalFortune"}],"event_choices":[{"damage_healed":0.0,"max_hp_gain":0.0,"max_hp_loss":0.0,"gold_gain":0.0,"event_name":"betterThird:BetterScrap","player_choice":"Relic ","floor":5.0,"gold_loss":0.0,"damage_taken":12.0,"cards_obtained":["Carnage"]},{"damage_healed":0.0,"max_hp_gain":5.0,"max_hp_loss":0.0,"gold_gain":0.0,"event_name":"Big Fish","player_choice":"Donut","floor":13.0,"gold_loss":0.0,"damage_taken":0.0},{"damage_healed":0,"gold_gain":0,"player_choice":"Shed Blood","damage_taken":22,"max_hp_gain":5,"max_hp_loss":0,"event_name":"Forgotten Altar","floor":23,"gold_loss":0}],"is_beta":false,"boss_relics":[{"not_picked":["Ectoplasm","halation:MonkeysPaw"],"picked":"halation:HeavySnake"}],"items_purged_floors":[],"is_endless":false,"potions_floor_spawned":[12,19],"killed_by":"Centurion and Healer","ascension_level":0}}