{"host":"s2ygc4jgfm0lziqy","time":1613309281,"event":{"mods":["2.2 Compatiblity","Astrologer","Bard","BaseMod","Bestiary","Card Forge","Colored Map","DeckTracker","Downfall","GungeonMod","Highlight Path","Minty Spire (QoL Compilation)","Replay The Spire","Robot Space Explorer","StSLib","The Disciple","The Gatherer","The Marked","The Poker Player","TheBandit","TheSurvivalist","Weighted Paths"],"gold_per_floor":[111,122,136,148,166,166,166,166],"floor_reached":6,"language":"ENG","playtime":423,"items_purged":[],"score":40,"play_id":"f5ffe880-5609-4488-8bb1-24edc090d924","local_time":"20210214132801","is_ascension_mode":false,"campfire_choices":[],"circlet_count":0,"master_deck":["wariomod:Strike","wariomod:Strike","wariomod:Strike","wariomod:Strike","wariomod:Defend","wariomod:Defend","wariomod:Defend","wariomod:Defend","wariomod:Step","wariomod:Leap","wariomod:Hopshield","wariomod:Leapslam","wariomod:ChargeForth","wariomod:SpaceSwap","wariomod:DamnedStrength"],"relics":["wariomod:TheHat","Hammer of Thor","Seething Fire","Anvil of the Gods"],"acts_visited":["Exordium"],"potions_floor_usage":[],"damage_taken":[{"damage":0,"enemies":"Cultist","floor":1,"turns":4},{"damage":0,"enemies":"2 Louse","floor":2,"turns":2},{"damage":1,"enemies":"Jaw Worm","floor":3,"turns":4},{"damage":6,"enemies":"2 Fungi Beasts","floor":4,"turns":3},{"damage":2,"enemies":"Blue Slaver","floor":5,"turns":4},{"damage":0,"enemies":"3 Sentries","floor":6,"turns":1}],"seed_played":"7648646816182585139","potions_obtained":[{"floor":1,"key":"BlessingOfTheForge"},{"floor":2,"key":"bronze:BurnAndBuffPotion"}],"is_trial":false,"path_per_floor":["M","M","M","M","M","E"],"character_chosen":"THE_BANDIT","items_purchased":[],"campfire_rested":0,"item_purchase_floors":[],"current_hp_per_floor":[88,88,87,81,79,0,0,0],"gold":166,"neow_bonus":"TEN_PERCENT_HP_BONUS","is_daily":false,"chose_seed":false,"campfire_upgraded":0,"win_rate":0.0,"timestamp":1613309281,"path_taken":["M","M","M","?","M","E"],"items_purchased_type":[],"build_version":"2020-12-22","purchased_purges":0,"victory":false,"max_hp_per_floor":[88,88,88,88,88,88,88,88],"card_choices":[{"not_picked":["wariomod:BlastDash","wariomod:BoomBoom"],"picked":"wariomod:Hopshield","floor":1},{"not_picked":["wariomod:Goblast","wariomod:DamnedStrength"],"picked":"wariomod:Leapslam","floor":2},{"not_picked":["wariomod:Game","wariomod:TempestBlasts"],"picked":"wariomod:ChargeForth","floor":3},{"not_picked":["wariomod:BlastDash","wariomod:Bombshield"],"picked":"wariomod:SpaceSwap","floor":4},{"not_picked":["wariomod:ThatsNotAll","wariomod:Smackflip"],"picked":"wariomod:DamnedStrength","floor":5}],"player_experience":18810,"relics_obtained":[],"event_choices":[],"is_beta":false,"boss_relics":[],"items_purged_floors":[],"is_endless":false,"potions_floor_spawned":[1,2],"killed_by":"3 Sentries","ascension_level":0}}