{"host":"vyjryxuuuxkt43k4","time":1613307088,"event":{"mods":["AchievementEnabler","BaseMod","Colored Map","DeckTracker","Keyboard Shortcuts","Minty Spire (QoL Compilation)","Permanent Neow","Quick Restart","StSLib","SuperFastMode","everything is the same but u backflip on backflip"],"gold_per_floor":[114,8,22,40,40,40,72,84,162,10,27,57,75,75,75,152,152,170,170,170,170,189,189,214,214,214,229,229,98,98,111,111,111,111],"floor_reached":33,"language":"KOR","playtime":1782,"items_purged":["Strike_G"],"score":550,"play_id":"6672a94c-e75a-4095-9eaa-483b37acc40c","local_time":"20210214215128","is_ascension_mode":true,"campfire_choices":[{"data":"Dagger Spray","floor":6,"key":"SMITH"},{"floor":15,"key":"REST"},{"data":"Ghostly","floor":23,"key":"SMITH"},{"floor":25,"key":"REST"},{"data":"Ghostly","floor":28,"key":"SMITH"},{"data":"Footwork","floor":30,"key":"SMITH"},{"data":"Burst","floor":32,"key":"SMITH"}],"circlet_count":0,"master_deck":["AscendersBane","Strike_G","Strike_G","Defend_G","Defend_G","Defend_G","Defend_G","Defend_G","Survivor","Neutralize","Footwork+1","Well Laid Plans","Dagger Spray+1","Acrobatics","Predator","Glass Knife","Footwork","PiercingWail","Tactician","Endless Agony","Bane","After Image","Crippling Poison+1","Ghostly","Ghostly+1","Ghostly+1","Grand Finale","Acrobatics","Burst+1"],"relics":["Ring of the Snake","CultistMask","Letter Opener","Strawberry","Sozu","Enchiridion","Nloth\u0027s Gift","Lantern","Eternal Feather"],"acts_visited":["Exordium","TheCity"],"potions_floor_usage":[7,7,16,16],"damage_taken":[{"damage":6,"enemies":"Small Slimes","floor":1,"turns":7},{"damage":6,"enemies":"Cultist","floor":3,"turns":5},{"damage":0,"enemies":"2 Louse","floor":4,"turns":3},{"damage":44,"enemies":"Gremlin Nob","floor":7,"turns":6},{"damage":13,"enemies":"Exordium Thugs","floor":8,"turns":4},{"damage":8,"enemies":"Blue Slaver","floor":11,"turns":5},{"damage":19,"enemies":"3 Sentries","floor":12,"turns":9},{"damage":0,"enemies":"Lots of Slimes","floor":13,"turns":2},{"damage":20,"enemies":"The Guardian","floor":16,"turns":17},{"damage":12,"enemies":"Shell Parasite","floor":18,"turns":8},{"damage":9,"enemies":"3 Byrds","floor":22,"turns":6},{"damage":13,"enemies":"Slavers","floor":24,"turns":5},{"damage":0,"enemies":"Snake Plant","floor":27,"turns":6},{"damage":4,"enemies":"Sentry and Sphere","floor":31,"turns":8},{"damage":44,"enemies":"Champ","floor":33,"turns":20}],"seed_played":"5273922062696059848","potions_obtained":[{"floor":12,"key":"Ancient Potion"},{"floor":13,"key":"SpeedPotion"}],"is_trial":false,"path_per_floor":["M","$","M","M","?","R","E","M","T","$","M","E","M","?","R","B",null,"M","?","?","?","M","R","E","R","T","M","R","$","R","M","R","B"],"character_chosen":"THE_SILENT","items_purchased":["ColorlessPotion","BlessingOfTheForge","Glass Knife","Footwork","Acrobatics"],"campfire_rested":2,"item_purchase_floors":[2,2,10,10,29],"current_hp_per_floor":[53,53,47,47,47,47,3,33,33,33,25,13,13,13,34,14,58,46,25,25,25,16,16,3,13,13,13,28,28,36,32,36,0,0],"gold":111,"neow_bonus":"TRANSFORM_CARD","is_daily":false,"chose_seed":false,"campfire_upgraded":5,"win_rate":0.0,"timestamp":1613307088,"path_taken":["M","$","M","M","?","R","E","?","T","$","M","E","M","?","R","BOSS","M","?","?","?","?","R","E","R","T","M","R","$","R","M","R","BOSS"],"items_purchased_type":["Potion","Potion","Card","Card","Card"],"build_version":"2020-12-22","purchased_purges":1,"victory":false,"max_hp_per_floor":[66,66,66,66,66,66,66,66,66,66,66,73,73,73,73,73,73,73,73,36,36,36,36,36,36,36,36,36,36,36,36,36,36,36],"card_choices":[{"not_picked":["Bane","Outmaneuver"],"picked":"Well Laid Plans","floor":1},{"not_picked":["PiercingWail","Flying Knee"],"picked":"Dagger Spray","floor":3},{"not_picked":["Outmaneuver","Dodge and Roll"],"picked":"Acrobatics","floor":4},{"not_picked":["Prepared","Deadly Poison"],"picked":"Predator","floor":7},{"not_picked":["Bane","Sucker Punch","Outmaneuver"],"picked":"SKIP","floor":8},{"not_picked":["Quick Slash","Footwork"],"picked":"PiercingWail","floor":11},{"not_picked":["PiercingWail","Leg Sweep"],"picked":"Tactician","floor":12},{"not_picked":["Expertise","Finisher"],"picked":"Endless Agony","floor":13},{"not_picked":["Envenom","Wraith Form v2"],"picked":"After Image","floor":16},{"not_picked":["Well Laid Plans","Cloak And Dagger"],"picked":"Crippling Poison+1","floor":18},{"not_picked":["Quick Slash+1","Dagger Spray","Dodge and Roll"],"picked":"SKIP","floor":22},{"not_picked":["All Out Attack","Dagger Throw"],"picked":"Grand Finale","floor":24},{"not_picked":["Masterful Stab","Blade Dance","Cloak And Dagger"],"picked":"SKIP","floor":27},{"not_picked":["Outmaneuver","Deadly Poison+1"],"picked":"Burst","floor":31}],"player_experience":982079,"relics_obtained":[{"floor":7,"key":"Lizard Tail"},{"floor":9,"key":"Letter Opener"},{"floor":12,"key":"Strawberry"},{"floor":19,"key":"Enchiridion"},{"floor":24,"key":"Lantern"},{"floor":26,"key":"Eternal Feather"}],"event_choices":[{"damage_healed":0,"gold_gain":0,"player_choice":"Trade","damage_taken":0,"relics_obtained":["CultistMask"],"max_hp_gain":0,"max_hp_loss":0,"event_name":"FaceTrader","floor":5,"gold_loss":0},{"damage_healed":0,"gold_gain":0,"cards_transformed":["Strike_G"],"player_choice":"Transformed","damage_taken":0,"max_hp_gain":0,"max_hp_loss":0,"event_name":"Transmorgrifier","floor":14,"gold_loss":0,"cards_obtained":["Bane"]},{"damage_healed":0,"gold_gain":0,"player_choice":"Obtained Book","damage_taken":21,"max_hp_gain":0,"max_hp_loss":0,"event_name":"Cursed Tome","floor":19,"gold_loss":0},{"damage_healed":0,"gold_gain":0,"player_choice":"Became a Ghost","damage_taken":0,"max_hp_gain":0,"max_hp_loss":37,"event_name":"Ghosts","floor":20,"gold_loss":0,"cards_obtained":["Ghostly","Ghostly","Ghostly"]},{"damage_healed":0,"gold_gain":0,"player_choice":"Traded Relic","damage_taken":0,"relics_obtained":["Nloth\u0027s Gift"],"max_hp_gain":0,"max_hp_loss":0,"event_name":"N\u0027loth","floor":21,"relics_lost":["Lizard Tail"],"gold_loss":0}],"is_beta":false,"boss_relics":[{"not_picked":["SlaversCollar","Velvet Choker"],"picked":"Sozu"}],"items_purged_floors":[29],"is_endless":false,"potions_floor_spawned":[3,4,12,13,18,22,31],"killed_by":"Champ","ascension_level":20}}