{"host":"0ma1l65sntb3rtgl","time":1613330162,"event":{"mods":["AchievementEnabler","BaseMod","Better Note","Better Third Choice","Colored Map","Colored Powertips","Curses Come First","Highlight Path","Minty Spire (QoL Compilation)","Rare Cards Sparkle","Relic Stats","StSLib"],"gold_per_floor":[115,115,128,128,128,160,160,172,172,43,95,122,14,28,28,129,129,145,158,12,12,12,42,42,42,42,58,76,76,107,147,147,249,249,288,302,47,85,85,113,113,153,208,226,245,285,346,30,30,30,30],"floor_reached":50,"language":"ENG","playtime":3843,"items_purged":["Normality","Writhe"],"score":599,"play_id":"e5fb5d90-37d0-4285-b8f4-69e5c9cf1a1b","local_time":"20210214131602","is_ascension_mode":false,"campfire_choices":[{"data":"Eruption","floor":7.0,"key":"SMITH"},{"data":"Wallop","floor":15.0,"key":"SMITH"},{"data":"Pray","floor":24.0,"key":"SMITH"},{"data":"Wraith Form v2","floor":32.0,"key":"SMITH"},{"data":"ConjureBlade","floor":41,"key":"SMITH"},{"data":"Wish","floor":49,"key":"SMITH"}],"circlet_count":0,"master_deck":["Strike_P","Defend_P+1","Defend_P","Defend_P+1","Defend_P","Eruption+1","Vigilance","FlurryOfBlows","FollowUp","WreathOfFlame","SashWhip","SandsOfTime","Evaluate","Study","TalkToTheHand","Wallop+1","ConjureBlade+1","ReachHeaven","Pray+1","Wraith Form v2+1","Wish+1","Fasting2+1","Omniscience","Study","Protect+1","Panache","Worship+1","Pray+1","WheelKick"],"relics":["Cursed Key","FossilizedHelix","Lizard Tail","StrikeDummy","Snecko Eye","Vajra","HornCleat","Mercury Hourglass","Sundial","Empty Cage","Shuriken","Juzu Bracelet","Oddly Smooth Stone","Pen Nib"],"acts_visited":["Exordium","TheCity","TheBeyond"],"potions_floor_usage":[50,50,50],"damage_taken":[{"damage":0.0,"enemies":"Small Slimes","floor":1.0,"turns":3.0},{"damage":3.0,"enemies":"Jaw Worm","floor":3.0,"turns":4.0},{"damage":8.0,"enemies":"Gremlin Nob","floor":6.0,"turns":3.0},{"damage":0.0,"enemies":"2 Louse","floor":8.0,"turns":2.0},{"damage":1.0,"enemies":"3 Sentries","floor":12.0,"turns":5.0},{"damage":0.0,"enemies":"Gremlin Gang","floor":14.0,"turns":3.0},{"damage":0.0,"enemies":"Slime Boss","floor":16.0,"turns":5.0},{"damage":0.0,"enemies":"Spheric Guardian","floor":18.0,"turns":3.0},{"damage":0.0,"enemies":"Chosen","floor":19.0,"turns":3.0},{"damage":18.0,"enemies":"Book of Stabbing","floor":23.0,"turns":3.0},{"damage":0.0,"enemies":"Sentry and Sphere","floor":27.0,"turns":3.0},{"damage":0.0,"enemies":"Snake Plant","floor":28.0,"turns":2.0},{"damage":13.0,"enemies":"Slavers","floor":30.0,"turns":3.0},{"damage":0.0,"enemies":"Cultist and Chosen","floor":31.0,"turns":5.0},{"damage":50.0,"enemies":"Collector","floor":33.0,"turns":8.0},{"damage":0.0,"enemies":"3 Shapes","floor":35.0,"turns":3.0},{"damage":0.0,"enemies":"Orb Walker","floor":36.0,"turns":2.0},{"damage":0,"enemies":"Transient","floor":38,"turns":5},{"damage":0,"enemies":"Giant Head","floor":40,"turns":6},{"damage":0,"enemies":"Sphere and 2 Shapes","floor":42,"turns":5},{"damage":0,"enemies":"Jaw Worm Horde","floor":44,"turns":3},{"damage":1,"enemies":"4 Shapes","floor":45,"turns":5},{"damage":0,"enemies":"Sphere and 2 Shapes","floor":46,"turns":4},{"damage":0,"enemies":"Transient","floor":47,"turns":5},{"damage":92,"enemies":"Donu and Deca","floor":50,"turns":8}],"seed_played":"-4121556830288612863","potions_obtained":[{"floor":3.0,"key":"Block Potion"},{"floor":12.0,"key":"PowerPotion"},{"floor":14.0,"key":"SmokeBomb"},{"floor":18.0,"key":"Weak Potion"},{"floor":27.0,"key":"PowerPotion"},{"floor":30.0,"key":"Weak Potion"},{"floor":31.0,"key":"SkillPotion"},{"floor":33.0,"key":"PowerPotion"},{"floor":35.0,"key":"SteroidPotion"},{"floor":45,"key":"Dexterity Potion"}],"is_trial":false,"path_per_floor":["M","?","M","?","?","E","R","M","T","$","?","E","$","M","R","B",null,"M","M","$","?","?","E","R","?","T","M","M","$","E","M","R","B",null,"M","M","$","M","?","E","R","M","T","M","M","M","M","$","R","B"],"character_chosen":"WATCHER","items_purchased":["Evaluate","TalkToTheHand","Wallop","Vajra","Shuriken","Pen Nib","WheelKick"],"campfire_rested":0,"item_purchase_floors":[10,13,13,20,37,48,48],"current_hp_per_floor":[72,72,69,69,55,47,47,47,47,47,47,46,46,46,46,46,72,72,72,72,72,72,54,54,54,54,54,54,54,41,41,41,36,72,72,72,72,72,72,72,72,72,72,72,71,71,71,71,71,0,0],"gold":30,"neow_bonus":"BOSS_RELIC","is_daily":false,"chose_seed":false,"campfire_upgraded":6,"win_rate":0.0,"timestamp":1613330162,"path_taken":["M","?","M","?","?","E","R","M","T","$","?","E","?","M","R","BOSS","M","?","$","?","?","E","R","?","T","M","M","$","E","M","R","BOSS","M","M","$","M","?","E","R","M","T","M","M","M","M","$","R","BOSS"],"items_purchased_type":["Card","Card","Card","Relic","Relic","Relic","Card"],"build_version":"2020-12-22","purchased_purges":2,"victory":false,"max_hp_per_floor":[72,72,72,72,72,72,72,72,72,72,72,72,72,72,72,72,72,72,72,72,72,72,72,72,72,72,72,72,72,72,72,72,72,72,72,72,72,72,72,72,72,72,72,72,72,72,72,72,72,72,72],"relic_stats":{"Lizard Tail":36,"counters":[25,101],"Sundial":[4],"Shuriken":[9],"Snecko Eye":[137,123,125,124],"Pen Nib":[1],"Juzu Bracelet":0,"Cursed Key":3,"obtain_stats":[{"Vajra":20,"Oddly Smooth Stone":43,"Pen Nib":48,"Juzu Bracelet":40,"Cursed Key":0,"Empty Cage":34,"Mercury Hourglass":26,"Lizard Tail":9,"HornCleat":23,"Sundial":30,"Shuriken":37,"Snecko Eye":17,"PureWater":0,"StrikeDummy":12,"FossilizedHelix":6},{"Vajra":9,"Oddly Smooth Stone":20,"Pen Nib":24,"Juzu Bracelet":19,"Cursed Key":0,"Empty Cage":15,"Mercury Hourglass":10,"Lizard Tail":4,"HornCleat":10,"Sundial":13,"Shuriken":17,"Snecko Eye":7,"PureWater":0,"StrikeDummy":5,"FossilizedHelix":3},{"Vajra":31,"Oddly Smooth Stone":76,"Pen Nib":93,"Juzu Bracelet":71,"Cursed Key":0,"Empty Cage":55,"Mercury Hourglass":34,"Lizard Tail":12,"HornCleat":34,"Sundial":42,"Shuriken":60,"Snecko Eye":25,"PureWater":0,"StrikeDummy":17,"FossilizedHelix":10}],"Mercury Hourglass":[268]},"card_choices":[{"not_picked":["Prostrate","Wireheading"],"picked":"FlurryOfBlows","floor":1.0},{"not_picked":["Tantrum","EmptyBody"],"picked":"FollowUp","floor":3.0},{"not_picked":["ThirdEye","CrushJoints"],"picked":"SashWhip","floor":6.0},{"not_picked":["Protect","ForeignInfluence"],"picked":"SandsOfTime","floor":8.0},{"not_picked":["Nirvana","Fasting2"],"picked":"Study","floor":12.0},{"not_picked":["CutThroughFate","ThirdEye","JustLucky"],"picked":"SKIP","floor":14.0},{"not_picked":["Alpha","SpiritShield"],"picked":"ConjureBlade","floor":16.0},{"not_picked":["DeceiveReality+1","EmptyBody"],"picked":"ReachHeaven","floor":18.0},{"not_picked":["TalkToTheHand","SandsOfTime"],"picked":"Pray","floor":19.0},{"not_picked":["ClearTheMind","Consecrate","Prostrate"],"picked":"SKIP","floor":23.0},{"not_picked":["Prostrate","Consecrate","EmptyBody+1"],"picked":"SKIP","floor":27.0},{"not_picked":["PathToVictory","BowlingBash"],"picked":"Wish","floor":28.0},{"not_picked":["CrushJoints","Weave+1","Consecrate+1"],"picked":"SKIP","floor":30.0},{"not_picked":["Halt","CutThroughFate+1"],"picked":"Fasting2+1","floor":31.0},{"not_picked":["Brilliance","DeusExMachina"],"picked":"Omniscience","floor":33.0},{"not_picked":["BowlingBash","Meditate+1","Consecrate+1"],"picked":"SKIP","floor":35.0},{"not_picked":["Consecrate+1","FearNoEvil"],"picked":"Study","floor":36.0},{"not_picked":["CutThroughFate","Pray+1"],"picked":"Protect+1","floor":38},{"not_picked":["Master of Strategy","Dramatic Entrance"],"picked":"Panache","floor":39},{"not_picked":["Protect+1","WreathOfFlame","EmptyBody+1"],"picked":"SKIP","floor":40},{"not_picked":["BowlingBash+1","JustLucky+1"],"picked":"Worship+1","floor":42},{"not_picked":["ClearTheMind","ThirdEye+1","LikeWater"],"picked":"SKIP","floor":44},{"not_picked":["Halt","DeceiveReality+1","Weave"],"picked":"SKIP","floor":45},{"not_picked":["Halt+1","JustLucky"],"picked":"Pray+1","floor":46},{"not_picked":["CrushJoints+1","LikeWater+1","Judgement"],"picked":"SKIP","floor":47}],"player_experience":395000,"relics_obtained":[{"floor":6.0,"key":"FossilizedHelix"},{"floor":9.0,"key":"Lizard Tail"},{"floor":12.0,"key":"StrikeDummy"},{"floor":23.0,"key":"HornCleat"},{"floor":26.0,"key":"Mercury Hourglass"},{"floor":30.0,"key":"Sundial"},{"floor":40,"key":"Juzu Bracelet"},{"floor":43,"key":"Oddly Smooth Stone"}],"event_choices":[{"damage_healed":0.0,"max_hp_gain":0.0,"max_hp_loss":0.0,"gold_gain":0.0,"event_name":"betterThird:BetterSerpent","player_choice":"Ignored","floor":2.0,"gold_loss":0.0,"damage_taken":115.0},{"damage_healed":0.0,"max_hp_gain":0.0,"max_hp_loss":0.0,"gold_gain":0.0,"cards_transformed":["Strike_P"],"event_name":"Living Wall","player_choice":"Change","floor":4.0,"gold_loss":0.0,"damage_taken":0.0,"cards_obtained":["WreathOfFlame"]},{"damage_healed":69.0,"max_hp_gain":0.0,"max_hp_loss":72.0,"gold_gain":0.0,"event_name":"betterThird:BetterShining","player_choice":"Upgrade","floor":5.0,"gold_loss":0.0,"damage_taken":14.0,"cards_upgraded":["Defend_P","Defend_P"]},{"damage_healed":0.0,"max_hp_gain":0.0,"max_hp_loss":0.0,"gold_gain":52.0,"event_name":"Golden Wing","player_choice":"Gained Gold","floor":11.0,"gold_loss":0.0,"damage_taken":0.0},{"cards_removed":["Strike_P"],"damage_healed":0.0,"max_hp_gain":0.0,"max_hp_loss":0.0,"gold_gain":0.0,"event_name":"Purifier","player_choice":"Purged","floor":21.0,"gold_loss":0.0,"damage_taken":0.0},{"damage_healed":0.0,"max_hp_gain":0.0,"max_hp_loss":0.0,"gold_gain":0.0,"event_name":"N\u0027loth","player_choice":"Ignored","floor":22.0,"gold_loss":0.0,"damage_taken":0.0},{"cards_removed":["Pray"],"damage_healed":0.0,"max_hp_gain":0.0,"max_hp_loss":0.0,"gold_gain":0.0,"event_name":"betterNote:BetterNote","player_choice":"Take \u0026 Give","floor":25.0,"gold_loss":0.0,"damage_taken":0.0,"cards_obtained":["Wraith Form v2"]},{"damage_healed":0,"gold_gain":0,"player_choice":"Memory 1","damage_taken":0,"max_hp_gain":0,"max_hp_loss":0,"event_name":"SensoryStone","floor":39,"gold_loss":0}],"is_beta":false,"boss_relics":[{"not_picked":["SlaversCollar","Pandora\u0027s Box"],"picked":"Snecko Eye"},{"not_picked":["Coffee Dripper","VioletLotus"],"picked":"Empty Cage"}],"items_purged_floors":[10,48],"is_endless":false,"potions_floor_spawned":[3,12,14,18,27,30,31,33,35,44,45,47],"killed_by":"Donu and Deca","ascension_level":0}}