{"host":"sum4dy402bbv9y4o","time":1613325401,"event":{"mods":["Aspiration","BaseMod","Conspire","Highlight Path","Minty Spire (QoL Compilation)","StSLib"],"gold_per_floor":[116,116,266,49,69,94,94,122,146,156,184,184,199,211,211,284,284,295,81,81,81,94,123,123,38,38,51,51,68,81,98,98,175,475,487,487,39,93,40,75,75,75,146,163,190,190,207,235,235,235,235],"floor_reached":50,"language":"ENG","playtime":1614,"items_purged":["Doubt","Injury"],"score":1521,"play_id":"06919b6d-deab-4839-a3b5-a9ed00d073c0","local_time":"20210214205641","is_ascension_mode":true,"campfire_choices":[{"data":"Eruption","floor":7,"key":"SMITH"},{"data":"FlurryOfBlows","floor":12,"key":"SMITH"},{"data":"Vigilance","floor":15,"key":"SMITH"},{"data":"Adaptation","floor":24,"key":"SMITH"},{"data":"EmptyBody","floor":32,"key":"SMITH"},{"floor":41,"key":"REST"},{"floor":49,"key":"REST"}],"circlet_count":0,"master_deck":["AscendersBane","Strike_P+1","Strike_P+1","Strike_P+1","Strike_P+1","Defend_P+1","Defend_P+1","Defend_P+1","Eruption+1","Vigilance+1","Fasting2","FlurryOfBlows+1","Wallop+1","FlyingSleeves+1","FlurryOfBlows+1","CrushJoints+1","Conclude+1","EmptyBody+1","FlurryOfBlows+1","Protect","Tantrum+1","Brilliance+1","FearNoEvil+1","Adaptation+1","BowlingBash+1","Protect","FollowUp+1","EmptyFist+1","FlurryOfBlows+1","Brilliance+1","CurseOfTheBell","Finesse+1","MentalFortress","FlurryOfBlows+1","TalkToTheHand+1","FollowUp+1","TalkToTheHand+1"],"relics":["PureWater","Molten Egg 2","HornCleat","Nunchaku","Akabeko","Bag of Marbles","VioletLotus","Meat on the Bone","aspiration:HiddenCompartment","aspiration:SeaSaltIceCream","PureWater","Calling Bell","Potion Belt","Kunai","Old Coin","TungstenRod","Dead Branch","Toy Ornithopter","InkBottle","Gambling Chip","Turnip"],"acts_visited":["TheCity","TheBeyond"],"potions_floor_usage":[8,11,16,27,33,33,40,42,50],"damage_taken":[{"damage":11,"enemies":"Small Slimes","floor":1,"turns":4},{"damage":2,"enemies":"2 Louse","floor":5,"turns":2},{"damage":0,"enemies":"Gremlin Nob","floor":6,"turns":3},{"damage":0,"enemies":"Lagavulin","floor":8,"turns":2},{"damage":4,"enemies":"conspire:RoseBush","floor":10,"turns":3},{"damage":0,"enemies":"Gremlin Nob","floor":11,"turns":3},{"damage":0,"enemies":"Exordium Wildlife","floor":13,"turns":1},{"damage":0,"enemies":"Blue Slaver","floor":14,"turns":2},{"damage":16,"enemies":"Hexaghost","floor":16,"turns":3},{"damage":13,"enemies":"Spheric Guardian","floor":18,"turns":4},{"damage":0,"enemies":"Chosen","floor":22,"turns":1},{"damage":20,"enemies":"Slavers","floor":23,"turns":3},{"damage":11,"enemies":"Centurion and Healer","floor":27,"turns":2},{"damage":0,"enemies":"Chosen and Byrds","floor":29,"turns":4},{"damage":0,"enemies":"Snecko","floor":30,"turns":2},{"damage":4,"enemies":"Shelled Parasite and Fungi","floor":31,"turns":7},{"damage":9,"enemies":"Collector","floor":33,"turns":5},{"damage":22,"enemies":"3 Darklings","floor":35,"turns":4},{"damage":13,"enemies":"2 Orb Walkers","floor":38,"turns":2},{"damage":30,"enemies":"Nemesis","floor":40,"turns":5},{"damage":0,"enemies":"Giant Head","floor":42,"turns":1},{"damage":0,"enemies":"Orb Walker","floor":44,"turns":2},{"damage":0,"enemies":"Nemesis","floor":45,"turns":4},{"damage":0,"enemies":"Transient","floor":47,"turns":6},{"damage":0,"enemies":"Giant Head","floor":48,"turns":4},{"damage":120,"enemies":"Awakened One","floor":50,"turns":5}],"seed_played":"-3766797519391658739","potions_obtained":[{"floor":1,"key":"Ambrosia"},{"floor":10,"key":"Regen Potion"},{"floor":13,"key":"Weak Potion"},{"floor":16,"key":"Weak Potion"},{"floor":18,"key":"PowerPotion"},{"floor":30,"key":"SkillPotion"},{"floor":35,"key":"SmokeBomb"},{"floor":45,"key":"SpeedPotion"}],"is_trial":false,"path_per_floor":["M","?","?","$","M","E","R","E","T","M","E","R","M","M","R","B",null,"M","$","?","?","M","E","R","?","T","M","?","M","M","M","R","B",null,"M","?","$","?","$","E","R","E","T","M","E","?","M","E","R","B"],"character_chosen":"WATCHER","items_purchased":["Wallop+1","FlyingSleeves+1","Adaptation","BowlingBash+1","TungstenRod","MentalFortress","FlurryOfBlows+1","ColorlessPotion"],"campfire_rested":2,"item_purchase_floors":[4,4,19,19,37,37,37,39],"current_hp_per_floor":[50,50,50,50,48,48,48,48,48,44,53,53,53,53,53,37,60,47,47,43,43,43,23,23,23,23,24,24,36,36,44,44,35,60,38,38,38,37,37,19,39,44,44,44,44,44,44,44,64,0,0],"gold":235,"neow_bonus":"TRANSFORM_CARD","is_daily":false,"chose_seed":false,"campfire_upgraded":5,"win_rate":0.0,"timestamp":1613325401,"path_taken":["M","?","?","$","M","E","R","E","T","M","E","R","M","M","R","BOSS","M","$","?","?","M","E","R","?","T","M","?","?","M","M","R","BOSS","M","?","$","?","$","E","R","E","T","M","E","?","?","E","R","BOSS"],"items_purchased_type":["Card","Card","Card","Card","Relic","Card","Card","Potion"],"build_version":"2020-12-22","purchased_purges":2,"victory":false,"max_hp_per_floor":[68,68,68,68,68,68,68,68,68,68,68,68,68,68,68,68,68,68,68,68,68,68,68,68,68,68,68,68,68,68,68,68,68,68,68,68,68,68,68,68,68,68,68,68,68,68,68,68,68,68,68],"card_choices":[{"not_picked":["Nirvana","Adaptation"],"picked":"FlurryOfBlows","floor":1},{"not_picked":["ClearTheMind","CutThroughFate+1"],"picked":"FlurryOfBlows+1","floor":5},{"not_picked":["Wireheading","Prostrate"],"picked":"CrushJoints+1","floor":6},{"not_picked":["Worship","Consecrate+1"],"picked":"Conclude+1","floor":8},{"not_picked":["Halt","Protect"],"picked":"EmptyBody","floor":10},{"not_picked":["CrushJoints+1","DeusExMachina"],"picked":"FlurryOfBlows+1","floor":11},{"not_picked":["Crescendo","Consecrate+1"],"picked":"Protect","floor":13},{"not_picked":["SandsOfTime+1","Fasting2"],"picked":"Tantrum+1","floor":14},{"not_picked":["Wish","Vault"],"picked":"Brilliance+1","floor":16},{"not_picked":["Prostrate","Pray"],"picked":"FearNoEvil+1","floor":18},{"not_picked":["PathToVictory","Conclude+1"],"picked":"Protect","floor":22},{"not_picked":["Crescendo","ConjureBlade"],"picked":"FollowUp+1","floor":23},{"not_picked":["Conclude+1","FlyingSleeves+1"],"picked":"EmptyFist+1","floor":27},{"not_picked":["Protect+1","Nirvana+1"],"picked":"FlurryOfBlows+1","floor":29},{"not_picked":["EmptyMind","Indignation","Wireheading+1"],"picked":"SKIP","floor":30},{"not_picked":["Crescendo","CarveReality+1","PathToVictory+1"],"picked":"SKIP","floor":31},{"not_picked":["Scrawl","Blasphemy"],"picked":"Brilliance+1","floor":33},{"not_picked":["PathToVictory","Nirvana","CutThroughFate+1"],"picked":"SKIP","floor":35},{"not_picked":["Sadistic Nature","Deep Breath"],"picked":"Finesse","floor":36},{"not_picked":["Crescendo+1","Halt+1"],"picked":"TalkToTheHand+1","floor":38},{"not_picked":["Fasting2","PathToVictory+1"],"picked":"FollowUp+1","floor":40},{"not_picked":["Vault","LikeWater","Prostrate"],"picked":"SKIP","floor":44},{"not_picked":["ClearTheMind","Consecrate+1"],"picked":"TalkToTheHand+1","floor":45},{"not_picked":["SandsOfTime+1","FlyingSleeves+1","CrushJoints+1"],"picked":"SKIP","floor":47},{"not_picked":["WreathOfFlame+1","Prostrate","ThirdEye"],"picked":"SKIP","floor":48}],"player_experience":3099305,"relics_obtained":[{"floor":6,"key":"HornCleat"},{"floor":8,"key":"Nunchaku"},{"floor":9,"key":"Akabeko"},{"floor":11,"key":"Bag of Marbles"},{"floor":23,"key":"Meat on the Bone"},{"floor":26,"key":"aspiration:SeaSaltIceCream"},{"floor":34,"key":"Potion Belt"},{"floor":34,"key":"Kunai"},{"floor":34,"key":"Old Coin"},{"floor":38,"key":"Dead Branch"},{"floor":40,"key":"Toy Ornithopter"},{"floor":43,"key":"InkBottle"},{"floor":45,"key":"Gambling Chip"},{"floor":48,"key":"Turnip"}],"event_choices":[{"damage_healed":0,"gold_gain":150,"player_choice":"AGREE","damage_taken":0,"max_hp_gain":0,"max_hp_loss":0,"event_name":"Liars Game","floor":3,"gold_loss":0,"cards_obtained":["Doubt"]},{"damage_healed":0,"gold_gain":0,"player_choice":"Leave","damage_taken":0,"max_hp_gain":0,"max_hp_loss":0,"event_name":"conspire:Investor","floor":20,"gold_loss":0},{"damage_healed":0,"gold_gain":0,"player_choice":"Simplicity","damage_taken":0,"max_hp_gain":0,"max_hp_loss":0,"event_name":"Back to Basics","floor":21,"gold_loss":0,"cards_upgraded":["Strike_P","Strike_P","Strike_P","Strike_P","Defend_P","Defend_P","Defend_P"]},{"damage_healed":0,"gold_gain":0,"player_choice":"Obtained Relic","damage_taken":0,"relics_obtained":["aspiration:HiddenCompartment"],"max_hp_gain":0,"max_hp_loss":0,"event_name":"Addict","floor":25,"gold_loss":85},{"damage_healed":0,"gold_gain":0,"player_choice":"Ignored","damage_taken":0,"max_hp_gain":0,"max_hp_loss":0,"event_name":"The Mausoleum","floor":28,"gold_loss":0},{"damage_healed":0,"gold_gain":0,"player_choice":"Memory 1","damage_taken":0,"max_hp_gain":0,"max_hp_loss":0,"event_name":"SensoryStone","floor":36,"gold_loss":0},{"damage_healed":0,"gold_gain":0,"player_choice":"Fight","damage_taken":0,"max_hp_gain":0,"max_hp_loss":0,"event_name":"Mysterious Sphere","floor":38,"gold_loss":0},{"damage_healed":0,"gold_gain":0,"player_choice":"Forge","damage_taken":0,"max_hp_gain":0,"max_hp_loss":0,"event_name":"Accursed Blacksmith","floor":46,"gold_loss":0,"cards_upgraded":["Finesse"]}],"is_beta":false,"boss_relics":[{"not_picked":["aspiration:FutureDiary","Sozu"],"picked":"VioletLotus"},{"not_picked":["Coffee Dripper","aspiration:RandomNobGenerator"],"picked":"Calling Bell"}],"items_purged_floors":[4,19],"is_endless":false,"potions_floor_spawned":[1,10,13,16,18,30,31,35,45],"killed_by":"Awakened One","ascension_level":20}}