{"host":"qy1e0kd24tpj3i2m","time":1613337816,"event":{"mods":["Act Like it!","BaseMod","Better Skull","Better Vampires","Colored Map","Colored Powertips","Custom Start","Faster Ascension Climbing","Friendly Minions","GifTheSpireLib","Gremlin Skip","Highlight Path","Minty Spire (QoL Compilation)","Permanent Neow","Poor People Problems","Quick Restart","Red Circlet Mod","Relic Filter Mod","Relic Sorter","Reorder Act Four","SacredBarkPlus","Shop Mod","StSLib","SuperFastMode","Transform Curses","没有小屋子和绿帽子啦"],"gold_per_floor":[153,428,461,278,312,312,312],"floor_reached":6,"language":"ZHS","playtime":226,"items_purged":["Regret"],"score":72,"play_id":"c9a1eb19-7c9f-4ba6-9299-b1f3ef5cd2f8","local_time":"20210215062336","is_ascension_mode":true,"campfire_choices":[],"circlet_count":0,"master_deck":["AscendersBane","Strike_R","Strike_R","Strike_R","Strike_R","Strike_R","Defend_R","Defend_R","Defend_R","Defend_R","Bash","HandOfGreed","Rupture","Ghostly Armor","Trip","Carnage"],"relics":["Burning Blood"],"acts_visited":["Exordium"],"potions_floor_usage":[],"damage_taken":[{"damage":1,"enemies":"2 Louse","floor":1,"turns":3},{"damage":9,"enemies":"Cultist","floor":3,"turns":4},{"damage":6,"enemies":"Jaw Worm","floor":5,"turns":5},{"damage":0,"enemies":"Gremlin Nob","floor":6,"turns":2}],"seed_played":"-575276388579240252","potions_obtained":[],"is_trial":false,"path_per_floor":["M","?","M","$","M","E"],"character_chosen":"IRONCLAD","items_purchased":["Trip"],"campfire_rested":0,"item_purchase_floors":[4],"current_hp_per_floor":[55,55,52,52,52,52,52],"gold":312,"neow_bonus":"RANDOM_COLORLESS_2","is_daily":false,"chose_seed":false,"campfire_upgraded":0,"win_rate":0.0,"timestamp":1613337816,"path_taken":["M","?","?","$","M","E"],"items_purchased_type":["Card"],"build_version":"2020-12-22","purchased_purges":1,"victory":false,"max_hp_per_floor":[75,75,75,75,75,75,75],"card_choices":[{"not_picked":["Secret Weapon","Panache"],"picked":"HandOfGreed","floor":0},{"not_picked":["Thunderclap","Headbutt"],"picked":"Rupture","floor":1},{"not_picked":["Havoc","Second Wind"],"picked":"Ghostly Armor","floor":3},{"not_picked":["True Grit","Havoc"],"picked":"Carnage","floor":5}],"player_experience":1040974,"relics_obtained":[],"event_choices":[{"damage_healed":0,"gold_gain":275,"player_choice":"Desecrate","damage_taken":0,"max_hp_gain":0,"max_hp_loss":0,"event_name":"Golden Shrine","floor":2,"gold_loss":0,"cards_obtained":["Regret"]}],"is_beta":false,"boss_relics":[],"items_purged_floors":[4],"is_endless":false,"potions_floor_spawned":[],"killed_by":"Gremlin Nob","ascension_level":20}}