{"host":"kh6fvhxn285ncg0o","time":1613344030,"event":{"mods":["Act Like it!","BaseMod","Colored Map","Friendly Minions","Keyboard Shortcuts","Minty Spire (QoL Compilation)","Quick Restart","Relic Stats","StSLib","SuperFastMode","UnlockEverythingMod"],"gold_per_floor":[114,114,114,127,127,154,154,179,202,214,242,258,284,301,301,375,375,389,389,404,1,1,1,35,35,104,134,134,145,179,194,194,267,267,283,335,335,349,319,350,365,390,390,390,390,401,401,434,434,434,434,434,434,26,51,51],"floor_reached":57,"language":"KOR","playtime":2006,"items_purged":["Strike_R","Strike_R"],"score":3152,"play_id":"9f50defe-1a54-4bf3-8882-6e8f36898ab7","local_time":"20210215080710","is_ascension_mode":true,"campfire_choices":[{"data":"Wild Strike","floor":7.0,"key":"SMITH"},{"data":"Rage","floor":15.0,"key":"SMITH"},{"data":"Evolve","floor":23.0,"key":"SMITH"},{"data":"Dark Embrace","floor":25.0,"key":"SMITH"},{"data":"Feed","floor":28.0,"key":"SMITH"},{"data":"Power Through","floor":32.0,"key":"SMITH"},{"data":"Body Slam","floor":44,"key":"SMITH"},{"floor":47,"key":"RECALL"},{"data":"Barricade","floor":49,"key":"SMITH"},{"data":"Shrug It Off","floor":53,"key":"SMITH"}],"circlet_count":0,"master_deck":["AscendersBane","Strike_R","Defend_R+1","Defend_R","Defend_R","Defend_R","Bash","Evolve+1","Second Wind+1","Wild Strike+1","Fiend Fire+1","Rage+1","Feed+1","Reaper","Dual Wield","Power Through+1","Dark Embrace+1","Shrug It Off+1","Shockwave+1","Body Slam+1","Barricade+1","Seeing Red"],"relics":["Burning Blood","NeowsBlessing","Dream Catcher","Art of War","Akabeko","Mango","Blood Vial","Coffee Dripper","PreservedInsect","Potion Belt","Regal Pillow","Bronze Scales","Cursed Key","Prayer Wheel","Smiling Mask","Question Card","Calipers","Sundial","StoneCalendar"],"acts_visited":["Exordium","TheCity","TheBeyond","TheEnding"],"potions_floor_usage":[46,56,56],"damage_taken":[{"damage":0.0,"enemies":"Small Slimes","floor":1.0,"turns":1.0},{"damage":0.0,"enemies":"2 Louse","floor":4.0,"turns":1.0},{"damage":0.0,"enemies":"Gremlin Nob","floor":6.0,"turns":1.0},{"damage":14.0,"enemies":"3 Sentries","floor":8.0,"turns":7.0},{"damage":0.0,"enemies":"Cultist","floor":10.0,"turns":3.0},{"damage":15.0,"enemies":"Lagavulin","floor":11.0,"turns":6.0},{"damage":17.0,"enemies":"Large Slime","floor":12.0,"turns":6.0},{"damage":8.0,"enemies":"Gremlin Nob","floor":13.0,"turns":3.0},{"damage":0.0,"enemies":"2 Fungi Beasts","floor":14.0,"turns":4.0},{"damage":28.0,"enemies":"The Guardian","floor":16.0,"turns":14.0},{"damage":28.0,"enemies":"2 Thieves","floor":18.0,"turns":5.0},{"damage":2.0,"enemies":"Chosen","floor":20.0,"turns":3.0},{"damage":20.0,"enemies":"Gremlin Leader","floor":24.0,"turns":5.0},{"damage":19.0,"enemies":"Slavers","floor":27.0,"turns":6.0},{"damage":16.0,"enemies":"Centurion and Healer","floor":29.0,"turns":10.0},{"damage":0.0,"enemies":"Gremlin Leader","floor":30.0,"turns":7.0},{"damage":12.0,"enemies":"3 Cultists","floor":31.0,"turns":5.0},{"damage":73.0,"enemies":"Automaton","floor":33.0,"turns":17.0},{"damage":8.0,"enemies":"3 Shapes","floor":35.0,"turns":4.0},{"damage":31.0,"enemies":"2 Orb Walkers","floor":36.0,"turns":5.0},{"damage":20.0,"enemies":"3 Darklings","floor":38.0,"turns":9.0},{"damage":0.0,"enemies":"Giant Head","floor":40.0,"turns":7.0},{"damage":13.0,"enemies":"4 Shapes","floor":41.0,"turns":6.0},{"damage":20.0,"enemies":"Nemesis","floor":42.0,"turns":5.0},{"damage":45,"enemies":"Spire Growth","floor":46,"turns":6},{"damage":30,"enemies":"Giant Head","floor":48,"turns":7},{"damage":46,"enemies":"Time Eater","floor":50,"turns":7},{"damage":42,"enemies":"Donu and Deca","floor":51,"turns":10},{"damage":66,"enemies":"Shield and Spear","floor":55,"turns":7},{"damage":77,"enemies":"The Heart","floor":56,"turns":8}],"seed_played":"1964757099443491845","potions_obtained":[{"floor":4.0,"key":"BlessingOfTheForge"},{"floor":6.0,"key":"Block Potion"},{"floor":8.0,"key":"ColorlessPotion"},{"floor":13.0,"key":"Energy Potion"},{"floor":18.0,"key":"EssenceOfSteel"},{"floor":30.0,"key":"GamblersBrew"},{"floor":33.0,"key":"Block Potion"},{"floor":38.0,"key":"AttackPotion"},{"floor":39.0,"key":"Fruit Juice"},{"floor":39.0,"key":"Fruit Juice"},{"floor":40.0,"key":"Explosive Potion"},{"floor":41.0,"key":"GamblersBrew"}],"is_trial":false,"path_per_floor":["M","?","?","M","?","E","R","E","T","M","E","M","E","M","R","B",null,"M","?","M","$","?","R","E","R","T","E","R","M","E","M","R","B",null,"M","?","?","M","?","E","M","E","T","R","T","M","R","E","R","B","B",null,"R","$","E","B",null],"character_chosen":"IRONCLAD","items_purchased":["PreservedInsect","Power Through","Dark Embrace","LiquidMemories","Sundial"],"campfire_rested":0,"item_purchase_floors":[21,21,21,54,54],"current_hp_per_floor":[74,74,74,75,52,58,58,50,50,56,61,50,48,56,56,36,76,62,62,68,68,68,68,75,75,75,71,71,86,98,104,104,57,95,110,103,103,120,125,129,142,146,146,146,146,115,115,111,111,83,77,141,141,141,83,27],"gold":51,"neow_bonus":"THREE_ENEMY_KILL","is_daily":false,"chose_seed":false,"campfire_upgraded":9,"win_rate":0.0,"timestamp":1613344030,"path_taken":["M","?","?","?","?","E","R","E","T","M","E","M","E","M","R","BOSS","M","?","M","$","?","R","E","R","T","E","R","M","E","?","R","BOSS","M","?","?","M","?","E","?","E","T","R","?","M","R","E","R","BOSS","BOSS","R","$","E","BOSS"],"items_purchased_type":["Relic","Card","Card","Potion","Relic"],"build_version":"2020-12-22","purchased_purges":2,"victory":true,"max_hp_per_floor":[75,75,75,75,75,75,75,75,75,75,89,89,89,89,89,89,89,89,89,89,89,89,89,89,89,89,92,92,96,100,104,104,108,108,112,116,116,120,125,129,142,146,146,146,146,150,150,154,154,158,162,162,162,162,162,162],"relic_stats":{"Regal Pillow":0,"counters":[30,185],"StoneCalendar":[0],"PreservedInsect":521,"Cursed Key":0,"Smiling Mask":50,"Question Card":4,"Burning Blood":152,"Blood Vial":34,"Dream Catcher":0,"Sundial":[10],"Bronze Scales":[385],"Prayer Wheel":3,"Art of War":[37],"obtain_stats":[{"Potion Belt":24,"Regal Pillow":27,"Calipers":48,"NeowsBlessing":0,"Mango":11,"StoneCalendar":55,"PreservedInsect":21,"Cursed Key":34,"Smiling Mask":40,"Question Card":42,"Burning Blood":0,"Akabeko":9,"Blood Vial":13,"Dream Catcher":6,"Sundial":54,"Bronze Scales":30,"Prayer Wheel":36,"Art of War":8,"Coffee Dripper":17},{"Potion Belt":13,"Regal Pillow":14,"Calipers":26,"NeowsBlessing":0,"Mango":6,"StoneCalendar":29,"PreservedInsect":12,"Cursed Key":18,"Smiling Mask":22,"Question Card":24,"Burning Blood":0,"Akabeko":4,"Blood Vial":8,"Dream Catcher":3,"Sundial":28,"Bronze Scales":16,"Prayer Wheel":20,"Art of War":4,"Coffee Dripper":10},{"Potion Belt":59,"Regal Pillow":65,"Calipers":153,"NeowsBlessing":0,"Mango":19,"StoneCalendar":177,"PreservedInsect":54,"Cursed Key":104,"Smiling Mask":129,"Question Card":140,"Burning Blood":0,"Akabeko":10,"Blood Vial":28,"Dream Catcher":3,"Sundial":170,"Bronze Scales":82,"Prayer Wheel":113,"Art of War":10,"Coffee Dripper":46}]},"card_choices":[{"not_picked":["Iron Wave","Shrug It Off"],"picked":"Evolve","floor":1.0},{"not_picked":["Intimidate","Headbutt"],"picked":"Second Wind","floor":4.0},{"not_picked":["Thunderclap","Perfected Strike"],"picked":"Wild Strike","floor":6.0},{"not_picked":["Perfected Strike","Sword Boomerang","Havoc"],"picked":"SKIP","floor":8.0},{"not_picked":["Pommel Strike","Clash","Cleave"],"picked":"SKIP","floor":10.0},{"not_picked":["Twin Strike","Wild Strike"],"picked":"Fiend Fire","floor":11.0},{"not_picked":["Rupture","Sever Soul","Perfected Strike"],"picked":"SKIP","floor":12.0},{"not_picked":["Body Slam","Headbutt"],"picked":"Rage","floor":13.0},{"not_picked":["Headbutt","Iron Wave"],"picked":"Feed","floor":14.0},{"not_picked":["Double Tap","Exhume"],"picked":"Reaper","floor":16.0},{"not_picked":["Ghostly Armor+1","Clothesline","True Grit"],"picked":"SKIP","floor":18.0},{"not_picked":["Armaments","Entrench"],"picked":"Dual Wield","floor":20.0},{"not_picked":["Berserk","Perfected Strike+1","Whirlwind"],"picked":"SKIP","floor":24.0},{"not_picked":["Pummel","Combust","Spot Weakness"],"picked":"SKIP","floor":27.0},{"not_picked":["Armaments","Entrench","Clash"],"picked":"SKIP","floor":29.0},{"not_picked":["Blood for Blood+1","Clothesline","Havoc"],"picked":"SKIP","floor":30.0},{"not_picked":["Second Wind","True Grit"],"picked":"Shrug It Off","floor":31.0},{"not_picked":["Reckless Charge","Shrug It Off"],"picked":"Shockwave+1","floor":35.0},{"not_picked":["Flex+1","Heavy Blade"],"picked":"Body Slam","floor":38.0},{"not_picked":["Dual Wield+1","Armaments","Body Slam"],"picked":"SKIP","floor":38.0},{"not_picked":["Juggernaut","True Grit","Wild Strike+1"],"picked":"SKIP","floor":40.0},{"not_picked":["Sword Boomerang","True Grit","Clash"],"picked":"SKIP","floor":41.0},{"not_picked":["Clothesline+1","Perfected Strike","Clash"],"picked":"SKIP","floor":41.0},{"not_picked":["Intimidate","Wild Strike"],"picked":"Barricade","floor":42.0},{"not_picked":["Ghostly Armor","Anger","Second Wind","Flex"],"picked":"SKIP","floor":46},{"not_picked":["Clothesline","Body Slam","Armaments","Heavy Blade"],"picked":"SKIP","floor":46},{"not_picked":["Heavy Blade","Reaper","True Grit","Havoc"],"picked":"SKIP","floor":48},{"not_picked":["Shrug It Off","Iron Wave","Flex+1"],"picked":"Seeing Red","floor":55}],"player_experience":1413461,"relics_obtained":[{"floor":6.0,"key":"Dream Catcher"},{"floor":8.0,"key":"Art of War"},{"floor":9.0,"key":"Akabeko"},{"floor":11.0,"key":"Mango"},{"floor":13.0,"key":"Blood Vial"},{"floor":24.0,"key":"Potion Belt"},{"floor":27.0,"key":"Regal Pillow"},{"floor":30.0,"key":"Bronze Scales"},{"floor":36.0,"key":"Prayer Wheel"},{"floor":40.0,"key":"Smiling Mask"},{"floor":42.0,"key":"Question Card"},{"floor":48,"key":"Calipers"},{"floor":55,"key":"StoneCalendar"}],"event_choices":[{"cards_removed":["Strike_R"],"damage_healed":0.0,"max_hp_gain":0.0,"max_hp_loss":0.0,"gold_gain":0.0,"event_name":"Living Wall","player_choice":"Forget","floor":2.0,"gold_loss":0.0,"damage_taken":0.0},{"cards_removed":["Strike_R"],"damage_healed":0.0,"max_hp_gain":0.0,"max_hp_loss":0.0,"gold_gain":0.0,"event_name":"Bonfire Elementals","player_choice":"Offered Basic","floor":3.0,"gold_loss":0.0,"damage_taken":0.0},{"damage_healed":0.0,"max_hp_gain":0.0,"max_hp_loss":0.0,"gold_gain":0.0,"event_name":"Shining Light","player_choice":"Entered Light","floor":5.0,"gold_loss":0.0,"damage_taken":23.0,"cards_upgraded":["Defend_R","Second Wind"]},{"damage_healed":0.0,"max_hp_gain":0.0,"max_hp_loss":0.0,"gold_gain":0.0,"event_name":"The Mausoleum","player_choice":"Ignored","floor":19.0,"gold_loss":0.0,"damage_taken":0.0},{"damage_healed":0.0,"max_hp_gain":0.0,"max_hp_loss":0.0,"gold_gain":0.0,"event_name":"Accursed Blacksmith","player_choice":"Forge","floor":22.0,"gold_loss":0.0,"damage_taken":0.0,"cards_upgraded":["Fiend Fire"]},{"damage_healed":0.0,"max_hp_gain":0.0,"max_hp_loss":0.0,"gold_gain":0.0,"event_name":"Mysterious Sphere","player_choice":"Fight","floor":36.0,"gold_loss":0.0,"damage_taken":0.0},{"damage_healed":0.0,"max_hp_gain":0.0,"max_hp_loss":0.0,"gold_gain":0.0,"event_name":"Tomb of Lord Red Mask","player_choice":"Ignored","floor":37.0,"gold_loss":0.0,"damage_taken":0.0},{"damage_healed":0.0,"max_hp_gain":0.0,"max_hp_loss":0.0,"gold_gain":0.0,"event_name":"The Woman in Blue","player_choice":"Bought 2 Potions","floor":39.0,"gold_loss":0.0,"damage_taken":0.0}],"is_beta":false,"boss_relics":[{"not_picked":["Snecko Eye","SlaversCollar"],"picked":"Coffee Dripper"},{"not_picked":["Empty Cage","Black Star"],"picked":"Cursed Key"}],"items_purged_floors":[21,54],"is_endless":false,"potions_floor_spawned":[4,6,8,13,18,30,33,38,40,41],"ascension_level":20}}