{"host":"clf2hd4adhiiw0zf","time":1613297638,"event":{"mods":["AchievementEnabler","BaseMod","Beaked The Cultist","Bestiary","Dark Map","Downfall","Gremlin Mod","Hermit","Jorbs\u0027s Wanderer Trilogy","Marisa????????","Minty Spire (QoL Compilation)","Shop Mod","StSLib","The Cursed","The Servant 0.9.4","Wide Potions"],"gold_per_floor":[99,115,22,122,141,41,64,64,91,91,110,95,128,144,160,257,257,157,175,175,190,295,295,344,344,374,384,409,444,344,101,111,206,206,206,223,239,251,251,266,290,317,335,435,449,449,481,495,512,512,512,539,14,14,14,14],"floor_reached":57,"language":"ENG","playtime":2578,"items_purged":["downfall:Icky"],"score":1957,"play_id":"a0bfff81-7152-4e01-90a0-d624797fe459","local_time":"20210214031358","is_ascension_mode":true,"campfire_choices":[{"floor":1.0,"key":"RECALL"},{"data":"champ:StrikeOfGenius","floor":6.0,"key":"SMITH"},{"data":"champ:PerfectedStrike","floor":8.0,"key":"SMITH"},{"data":"champ:Duel","floor":10.0,"key":"SMITH"},{"data":"champ:SteelEdge","floor":18.0,"key":"SMITH"},{"data":"expansioncontent:PrepareCrush","floor":30.0,"key":"SMITH"},{"data":"champ:HoldFirm","floor":35.0,"key":"SMITH"},{"data":"champ:PerfectedStrike","floor":46.0,"key":"SMITH"},{"floor":54.0,"key":"REST"}],"circlet_count":0,"master_deck":["AscendersBane","champ:Strike","champ:Strike","champ:Strike","champ:Defend","champ:Defend","champ:Defend","champ:Defend","champ:Execute","champ:Taunt","champ:AdrenalArmor","champ:StrikeOfGenius+1","champ:Duel+1","champ:PerfectedStrike+1","champ:DeathBlow","champ:Improvising","champ:Backstep","champ:TornadoPunch","champ:SteelEdge+1","champ:Haymaker","champ:LastStand","champ:Shatter","champ:IgnorePain","champ:RecklessLeap+1","expansioncontent:PrepareCrush+1","Pride","champ:LastStand","champ:EnGarde","champ:HoldFirm+1","champ:BringItOn","champ:Haymaker","champ:PerfectedStrike+1","expansioncontent:PrepareCrush","champ:EnchantShield","champ:BladeFlurry+1","champ:RecklessLeap+1","champ:EndlessRage+1","champ:Parry","champ:MurderStrike","champ:EnchantCrown"],"relics":["Snecko Eye","downfall:HeartBlessingRed","bronze:BronzeIdol","Pantograph","Pear","Philosopher\u0027s Stone","downfall:HeartBlessingGreen","HandDrill","Letter Opener","Blood Vial","Red Mask","StrikeDummy","downfall:HeartBlessingBlue","Shuriken","Cursed Key","Boot","Torii","Toy Ornithopter","Bottled Lightning","Lantern","hexamod:BolsterEngine","Anchor","Cauldron"],"acts_visited":["Exordium","TheCity","TheBeyond","TheEnding"],"potions_floor_usage":[56],"damage_taken":[{"damage":21.0,"enemies":"Cultist","floor":2.0,"turns":3.0},{"damage":20.0,"enemies":"downfall:FleeingMerchant","floor":3.0,"turns":4.0},{"damage":17.0,"enemies":"Jaw Worm","floor":5.0,"turns":3.0},{"damage":12.0,"enemies":"Gremlin Nob","floor":9.0,"turns":4.0},{"damage":0.0,"enemies":"2 Louse","floor":11.0,"turns":2.0},{"damage":40.0,"enemies":"downfall:FleeingMerchant","floor":12.0,"turns":4.0},{"damage":10.0,"enemies":"3 Sentries","floor":13.0,"turns":4.0},{"damage":20.0,"enemies":"Gremlin Gang","floor":14.0,"turns":2.0},{"damage":10.0,"enemies":"2 Fungi Beasts","floor":15.0,"turns":3.0},{"damage":19.0,"enemies":"SI_SHIV_ARCHETYPE","floor":16.0,"turns":5.0},{"damage":10.0,"enemies":"Chosen","floor":19.0,"turns":3.0},{"damage":0.0,"enemies":"Shell Parasite","floor":21.0,"turns":2.0},{"damage":20.0,"enemies":"downfall:FleeingMerchant","floor":22.0,"turns":4.0},{"damage":37.0,"enemies":"Slavers","floor":26.0,"turns":3.0},{"damage":41.0,"enemies":"3 Cultists","floor":27.0,"turns":4.0},{"damage":0.0,"enemies":"Masked Bandits","floor":28.0,"turns":3.0},{"damage":14.0,"enemies":"Gremlin Leader","floor":29.0,"turns":4.0},{"damage":10.0,"enemies":"Cultist and Chosen","floor":32.0,"turns":4.0},{"damage":68.0,"enemies":"DF_ARCHETYPE_CLAW","floor":33.0,"turns":8.0},{"damage":20.0,"enemies":"Orb Walker","floor":36.0,"turns":4.0},{"damage":48.0,"enemies":"3 Shapes","floor":37.0,"turns":3.0},{"damage":34.0,"enemies":"Sphere and 2 Shapes","floor":38.0,"turns":4.0},{"damage":10.0,"enemies":"Jaw Worm Horde","floor":40.0,"turns":5.0},{"damage":24.0,"enemies":"Giant Head","floor":42.0,"turns":6.0},{"damage":23.0,"enemies":"Maw","floor":43.0,"turns":6.0},{"damage":10.0,"enemies":"downfall:LadyInBlue","floor":44.0,"turns":6.0},{"damage":1.0,"enemies":"Sphere and 2 Shapes","floor":45.0,"turns":4.0},{"damage":43.0,"enemies":"Nemesis","floor":47.0,"turns":3.0},{"damage":20.0,"enemies":"Transient","floor":48.0,"turns":5.0},{"damage":0.0,"enemies":"Spire Growth","floor":49.0,"turns":3.0},{"damage":50.0,"enemies":"WA_ARCHETYPE_DIVINITY","floor":50.0,"turns":9.0},{"damage":135.0,"enemies":"downfall:CharBossMerchant","floor":52.0,"turns":8.0},{"damage":87.0,"enemies":"downfall:NeowBoss","floor":55.0,"turns":13.0},{"damage":61,"enemies":"downfall:NeowBossFinal","floor":56,"turns":6}],"seed_played":"-7164096541253203302","potions_obtained":[{"floor":5.0,"key":"Energy Potion"},{"floor":13.0,"key":"bronze:BurnAndBuffPotion"},{"floor":14.0,"key":"PowerPotion"},{"floor":26.0,"key":"Energy Potion"},{"floor":28.0,"key":"Fruit Juice"},{"floor":32.0,"key":"Strength Potion"},{"floor":36.0,"key":"EntropicBrew"},{"floor":38.0,"key":"DistilledChaos"},{"floor":49.0,"key":"EntropicBrew"},{"floor":53.0,"key":"bronze:BurnAndBuffPotion"}],"is_trial":false,"path_per_floor":["R","M","$","?","M","R","T","R","E","R","M","$","E","M","M","B",null,"R","M","?","M","$","?","T","?","E","M","?","E","R","$","M","B",null,"R","M","M","M","?","M","T","E","M","?","M","R","E","M","M","B",null,"E","$","R","B","B",null],"character_chosen":"THE_CHAMP","items_purchased":["champ:Duel","expansioncontent:PrepareCrush","HandDrill","Shuriken","hexamod:BolsterEngine","Anchor","Cauldron"],"campfire_rested":1,"item_purchase_floors":[3,22,22,31,53,53,53],"current_hp_per_floor":[81,80,80,80,73,73,73,73,71,71,71,71,81,81,81,91,98,98,98,98,98,98,98,98,98,71,52,59,57,67,67,69,63,102,102,104,78,66,66,68,68,66,55,57,58,58,42,49,51,94,110,27,27,61,27,23],"gold":14,"neow_bonus":"BOSS_RELIC","is_daily":false,"chose_seed":false,"campfire_upgraded":7,"win_rate":0.0,"timestamp":1613297638,"path_taken":["R","M","?","?","?","R","T","R","E","R","M","$","E","M","M","BOSS","R","M","?","?","$","?","T","?","E","M","?","E","R","$","M","BOSS","R","M","M","M","?","M","T","E","M","?","M","R","E","M","M","BOSS","E","$","R","BOSS","BOSS"],"items_purchased_type":["Card","Card","Relic","Relic","Relic","Relic","Relic"],"build_version":"2020-12-22","purchased_purges":1,"victory":true,"max_hp_per_floor":[90,90,90,90,90,90,90,90,90,90,90,90,100,100,100,100,100,100,100,100,100,100,100,100,100,100,100,105,105,115,115,115,115,115,115,115,115,115,115,115,115,115,115,115,115,115,115,115,115,115,115,115,115,115,115,115],"card_choices":[{"not_picked":["champ:EnragedBash","champ:Shatter"],"picked":"champ:AdrenalArmor","floor":2.0},{"not_picked":["champ:BringItOn","champ:TornadoPunch"],"picked":"champ:StrikeOfGenius","floor":3.0},{"not_picked":["champ:Shatter","champ:BerserkerStyle"],"picked":"champ:PerfectedStrike","floor":5.0},{"not_picked":["champ:CrookedStrike","champ:CrownThrow"],"picked":"champ:DeathBlow","floor":9.0},{"not_picked":["champ:FocusedBerserking","champ:AdrenalArmor"],"picked":"champ:Improvising","floor":11.0},{"not_picked":["champ:Haymaker","champ:BerserkersShout"],"picked":"champ:Backstep","floor":12.0},{"not_picked":["champ:BerserkersShout","champ:EnragedBash"],"picked":"champ:TornadoPunch","floor":13.0},{"not_picked":["champ:FlashCut","champ:HeartStrike"],"picked":"champ:SteelEdge","floor":14.0},{"not_picked":["champ:TornadoPunch","champ:FocusedDefense"],"picked":"champ:Haymaker","floor":15.0},{"not_picked":["champ:DancingMaster","champ:TripleStrike"],"picked":"champ:LastStand","floor":16.0},{"not_picked":["champ:GutPunch","champ:Backstep"],"picked":"champ:Shatter","floor":19.0},{"not_picked":["champ:FancyFootwork","champ:AdrenalArmor"],"picked":"champ:IgnorePain","floor":21.0},{"not_picked":["champ:Circumvent+1","champ:FocusedDefense"],"picked":"champ:RecklessLeap+1","floor":22.0},{"not_picked":["champ:IronFortress+1","champ:ShieldSigil","champ:PreemptiveStrike+1"],"picked":"SKIP","floor":26.0},{"not_picked":["champ:AdrenalArmor","champ:CrownThrow","champ:ShieldSigil+1"],"picked":"SKIP","floor":27.0},{"not_picked":["champ:Shatter","champ:DefensiveStyle+1"],"picked":"champ:LastStand","floor":29.0},{"not_picked":["champ:DefensiveShout","champ:CrownThrow"],"picked":"champ:EnGarde","floor":32.0},{"not_picked":["champ:EnchantSword","champ:EnchantShield"],"picked":"champ:HoldFirm","floor":33.0},{"not_picked":["champ:EndlessRage","champ:PreciseThrust"],"picked":"champ:BringItOn","floor":36.0},{"not_picked":["champ:FalseCounter","champ:Backstep"],"picked":"champ:Haymaker","floor":37.0},{"not_picked":["champ:GutPunch","champ:AdrenalArmor"],"picked":"champ:PerfectedStrike","floor":38.0},{"not_picked":["expansioncontent:Hexaburn","expansioncontent:Chronoboost"],"picked":"expansioncontent:PrepareCrush","floor":39.0},{"not_picked":["champ:BerserkersShout+1","champ:BringItOn"],"picked":"champ:EnchantShield","floor":40.0},{"not_picked":["champ:EndlessRage","champ:Backstep+1"],"picked":"champ:BladeFlurry+1","floor":42.0},{"not_picked":["champ:FanOfKnives","champ:StanceDance"],"picked":"champ:RecklessLeap+1","floor":43.0},{"not_picked":["champ:GutPunch","champ:DefensiveShout+1"],"picked":"champ:EndlessRage+1","floor":44.0},{"not_picked":["champ:BladeFlurry","champ:DefensiveShout","champ:RecklessLeap"],"picked":"SKIP","floor":45.0},{"not_picked":["champ:Haymaker","champ:RisingSlash"],"picked":"champ:Parry","floor":47.0},{"not_picked":["champ:GutPunch+1","champ:CrookedStrike","champ:SwordSigil"],"picked":"SKIP","floor":48.0},{"not_picked":["champ:CalledShot","champ:EnragedBash"],"picked":"champ:MurderStrike","floor":49.0},{"not_picked":["champ:AdrenalArmor","champ:FancyFootwork+1"],"picked":"champ:EnchantCrown","floor":52.0}],"player_experience":285992,"relics_obtained":[{"floor":7.0,"key":"bronze:BronzeIdol"},{"floor":9.0,"key":"Pantograph"},{"floor":13.0,"key":"Pear"},{"floor":26.0,"key":"Blood Vial"},{"floor":28.0,"key":"Red Mask"},{"floor":29.0,"key":"StrikeDummy"},{"floor":41.0,"key":"Boot"},{"floor":42.0,"key":"Torii"},{"floor":44.0,"key":"Toy Ornithopter"},{"floor":47.0,"key":"Bottled Lightning"},{"floor":52.0,"key":"Lantern"}],"event_choices":[{"damage_healed":0.0,"max_hp_gain":0.0,"max_hp_loss":0.0,"gold_gain":0.0,"event_name":"Vampires","player_choice":"Ignored","floor":23.0,"gold_loss":0.0,"damage_taken":0.0},{"damage_healed":0.0,"max_hp_gain":0.0,"max_hp_loss":0.0,"gold_gain":0.0,"event_name":"Addict","player_choice":"Stole Relic","floor":25.0,"gold_loss":0.0,"damage_taken":0.0,"relics_obtained":["Letter Opener"],"cards_obtained":["Pride"]},{"damage_healed":0.0,"max_hp_gain":0.0,"max_hp_loss":0.0,"gold_gain":0.0,"event_name":"Masked Bandits","player_choice":"Fought Bandits","floor":28.0,"gold_loss":0.0,"damage_taken":0.0}],"is_beta":false,"boss_relics":[{"not_picked":["beaked:MawFillet","Calling Bell"],"picked":"Philosopher\u0027s Stone"},{"not_picked":["Runic Dome","bronze:MakeshiftBattery"],"picked":"Cursed Key"}],"items_purged_floors":[53],"is_endless":false,"potions_floor_spawned":[5,13,14,15,26,28,32,36,38,40,42,47,49,52],"ascension_level":12}}