{"host":"7yyoe0ei0fseceei","time":1613299880,"event":{"mods":["BaseMod","Colored Map","Highlight Path","Minty Spire (QoL Compilation)","Quick Restart"],"gold_per_floor":[112,112,129,141,141,141,13,42,42,42,59,33,33,51,51,122,122,137,149,168,187,39,39,53,53,133,133,145,145,35,52,52,130,130,145,145,167,10,24,24,61,79,105,138,138,152,202,23,23,23,23],"floor_reached":52,"language":"ENG","playtime":2685,"items_purged":["Strike_B","Strike_B","Parasite"],"score":1722,"play_id":"6a388cc5-6af5-4ec0-a39b-c0579a4850c3","local_time":"20210214115120","is_ascension_mode":true,"campfire_choices":[{"data":"Consume","floor":6,"key":"SMITH"},{"floor":10,"key":"REST"},{"floor":13,"key":"REST"},{"data":"Creative AI","floor":15,"key":"SMITH"},{"floor":23,"key":"REST"},{"floor":25,"key":"REST"},{"data":"Capacitor","floor":27,"key":"SMITH"},{"floor":32,"key":"REST"},{"floor":40,"key":"REST"},{"floor":45,"key":"REST"},{"floor":49,"key":"REST"}],"circlet_count":0,"master_deck":["AscendersBane","Defend_B+1","Defend_B+1","Defend_B","Dualcast+1","Ball Lightning+1","Cold Snap","Consume+1","Electrodynamics+1","Cold Snap","Hologram+1","Creative AI+1","Fission+1","Force Field+1","Lockon","Redo+1","Double Energy+1","Chill+1","Capacitor+1","Turbo+1","Rainbow+1","Rainbow+1","CurseOfTheBell","Hologram+1","Redo+1","Defragment+1"],"relics":["Cracked Core","Cables","Toxic Egg 2","Nuclear Battery","Gremlin Horn","Calling Bell","CeramicFish","Frozen Egg 2","CaptainsWheel","HornCleat","Potion Belt"],"acts_visited":["Exordium","TheCity","TheBeyond"],"potions_floor_usage":[8,16,18,20,21,22,33,33,41,42,50],"damage_taken":[{"damage":4,"enemies":"Jaw Worm","floor":1,"turns":3},{"damage":9,"enemies":"Small Slimes","floor":3,"turns":3},{"damage":1,"enemies":"2 Louse","floor":4,"turns":2},{"damage":12,"enemies":"3 Sentries","floor":8,"turns":6},{"damage":12,"enemies":"Exordium Thugs","floor":11,"turns":2},{"damage":3,"enemies":"Blue Slaver","floor":14,"turns":4},{"damage":32,"enemies":"The Guardian","floor":16,"turns":11},{"damage":0,"enemies":"Spheric Guardian","floor":18,"turns":3},{"damage":24,"enemies":"Shell Parasite","floor":19,"turns":6},{"damage":11,"enemies":"Shelled Parasite and Fungi","floor":20,"turns":8},{"damage":20,"enemies":"Cultist and Chosen","floor":21,"turns":5},{"damage":0,"enemies":"Centurion and Healer","floor":24,"turns":6},{"damage":22,"enemies":"Snake Plant","floor":28,"turns":4},{"damage":0,"enemies":"3 Cultists","floor":31,"turns":3},{"damage":32,"enemies":"Automaton","floor":33,"turns":7},{"damage":0,"enemies":"3 Shapes","floor":35,"turns":3},{"damage":0,"enemies":"Orb Walker","floor":37,"turns":2},{"damage":15,"enemies":"Maw","floor":39,"turns":7},{"damage":40,"enemies":"Giant Head","floor":41,"turns":8},{"damage":12,"enemies":"Sphere and 2 Shapes","floor":42,"turns":6},{"damage":7,"enemies":"Writhing Mass","floor":44,"turns":8},{"damage":0,"enemies":"4 Shapes","floor":46,"turns":4},{"damage":23,"enemies":"Donu and Deca","floor":50,"turns":9},{"damage":33,"enemies":"Time Eater","floor":51,"turns":12}],"seed_played":"-8578374226453315682","potions_obtained":[{"floor":14,"key":"EssenceOfSteel"},{"floor":16,"key":"Regen Potion"},{"floor":19,"key":"Block Potion"},{"floor":20,"key":"AttackPotion"},{"floor":24,"key":"BlessingOfTheForge"},{"floor":31,"key":"SkillPotion"},{"floor":37,"key":"FairyPotion"},{"floor":41,"key":"LiquidMemories"},{"floor":42,"key":"FearPotion"}],"is_trial":false,"path_per_floor":["M","?","M","M","?","R","$","E","T","R","M","$","R","M","R","B",null,"M","M","M","M","$","R","M","R","T","R","M","?","?","M","R","B",null,"M","?","M","$","M","R","E","M","T","M","R","M","?","$","R","B","B",null],"character_chosen":"DEFECT","items_purchased":["Block Potion","Hologram+1","Chill+1","Fruit Juice","Weak Potion","Energy Potion"],"campfire_rested":8,"item_purchase_floors":[7,12,22,22,38,48],"current_hp_per_floor":[60,60,51,50,31,31,31,19,19,38,26,26,45,42,42,10,51,60,36,25,5,10,30,30,50,50,50,28,28,28,28,48,16,56,56,56,56,56,41,61,21,9,9,2,22,22,22,22,41,18,4],"gold":23,"neow_bonus":"REMOVE_TWO","is_daily":false,"chose_seed":false,"campfire_upgraded":3,"win_rate":0.0,"timestamp":1613299880,"path_taken":["M","?","M","M","?","R","?","E","T","R","M","$","R","M","R","BOSS","M","M","M","M","$","R","M","R","T","R","M","?","?","?","R","BOSS","M","?","?","$","M","R","E","M","T","M","R","M","?","?","R","BOSS","BOSS"],"items_purchased_type":["Potion","Card","Card","Potion","Potion","Potion"],"build_version":"2020-12-22","purchased_purges":3,"victory":true,"max_hp_per_floor":[64,64,64,64,64,64,64,64,64,64,64,64,64,64,64,64,64,64,64,64,64,69,69,69,69,69,69,69,69,69,69,69,69,69,69,69,69,69,69,69,69,69,69,69,69,69,69,66,66,66,66],"card_choices":[{"not_picked":["Redo","Hologram"],"picked":"Ball Lightning","floor":1},{"not_picked":["Stack","Redo"],"picked":"Cold Snap","floor":3},{"not_picked":["Gash","Beam Cell"],"picked":"Consume","floor":4},{"not_picked":["Doom and Gloom","Double Energy"],"picked":"Electrodynamics","floor":8},{"not_picked":["Go for the Eyes","Streamline"],"picked":"Cold Snap","floor":11},{"not_picked":["Recycle+1","Beam Cell"],"picked":"Creative AI","floor":14},{"not_picked":["Machine Learning","Core Surge"],"picked":"Fission+1","floor":16},{"not_picked":["Go for the Eyes","FTL"],"picked":"Force Field+1","floor":18},{"not_picked":["Compile Driver+1","Ball Lightning"],"picked":"Lockon","floor":19},{"not_picked":["Conserve Battery+1","Beam Cell"],"picked":"Redo+1","floor":20},{"not_picked":["Compile Driver","Sunder"],"picked":"Double Energy+1","floor":21},{"not_picked":["Genetic Algorithm+1","Go for the Eyes"],"picked":"Capacitor","floor":24},{"not_picked":["Stack+1","Beam Cell"],"picked":"Turbo+1","floor":28},{"not_picked":["Stack+1","Leap+1"],"picked":"Rainbow+1","floor":31},{"not_picked":["Creative AI","Fission+1"],"picked":"Rainbow+1","floor":33},{"not_picked":["Sweeping Beam","Beam Cell+1","Sunder"],"picked":"SKIP","floor":35},{"not_picked":["Double Energy+1","Turbo+1"],"picked":"Hologram+1","floor":37},{"not_picked":["Coolheaded+1","Sweeping Beam","Compile Driver"],"picked":"SKIP","floor":39},{"not_picked":["All For One","Steam+1"],"picked":"Redo+1","floor":41},{"not_picked":["Blizzard","Consume+1","Redo+1"],"picked":"SKIP","floor":42},{"not_picked":["Barrage","Force Field+1"],"picked":"Defragment+1","floor":44},{"not_picked":["Ball Lightning+1","Compile Driver","Barrage"],"picked":"SKIP","floor":46}],"player_experience":920996,"relics_obtained":[{"floor":8,"key":"Cables"},{"floor":9,"key":"Toxic Egg 2"},{"floor":26,"key":"Gremlin Horn"},{"floor":34,"key":"CeramicFish"},{"floor":34,"key":"Frozen Egg 2"},{"floor":34,"key":"CaptainsWheel"},{"floor":41,"key":"HornCleat"},{"floor":43,"key":"Potion Belt"}],"event_choices":[{"damage_healed":0,"gold_gain":0,"player_choice":"Grow","damage_taken":0,"max_hp_gain":0,"max_hp_loss":0,"event_name":"Living Wall","floor":2,"gold_loss":0,"cards_upgraded":["Dualcast"]},{"damage_healed":0,"gold_gain":0,"player_choice":"Entered Light","damage_taken":19,"max_hp_gain":0,"max_hp_loss":0,"event_name":"Shining Light","floor":5,"gold_loss":0,"cards_upgraded":["Defend_B","Defend_B"]},{"cards_removed":["Zap"],"damage_healed":0,"gold_gain":0,"player_choice":"Elegance","damage_taken":0,"max_hp_gain":0,"max_hp_loss":0,"event_name":"Back to Basics","floor":29,"gold_loss":0},{"cards_removed":["Strike_B"],"damage_healed":0,"gold_gain":0,"player_choice":"Upgrade and Remove","damage_taken":0,"max_hp_gain":0,"max_hp_loss":0,"event_name":"Designer","floor":30,"gold_loss":110,"cards_upgraded":["Ball Lightning"]},{"damage_healed":0,"gold_gain":0,"player_choice":"Upgraded","damage_taken":0,"max_hp_gain":0,"max_hp_loss":0,"event_name":"Upgrade Shrine","floor":36,"gold_loss":0,"cards_upgraded":["Electrodynamics"]},{"damage_healed":0,"gold_gain":50,"player_choice":"Pray","damage_taken":0,"max_hp_gain":0,"max_hp_loss":0,"event_name":"Golden Shrine","floor":47,"gold_loss":0}],"is_beta":false,"boss_relics":[{"not_picked":["Fusion Hammer","SlaversCollar"],"picked":"Nuclear Battery"},{"not_picked":["Runic Pyramid","Pandora\u0027s Box"],"picked":"Calling Bell"}],"items_purged_floors":[7,38,48],"is_endless":false,"potions_floor_spawned":[14,16,19,20,24,31,37,41,42],"ascension_level":20}}