{"host":"onfdonezo2qmaex3","time":1613298324,"event":{"mods":["2.2 Compatiblity","AchievementEnabler","Act Like it!","Aspiration","BaseMod","Colored Powertips","Downfall","Friendly Minions","Gensokyo","Hallownest","Hermit","Highlight Path","Jorbs\u0027s Wanderer Trilogy","Marisa????????","Marked Mod","Minty Spire (QoL Compilation)","Quick Restart","Reliquary","Shop Mod","StSLib","The Disciple","The Hayseed","The Hierophant","The Marked","The Runesmith"],"gold_per_floor":[116,41,58,58,58,86,86,16,16,49,49,79,98,49,49,49,49],"floor_reached":16,"language":"ENG","playtime":557,"items_purged":["Defend_G"],"score":158,"play_id":"5a5642b1-c21b-4530-a0c2-a92396fa5e2f","local_time":"20210214112524","is_ascension_mode":true,"campfire_choices":[{"data":"Neutralize","floor":7,"key":"SMITH"},{"data":"Cloak And Dagger","floor":11,"key":"SMITH"},{"data":"Cloak And Dagger","floor":15,"key":"SMITH"}],"circlet_count":0,"master_deck":["Strike_G","Strike_G","Strike_G","Strike_G","Strike_G","Defend_G","Defend_G","Defend_G","Defend_G","Survivor","Neutralize+1","Deflect+1","Cloak And Dagger+1","Die Die Die","Cloak And Dagger+1"],"relics":["Ring of the Snake","NeowsBlessing","reliquary:ExpiredCoupon","reliquary:WeakTea","reliquary:BallBearing","Bronze Scales","Shuriken"],"acts_visited":["Gensokyo:Gensokyo"],"potions_floor_usage":[10,12],"damage_taken":[{"damage":0,"enemies":"Gensokyo:2_Kodama","floor":1,"turns":1},{"damage":0,"enemies":"Gensokyo:Python","floor":3,"turns":1},{"damage":0,"enemies":"Gensokyo:Aya","floor":6,"turns":1},{"damage":26,"enemies":"Gensokyo:Cirno","floor":10,"turns":8},{"damage":17,"enemies":"Gensokyo:Mamizou","floor":12,"turns":10},{"damage":0,"enemies":"Gensokyo:3_Fairies","floor":13,"turns":3},{"damage":31,"enemies":"Gensokyo:Yukari","floor":16,"turns":5}],"seed_played":"-2619636133333048342","potions_obtained":[{"floor":1,"key":"Weak Potion"},{"floor":3,"key":"SteroidPotion"},{"floor":12,"key":"champ:CounterPotion"}],"is_trial":false,"path_per_floor":["M","$","M","?","?","E","R","?","T","E","R","E","M","$","R","B"],"character_chosen":"THE_SILENT","items_purchased":["Cloak And Dagger"],"campfire_rested":0,"item_purchase_floors":[14],"current_hp_per_floor":[70,70,70,70,70,70,70,70,70,44,44,27,27,27,27,0,0],"gold":49,"neow_bonus":"THREE_ENEMY_KILL","is_daily":false,"chose_seed":false,"campfire_upgraded":3,"win_rate":0.0,"timestamp":1613298324,"path_taken":["M","$","M","?","?","E","R","?","T","E","R","E","?","?","R","BOSS"],"items_purchased_type":["Card"],"build_version":"2020-12-22","purchased_purges":1,"victory":false,"max_hp_per_floor":[70,70,70,70,70,70,70,70,70,70,70,70,70,70,70,70,70],"card_choices":[{"not_picked":["Eviscerate","Riddle With Holes","Acrobatics"],"picked":"SKIP","floor":1},{"not_picked":["Masterful Stab","Footwork","Acrobatics"],"picked":"SKIP","floor":3},{"not_picked":["Underhanded Strike","Concentrate"],"picked":"Deflect","floor":4},{"not_picked":["Footwork","Acrobatics","Prepared"],"picked":"SKIP","floor":6},{"not_picked":["Infinite Blades","Accuracy"],"picked":"Cloak And Dagger","floor":10},{"not_picked":["Caltrops","Dagger Spray"],"picked":"Die Die Die","floor":12},{"not_picked":["Slice","PiercingWail","Predator"],"picked":"SKIP","floor":13}],"player_experience":187098,"relics_obtained":[{"floor":6,"key":"reliquary:ExpiredCoupon"},{"floor":9,"key":"reliquary:BallBearing"},{"floor":10,"key":"Bronze Scales"},{"floor":12,"key":"Shuriken"}],"event_choices":[],"is_beta":false,"boss_relics":[],"items_purged_floors":[2],"is_endless":false,"potions_floor_spawned":[1,3,12],"killed_by":"Gensokyo:Yukari","ascension_level":3}}