{"host":"3fkfvghcp0rk081z","time":1613288861,"event":{"mods":["BaseMod","Better-Laid Plans","Minty Spire (QoL Compilation)","Quick Restart","StSLib","【功能Mod】Neow奖励","【功能Mod】强力的原版药水"],"gold_per_floor":[111,126,126,143,68,102,118,118,118,193,193,216,35,51,51,179,179,154,177,0,21,21,21],"floor_reached":22,"language":"ZHS","playtime":1351,"items_purged":[],"score":222,"play_id":"4433f8b5-99b4-4085-97dc-7b1b4deb1ac4","local_time":"20210214154741","is_ascension_mode":true,"campfire_choices":[{"floor":8,"key":"REST"},{"data":"Zap","floor":15,"key":"SMITH"}],"circlet_count":0,"master_deck":["Strike_B","Strike_B","Strike_B","Defend_B","Defend_B","Defend_B","Defend_B","Zap+1","Dualcast","Storm","Steam","Injury","Static Discharge","Amplify","Streamline","Self Repair"],"relics":["Busted Crown","Shuriken","Incense Burner","Golden Idol","Medical Kit","Philosopher\u0027s Stone"],"acts_visited":["Exordium","TheCity"],"potions_floor_usage":[16,18,21],"damage_taken":[{"damage":0,"enemies":"Cultist","floor":1,"turns":4},{"damage":0,"enemies":"Small Slimes","floor":2,"turns":3},{"damage":8,"enemies":"2 Louse","floor":4,"turns":3},{"damage":48,"enemies":"Gremlin Nob","floor":6,"turns":5},{"damage":3,"enemies":"Exordium Wildlife","floor":7,"turns":3},{"damage":18,"enemies":"Exordium Thugs","floor":12,"turns":6},{"damage":5,"enemies":"3 Louse","floor":14,"turns":3},{"damage":52,"enemies":"The Guardian","floor":16,"turns":9},{"damage":25,"enemies":"2 Thieves","floor":18,"turns":5},{"damage":37,"enemies":"3 Byrds","floor":19,"turns":3},{"damage":12,"enemies":"Snecko","floor":21,"turns":6},{"damage":17,"enemies":"Cultist and Chosen","floor":22,"turns":6}],"seed_played":"-5911646769314880410","potions_obtained":[{"floor":1,"key":"FairyPotion"},{"floor":6,"key":"AttackPotion"},{"floor":14,"key":"DistilledChaos"}],"is_trial":false,"path_per_floor":["M","M","?","M","$","E","M","R","T","?","?","M","$","M","R","B",null,"M","M","$","M","M"],"character_chosen":"DEFECT","items_purchased":["Storm","Static Discharge","Medical Kit","Fruit Juice","Self Repair"],"campfire_rested":1,"item_purchase_floors":[5,13,13,20,20],"current_hp_per_floor":[75,75,75,67,67,19,16,38,38,27,27,9,9,4,4,2,75,50,13,13,23,6,6],"gold":21,"neow_bonus":"BOSS_RELIC","is_daily":false,"chose_seed":false,"campfire_upgraded":1,"win_rate":0.0,"timestamp":1613288861,"path_taken":["M","M","?","M","?","E","?","R","T","?","?","M","?","?","R","BOSS","M","M","$","M","M"],"items_purchased_type":["Card","Card","Relic","Potion","Card"],"build_version":"2020-12-22","purchased_purges":0,"victory":false,"max_hp_per_floor":[75,75,75,75,75,75,75,75,75,75,75,75,75,75,75,75,75,75,75,75,90,90,90],"card_choices":[{"not_picked":["Steam Power"],"picked":"SKIP","floor":1},{"not_picked":["Streamline"],"picked":"SKIP","floor":2},{"not_picked":["Beam Cell"],"picked":"SKIP","floor":4},{"not_picked":[],"picked":"Steam","floor":6},{"not_picked":["Consume"],"picked":"SKIP","floor":7},{"not_picked":["Compile Driver"],"picked":"SKIP","floor":12},{"not_picked":["Redo"],"picked":"SKIP","floor":14},{"not_picked":[],"picked":"Amplify","floor":16},{"not_picked":[],"picked":"Streamline","floor":18},{"not_picked":["Barrage"],"picked":"SKIP","floor":19},{"not_picked":["Compile Driver"],"picked":"SKIP","floor":21}],"player_experience":26683,"relics_obtained":[{"floor":6,"key":"Shuriken"},{"floor":9,"key":"Incense Burner"}],"event_choices":[{"cards_removed":["Strike_B"],"damage_healed":0,"gold_gain":0,"player_choice":"Purged","damage_taken":0,"max_hp_gain":0,"max_hp_loss":0,"event_name":"Purifier","floor":3,"gold_loss":0},{"damage_healed":0,"gold_gain":75,"player_choice":"Gather Gold","damage_taken":11,"max_hp_gain":0,"max_hp_loss":0,"event_name":"World of Goop","floor":10,"gold_loss":0},{"damage_healed":0,"gold_gain":0,"player_choice":"Take Wound","damage_taken":0,"relics_obtained":["Golden Idol"],"max_hp_gain":0,"max_hp_loss":0,"event_name":"Golden Idol","floor":11,"gold_loss":0,"cards_obtained":["Injury"]}],"is_beta":false,"boss_relics":[{"not_picked":["Fusion Hammer","Empty Cage"],"picked":"Philosopher\u0027s Stone"}],"items_purged_floors":[],"is_endless":false,"potions_floor_spawned":[1,6,14],"killed_by":"Cultist and Chosen","ascension_level":1}}