{"host":"121m0oxswv9tg9hk","time":1613341061,"event":{"mods":["AchievementEnabler","BaseMod","Better Third Choice","Hubris","Minty Spire (QoL Compilation)","Replay The Spire","StSLib","The Gatherer","The Hierophant","The Mystic"],"gold_per_floor":[119,10,28,28,28,28,54,54,54,0,30,48,60,90,90,192,192,207,207,207,86,86,86,104,104,156,176,195,195,207,236,236,338,338,349,366,70,70,90,90,119,119,142,161,85,114,168,43,43,43,43,43,5,40,40],"floor_reached":56,"language":"ENG","playtime":7355,"items_purged":["Gatherer:Strike_Gatherer","Gatherer:Strike_Gatherer"],"score":1612,"play_id":"ad43172f-ffb7-4c8d-a02f-bb6cda3f6ef0","local_time":"20210214231741","is_ascension_mode":true,"metric_token":657,"campfire_choices":[{"data":"Gatherer:Snatch","floor":6,"key":"SMITH"},{"floor":8,"key":"REST"},{"floor":15,"key":"DIG"},{"data":"Gatherer:Misfortune","floor":23,"key":"SMITH"},{"data":"Gatherer:ScrollOfPurity","floor":25,"key":"SMITH"},{"data":"Gatherer:Centralize","floor":29,"key":"SMITH"},{"data":"Gatherer:Snatch","floor":40,"key":"SMITH"},{"floor":49,"key":"RECALL"},{"data":"Gatherer:SmartManeuver","floor":52,"key":"SMITH"}],"circlet_count":0,"master_deck":["Madness+1","Gatherer:Strike_Gatherer","Gatherer:Strike_Gatherer","Gatherer:Defend_Gatherer","Gatherer:Defend_Gatherer","Gatherer:Defend_Gatherer","Gatherer:Defend_Gatherer","Gatherer:Defend_Gatherer","Gatherer:Centralize+1","Gatherer:FlowerWhip","Gatherer:Snatch+1","Gatherer:RecoveryHerb","Gatherer:AlchemyTrial","Gatherer:SealedBomb","Gatherer:Frenzy","Gatherer:DrugPower","Gatherer:Snatch+1","Gatherer:FlowerPower+1","Gatherer:ScrollOfPurity+1","Gatherer:LuckyClover","Gatherer:ScherryThrow+1","Gatherer:Misfortune+1","Gatherer:VenomBarrier","Gatherer:VenomBarrier","Gatherer:SaveValuables","Gatherer:Pollute+1","Gatherer:GatherMaterial","Gatherer:Overflowing","Gatherer:RottenStipe+1","Gatherer:Duplicator+1","Gatherer:AlchemyTrial","Gatherer:AlchemyTrial","Madness","Madness","Gatherer:EnergyBasket+1","Gatherer:SealedBomb+1","Chrysalis","ReplayTheSpireMod:Brewmster","Gatherer:QuickSynthesis","Gatherer:Duplicator","Gatherer:UpgradeBag","Gatherer:SmartManeuver+1","ReplayTheSpireMod:Splinters","Gatherer:Transmute+1","Gatherer:Solidify","Gatherer:QuickSynthesis","Gatherer:BalancedGrowth"],"relics":["Gatherer:MiracleBag","ReplayTheSpireMod:Ninjato","hubris:CrystalStatue","Durian","ReplayTheSpireMod:TigerMarble","ReplayFunnel","hubris:ScarierMask","hubris:Towel","Happy Flower","hubris:ToyBattleship","Ice Cream","Replay:Grab Bag","Painkiller Herb","hubris:VirtuousBlindfold","hubris:EmptyBottle","Prayer Wheel","Pantograph","Orichalcum","hubris:PeanutButter","hubris:SlimyHat"],"acts_visited":["Exordium","TheCity","TheBeyond","TheEnding"],"potions_floor_usage":[7,11,13,16,16,30,33,35,36,39,41,41,50,50,50,50,50,50,50,50,50,50,55,55,55,55,55,55,55,55,55,55,55,55],"damage_taken":[{"damage":7,"enemies":"Jaw Worm","floor":1,"turns":3},{"damage":0,"enemies":"Cultist","floor":3,"turns":3},{"damage":19,"enemies":"3 Sentries","floor":7,"turns":8},{"damage":0,"enemies":"Lagavulin","floor":11,"turns":2},{"damage":0,"enemies":"2 Louse","floor":12,"turns":2},{"damage":0,"enemies":"Lots of Slimes","floor":13,"turns":1},{"damage":0,"enemies":"Gremlin Nob","floor":14,"turns":1},{"damage":0,"enemies":"Fading Forest","floor":16,"turns":11},{"damage":1,"enemies":"2 Thieves","floor":18,"turns":4},{"damage":2,"enemies":"Chosen","floor":24,"turns":3},{"damage":0,"enemies":"Snake Plant","floor":27,"turns":2},{"damage":0,"enemies":"3 Cultists","floor":28,"turns":3},{"damage":0,"enemies":"Shelled Parasite and Fungi","floor":30,"turns":3},{"damage":2,"enemies":"Replay:Snechameleon","floor":31,"turns":5},{"damage":10,"enemies":"Automaton","floor":33,"turns":8},{"damage":0,"enemies":"3 Shapes","floor":35,"turns":3},{"damage":0,"enemies":"Orb Walker","floor":36,"turns":1},{"damage":0,"enemies":"Maw","floor":39,"turns":7},{"damage":0,"enemies":"Nemesis","floor":41,"turns":5},{"damage":0,"enemies":"Spire Growth","floor":44,"turns":4},{"damage":0,"enemies":"R_Hoarder","floor":46,"turns":8},{"damage":0,"enemies":"Time Eater","floor":50,"turns":10},{"damage":8,"enemies":"Shield and Spear","floor":54,"turns":6},{"damage":6,"enemies":"The Heart","floor":55,"turns":11}],"seed_played":"-1458559474452788133","potions_obtained":[{"floor":0,"key":"Flashbang"},{"floor":0,"key":"Toxic Potion"},{"floor":0,"key":"Death Potion"},{"floor":11,"key":"Fruit Juice"},{"floor":13,"key":"Energy Potion"},{"floor":14,"key":"Weak Potion"},{"floor":16,"key":"Block Potion"},{"floor":31,"key":"BloodPotion"},{"floor":32,"key":"BloodPotion"},{"floor":33,"key":"Swift Potion"},{"floor":35,"key":"Weak Potion"},{"floor":36,"key":"DuplicationPotion"}],"is_trial":false,"path_per_floor":["M","$","M","?","$","R","E","R","T","$","E","M","M","E","R","B",null,"M","?","?","$","T","R","M","R","T","M","M","R","M","E","R","B",null,"?","?","T","?","?","T","E","?","T","?","T","E","?","T","T","B",null,"T","T","E","B",null],"character_chosen":"THE_GATHERER","items_purchased":["Gatherer:RecoveryHerb","Gatherer:DrugPower","Gatherer:Misfortune","Gatherer:VenomBarrier","Gatherer:AlchemyTrial","hubris:EmptyBottle","Gatherer:UpgradeBag","Gatherer:Solidify","Gatherer:QuickSynthesis","Gatherer:BalancedGrowth"],"campfire_rested":1,"item_purchase_floors":[2,10,21,21,37,37,45,48,48,53],"current_hp_per_floor":[65,65,66,66,66,66,49,70,70,70,75,75,76,76,76,87,87,87,87,87,87,87,87,85,85,85,85,86,86,87,86,86,79,87,87,87,87,76,82,87,97,92,97,97,97,97,97,97,97,97,97,97,97,89,91],"gold":40,"neow_bonus":"THREE_SMALL_POTIONS","is_daily":false,"chose_seed":false,"campfire_upgraded":6,"win_rate":0.0,"timestamp":1613341061,"path_taken":["M","$","M","?","?","R","E","R","T","$","E","M","?","E","R","BOSS","M","?","?","$","?","R","M","R","T","?","M","R","?","E","R","BOSS","?","?","T","?","?","T","E","?","T","?","?","E","?","T","T","BOSS","T","T","E","BOSS"],"items_purchased_type":["Card","Card","Card","Card","Card","Relic","Card","Card","Card","Card"],"build_version":"2020-12-22","purchased_purges":2,"victory":true,"max_hp_per_floor":[72,72,72,72,72,72,72,72,72,72,77,77,77,77,77,87,87,87,87,87,87,87,87,87,87,87,87,87,87,87,87,87,87,87,87,87,87,87,87,87,97,97,97,97,97,97,97,97,97,97,97,97,97,97,97],"card_choices":[{"not_picked":["Gatherer:SaveValuables","Gatherer:EnergyBasket"],"picked":"Gatherer:Snatch","floor":1},{"not_picked":["Gatherer:AcidicSpray","Gatherer:Convert"],"picked":"Gatherer:AlchemyTrial","floor":3},{"not_picked":["Gatherer:Enchant","Gatherer:RecipeChange"],"picked":"Gatherer:Frenzy","floor":7},{"not_picked":["Gatherer:DrugPower","Gatherer:GatherMaterial"],"picked":"Gatherer:Snatch","floor":11},{"not_picked":["Gatherer:CollectorsShot","Gatherer:FragileHammer","Gatherer:FlowerFalling"],"picked":"SKIP","floor":12},{"not_picked":["Gatherer:FragileHammer","Gatherer:BambuSword"],"picked":"Gatherer:FlowerPower","floor":13},{"not_picked":["Gatherer:SmartManeuver","Gatherer:QuickSynthesis"],"picked":"Gatherer:ScrollOfPurity","floor":14},{"not_picked":["Gatherer:Bulldoze","Gatherer:FlamingBottle"],"picked":"Gatherer:LuckyClover","floor":16},{"not_picked":["Gatherer:AcidicSpray","Gatherer:Snatch"],"picked":"Gatherer:ScherryThrow+1","floor":18},{"not_picked":["Gatherer:RecoveryHerb","Gatherer:GatherMaterial"],"picked":"Gatherer:SaveValuables","floor":24},{"not_picked":["Gatherer:CollectorsShot","Gatherer:TacticalStrike"],"picked":"Gatherer:Pollute+1","floor":27},{"not_picked":["Gatherer:SaveValuables+1","Gatherer:CarefulStrike","Gatherer:GrowBook"],"picked":"SKIP","floor":28},{"not_picked":["Gatherer:ScherryThrow","Gatherer:CarefulStrike"],"picked":"Gatherer:GatherMaterial","floor":30},{"not_picked":["Gatherer:Solidify+1","Gatherer:FlowerShield","Gatherer:Convert"],"picked":"SKIP","floor":31},{"not_picked":["Gatherer:Examine","Gatherer:BomberForm"],"picked":"Gatherer:Overflowing","floor":33},{"not_picked":["Gatherer:PotentialSlash","Gatherer:VenomBarrier"],"picked":"Gatherer:RottenStipe+1","floor":35},{"not_picked":["Gatherer:AcidicSpray","Gatherer:Frenzy"],"picked":"Gatherer:Duplicator+1","floor":36},{"not_picked":["Gatherer:BigPouch","Gatherer:Snatch+1"],"picked":"Gatherer:EnergyBasket+1","floor":39},{"not_picked":["Gatherer:FlowerShield+1","Gatherer:EnergyBasket"],"picked":"Gatherer:SealedBomb+1","floor":39},{"not_picked":["Gatherer:Snatch","Gatherer:FlamingBottle","Gatherer:VenomBarrier+1"],"picked":"SKIP","floor":41},{"not_picked":["Discovery","ReplayUltimateDefense"],"picked":"Chrysalis","floor":42},{"not_picked":["Replay:Sssssssssshield","Replay:BasicMightCard"],"picked":"ReplayTheSpireMod:Brewmster","floor":42},{"not_picked":["Gatherer:CollectorsShot","Gatherer:Polymorphism+1"],"picked":"Gatherer:QuickSynthesis","floor":44},{"not_picked":["Gatherer:Polymorphism+1","Gatherer:ScrollOfWall+1"],"picked":"Gatherer:Duplicator","floor":44},{"not_picked":["Gatherer:AcidicSpray","Gatherer:SaveValuables"],"picked":"Gatherer:SmartManeuver","floor":46},{"not_picked":["Gatherer:FlowerShield+1","Gatherer:Polymorphism+1"],"picked":"Gatherer:Transmute+1","floor":47},{"not_picked":["Gatherer:BalancedGrowth","Gatherer:Solidify+1","Gatherer:TacticalStrike"],"picked":"SKIP","floor":54}],"player_experience":2389476,"relics_obtained":[{"floor":7,"key":"ReplayTheSpireMod:Ninjato"},{"floor":9,"key":"hubris:CrystalStatue"},{"floor":11,"key":"Durian"},{"floor":14,"key":"ReplayTheSpireMod:TigerMarble"},{"floor":15,"key":"ReplayFunnel"},{"floor":22,"key":"Happy Flower"},{"floor":26,"key":"hubris:ToyBattleship"},{"floor":31,"key":"Ice Cream"},{"floor":41,"key":"Pantograph"},{"floor":46,"key":"Orichalcum"},{"floor":47,"key":"hubris:PeanutButter"},{"floor":54,"key":"hubris:SlimyHat"}],"event_choices":[{"damage_healed":0,"gold_gain":0,"cards_transformed":["Gatherer:Strike_Gatherer"],"player_choice":"Transformed","damage_taken":0,"max_hp_gain":0,"max_hp_loss":0,"event_name":"Transmorgrifier","floor":4,"gold_loss":0,"cards_obtained":["Gatherer:SealedBomb"]},{"damage_healed":0,"gold_gain":0,"player_choice":"Embrace Madness","damage_taken":11,"max_hp_gain":0,"max_hp_loss":0,"event_name":"Winding Halls","floor":38,"gold_loss":0,"cards_obtained":["Madness","Madness"]},{"damage_healed":0,"gold_gain":0,"player_choice":"Memory 2","damage_taken":5,"max_hp_gain":0,"max_hp_loss":0,"event_name":"SensoryStone","floor":42,"gold_loss":0}],"is_beta":false,"boss_relics":[{"not_picked":["Calling Bell","hubris:Backtick"],"picked":"hubris:ScarierMask"},{"not_picked":["Coffee Dripper","Runic Dome"],"picked":"Replay:Grab Bag"},{"not_picked":["hubris:GrandSneckoEye","Sozu"],"picked":"Painkiller Herb"},{"not_picked":["Philosopher\u0027s Stone","ReplayTheSpireMod:DimensionalGlitch"],"picked":"hubris:VirtuousBlindfold"},{"not_picked":["hubris:Stopwatch","Replay:Drink Me"],"picked":"Gatherer:MiracleBag"}],"items_purged_floors":[2,37],"is_endless":false,"potions_floor_spawned":[11,13,14,16,31,33,35,36,44],"ascension_level":3}}