{"host":"lg1lbglystyxcosi","time":1613317221,"event":{"mods":["AchievementEnabler","BaseMod","Better Third Choice","BetterRewards","Colored Powertips","Minty Spire (QoL Compilation)","Quick Restart","Replay The Spire","Shop Mod","StSLib","SuperFastMode","¡¾ÒÅÎï¿¨ÅÆ¡¿REMEMod"],"gold_per_floor":[117,17,31,31,41,41,41,59,59,59,59,83,158,123,123,249,249,273,273,273,286,310,354,354,375,424,437,437,456,456,556,556,685,685,709,709,709,729,753,753,772,772,772,772,772,1,245,368,368,368],"floor_reached":51,"language":"ZHS","playtime":2054,"items_purged":["Strike_G","Strike_G","Strike_G"],"score":791,"play_id":"f8fc9a4b-d908-4429-b1a3-ff1543b764d8","local_time":"20210214234021","is_ascension_mode":true,"campfire_choices":[{"data":"Juggernaut","floor":6.0,"key":"SMITH"},{"floor":15.0,"key":"DIG"},{"data":"REME_SpectralBlade","floor":24.0,"key":"SMITH"},{"data":"Dagger Throw","floor":28.0,"key":"SMITH"},{"data":"Dagger Throw","floor":30.0,"key":"SMITH"},{"data":"Survivor","floor":32.0,"key":"SMITH"},{"data":"Neutralize","floor":40.0,"key":"SMITH"},{"data":"REME_ShadowForm","floor":42.0,"key":"SMITH"},{"data":"Dagger Throw","floor":45,"key":"SMITH"},{"floor":49,"key":"RECALL"}],"circlet_count":0,"master_deck":["Strike_G","Strike_G","Defend_G","Defend_G","Defend_G","Defend_G","Defend_G","Survivor+1","Neutralize+1","Juggernaut+1","Dagger Throw+1","Dagger Throw+1","REME_SpectralBlade+1","Pot Of Greed","Pot Of Greed","Dagger Throw+1","Dagger Throw+1","REME_ShadowForm+1","REME_GreenPollution","REME_FirmDetermination"],"relics":["REME_ComplimentaryCards","Tough Bandages","Replay:Baseball","Happy Flower","Sizzling Blood","Replay:Accelerometer","Ornamental Fan","Golden Idol","The Courier","CaptainsWheel","Black Star","MutagenicStrength","Eternal Feather","Grinning Jar","Vajra","HoveringKite","Replay:Mystery Machine","Mummified Hand","Counterbalance","Letter Opener","PreservedInsect","Mercury Hourglass"],"acts_visited":["Exordium","TheCity","TheBeyond"],"potions_floor_usage":[50],"damage_taken":[{"damage":0.0,"enemies":"Jaw Worm","floor":1.0,"turns":2.0},{"damage":0.0,"enemies":"Small Slimes","floor":3.0,"turns":2.0},{"damage":0.0,"enemies":"Cultist","floor":5.0,"turns":3.0},{"damage":1.0,"enemies":"Exordium Wildlife","floor":8.0,"turns":3.0},{"damage":12.0,"enemies":"Large Slime","floor":12.0,"turns":4.0},{"damage":10.0,"enemies":"The Guardian","floor":16.0,"turns":8.0},{"damage":0.0,"enemies":"Shell Parasite","floor":18.0,"turns":4.0},{"damage":8.0,"enemies":"2 Thieves","floor":21.0,"turns":3.0},{"damage":11.0,"enemies":"3 Cultists","floor":22.0,"turns":6.0},{"damage":13.0,"enemies":"Book of Stabbing","floor":23.0,"turns":5.0},{"damage":3.0,"enemies":"Sentry and Sphere","floor":25.0,"turns":4.0},{"damage":0.0,"enemies":"Chosen and Byrds","floor":27.0,"turns":3.0},{"damage":2.0,"enemies":"Centurion and Healer","floor":29.0,"turns":4.0},{"damage":57.0,"enemies":"Automaton","floor":33.0,"turns":8.0},{"damage":3.0,"enemies":"Orb Walker","floor":35.0,"turns":4.0},{"damage":10.0,"enemies":"3 Shapes","floor":38.0,"turns":4.0},{"damage":0.0,"enemies":"Transient","floor":39.0,"turns":5.0},{"damage":0.0,"enemies":"Writhing Mass","floor":41.0,"turns":5.0},{"damage":17,"enemies":"Donu and Deca","floor":50,"turns":5}],"seed_played":"-3185362202374773299","potions_obtained":[{"floor":5.0,"key":"Block Potion"},{"floor":12.0,"key":"Poison Potion"},{"floor":16.0,"key":"ColorlessPotion"},{"floor":20.0,"key":"Toxic Potion"},{"floor":21.0,"key":"Weak Potion"},{"floor":25.0,"key":"Dexterity Potion"},{"floor":29.0,"key":"Milkshake"},{"floor":33.0,"key":"ColorlessPotion"},{"floor":39.0,"key":"GamblersBrew"},{"floor":48,"key":"FairyPotion"}],"is_trial":false,"path_per_floor":["M","$","M","?","M","R","T","M","T","?","?","M","?","?","R","B",null,"M","?","?","M","M","E","R","M","T","M","R","M","R","?","R","B",null,"M","$","T","M","M","R","M","R","T","?","R","$","?","?","R","B",null],"character_chosen":"THE_SILENT","items_purchased":["Tough Bandages","Replay:Baseball","Dagger Throw","Happy Flower","Counterbalance","REME_GreenPollution","Letter Opener","PreservedInsect","AttackPotion"],"campfire_rested":0,"item_purchase_floors":[0,0,0,0,46,46,46,46,46],"current_hp_per_floor":[49,49,49,53,57,57,57,60,60,60,60,52,41,58,58,52,69,69,69,69,65,58,49,58,59,59,63,69,69,69,69,69,16,69,69,69,69,63,67,69,69,69,69,69,69,69,52,52,64,51],"gold":368,"neow_bonus":"","is_daily":false,"chose_seed":false,"campfire_upgraded":8,"win_rate":0.0,"timestamp":1613317221,"path_taken":["M","$","M","?","M","R","?","M","T","?","?","?","?","?","R","BOSS","M","?","?","?","M","E","R","M","T","M","R","?","R","?","R","BOSS","M","?","?","M","M","R","?","R","T","?","R","$","?","?","R","BOSS"],"items_purchased_type":["Relic","Relic","Card","Relic","Relic","Card","Relic","Relic","Potion"],"build_version":"2020-12-22","purchased_purges":3,"victory":true,"max_hp_per_floor":[70,70,70,74,74,74,74,74,74,69,69,69,69,69,69,69,69,69,69,69,69,69,69,69,69,69,69,69,69,69,69,69,69,69,69,69,69,69,69,69,69,69,69,69,69,69,69,69,69,69],"card_choices":[{"not_picked":["Cloak And Dagger","Deflect"],"picked":"Dagger Throw","floor":1.0},{"not_picked":["Infinite Blades","Distraction","Hidden Blade"],"picked":"SKIP","floor":3.0},{"not_picked":["Acrobatics","Crippling Poison","PiercingWail"],"picked":"SKIP","floor":5.0},{"not_picked":["Leg Sweep","Acrobatics","Quick Slash"],"picked":"SKIP","floor":8.0},{"not_picked":["Slice","Acrobatics","Bane"],"picked":"SKIP","floor":12.0},{"not_picked":["Malaise","Adrenaline"],"picked":"REME_SpectralBlade","floor":16.0},{"not_picked":["Blade Dance","Prepared","Cloak And Dagger+1"],"picked":"SKIP","floor":18.0},{"not_picked":["Cloak And Dagger","Slice","ReplayTheSpireMod:Tripwire"],"picked":"SKIP","floor":21.0},{"not_picked":["Blur","Replay:Poison Smokescreen","Crippling Poison+1"],"picked":"SKIP","floor":22.0},{"not_picked":["Grand Finale","Backflip","Caltrops+1"],"picked":"SKIP","floor":23.0},{"not_picked":["Reflex+1","Cloak And Dagger+1"],"picked":"Dagger Throw","floor":25.0},{"not_picked":["Catalyst","ReplayTheSpireMod:Scrap Shanks+1","Terror+1"],"picked":"SKIP","floor":27.0},{"not_picked":["Acrobatics","Draining Mist"],"picked":"Dagger Throw+1","floor":29.0},{"not_picked":["Bullet Time","Burst"],"picked":"REME_ShadowForm","floor":33.0},{"not_picked":["Poisoned Stab+1","Crippling Poison","Quick Slash"],"picked":"SKIP","floor":35.0},{"not_picked":["Underhanded Strike+1","ReplayTheSpireMod:Exploit Weakness+1","Deflect+1"],"picked":"SKIP","floor":38.0},{"not_picked":["Eviscerate","Dodge and Roll","Well Laid Plans"],"picked":"SKIP","floor":39.0},{"not_picked":["ReplayTheSpireMod:Shiv Toss","ReplayTheSpireMod:Exploit Weakness","Poisoned Stab"],"picked":"SKIP","floor":41.0},{"not_picked":["Flash of Steel","Trip"],"picked":"REME_FirmDetermination","floor":48}],"player_experience":257780,"relics_obtained":[{"floor":7.0,"key":"Replay:Accelerometer"},{"floor":9.0,"key":"Ornamental Fan"},{"floor":11.0,"key":"The Courier"},{"floor":15.0,"key":"CaptainsWheel"},{"floor":23.0,"key":"Eternal Feather"},{"floor":23.0,"key":"Grinning Jar"},{"floor":26.0,"key":"Vajra"},{"floor":37.0,"key":"Replay:Mystery Machine"},{"floor":43.0,"key":"Mummified Hand"},{"floor":48,"key":"Mercury Hourglass"}],"event_choices":[{"damage_healed":0.0,"max_hp_gain":0.0,"max_hp_loss":5.0,"gold_gain":0.0,"event_name":"Golden Idol","player_choice":"Lose Max HP","floor":10.0,"gold_loss":0.0,"damage_taken":0.0,"relics_obtained":["Golden Idol"]},{"damage_healed":0.0,"max_hp_gain":0.0,"max_hp_loss":0.0,"gold_gain":0.0,"event_name":"Wheel of Change","player_choice":"Relic","floor":11.0,"gold_loss":0.0,"damage_taken":0.0},{"damage_healed":0.0,"max_hp_gain":0.0,"max_hp_loss":0.0,"gold_gain":75.0,"event_name":"betterThird:BetterGoop","player_choice":"Gold","floor":13.0,"gold_loss":0.0,"damage_taken":11.0},{"damage_healed":17.0,"max_hp_gain":0.0,"max_hp_loss":0.0,"gold_gain":0.0,"event_name":"The Cleric","player_choice":"Healed","floor":14.0,"gold_loss":35.0,"damage_taken":0.0},{"damage_healed":0.0,"max_hp_gain":0.0,"max_hp_loss":0.0,"gold_gain":0.0,"event_name":"Drug Dealer","player_choice":"Inject Mutagens","floor":19.0,"gold_loss":0.0,"damage_taken":0.0,"relics_obtained":["MutagenicStrength"]},{"damage_healed":0.0,"max_hp_gain":0.0,"max_hp_loss":0.0,"gold_gain":0.0,"event_name":"Lab","player_choice":"Got Potions","floor":20.0,"gold_loss":0.0,"damage_taken":0.0},{"damage_healed":0.0,"max_hp_gain":0.0,"max_hp_loss":0.0,"gold_gain":100.0,"event_name":"Golden Shrine","player_choice":"Pray","floor":31.0,"gold_loss":0.0,"damage_taken":0.0},{"damage_healed":0,"gold_gain":0,"player_choice":"Random: Red","damage_taken":0,"max_hp_gain":0,"max_hp_loss":0,"event_name":"betterThird:BetterPortal","floor":48,"gold_loss":0}],"is_beta":false,"boss_relics":[{"not_picked":["Replay:Bronze Core","Fusion Hammer"],"picked":"Black Star"},{"not_picked":["Painkiller Herb","Empty Cage"],"picked":"HoveringKite"}],"items_purged_floors":[0,2,46],"is_endless":false,"potions_floor_spawned":[5,12,16,21,25,27,29,33,39],"ascension_level":2}}