{"host":"27c1zwn2rxlukojz","time":1613342194,"event":{"mods":["BaseMod","Filter the Spire","Minty Spire (QoL Compilation)","Relic Stats","StSLib"],"gold_per_floor":[109,109,109,132,132,132,171,196,196,209,209,209],"floor_reached":11,"language":"DEU","playtime":392,"items_purged":[],"score":120,"play_id":"4643d2b0-8220-41f3-aae8-cefed99ac7b2","local_time":"20210214233634","is_ascension_mode":true,"campfire_choices":[{"floor":6,"key":"REST"}],"circlet_count":0,"master_deck":["AscendersBane","Strike_B","Strike_B","Strike_B","Defend_B","Defend_B","Defend_B","Defend_B+1","Zap+1","Dualcast","Compile Driver","Ball Lightning","Chaos","Streamline","Chaos"],"relics":["Snecko Eye","Golden Idol","Gambling Chip","Turnip"],"acts_visited":["Exordium"],"potions_floor_usage":[],"damage_taken":[{"damage":2,"enemies":"Jaw Worm","floor":1,"turns":3},{"damage":3,"enemies":"Small Slimes","floor":4,"turns":4},{"damage":27,"enemies":"Gremlin Nob","floor":7,"turns":4},{"damage":0,"enemies":"2 Louse","floor":8,"turns":4},{"damage":16,"enemies":"Blue Slaver","floor":10,"turns":3},{"damage":5,"enemies":"Lagavulin","floor":11,"turns":3}],"seed_played":"-4957253585040143330","potions_obtained":[{"floor":8,"key":"GamblersBrew"},{"floor":10,"key":"AttackPotion"}],"is_trial":false,"path_per_floor":["M","?","?","M","?","R","E","M","T","M","E"],"character_chosen":"DEFECT","items_purchased":[],"campfire_rested":1,"item_purchase_floors":[],"current_hp_per_floor":[66,48,41,38,23,45,18,18,18,2,0,0],"gold":209,"neow_bonus":"BOSS_RELIC","is_daily":false,"chose_seed":false,"campfire_upgraded":0,"win_rate":0.0,"timestamp":1613342194,"path_taken":["M","?","?","M","?","R","E","M","T","M","E"],"items_purchased_type":[],"build_version":"2020-12-22","purchased_purges":0,"victory":false,"max_hp_per_floor":[75,75,75,75,75,75,75,75,75,75,75,75],"relic_stats":{"counters":[6,21],"Golden Idol":21,"Gambling Chip":[13],"Snecko Eye":[38,37,37,45],"Turnip":[0],"obtain_stats":[{"Golden Idol":2,"Gambling Chip":7,"Snecko Eye":0,"Turnip":9,"Cracked Core":0},{"Golden Idol":1,"Gambling Chip":3,"Snecko Eye":0,"Turnip":4,"Cracked Core":0},{"Golden Idol":3,"Gambling Chip":11,"Snecko Eye":0,"Turnip":15,"Cracked Core":0}]},"card_choices":[{"not_picked":["Leap","Steam"],"picked":"Compile Driver","floor":1},{"not_picked":["Leap","Sweeping Beam"],"picked":"Ball Lightning","floor":4},{"not_picked":["Leap","Go for the Eyes"],"picked":"Chaos","floor":7},{"not_picked":["Darkness","Auto Shields"],"picked":"Streamline","floor":8},{"not_picked":["Compile Driver","White Noise"],"picked":"Chaos","floor":10}],"player_experience":3977966,"relics_obtained":[{"floor":7,"key":"Gambling Chip"},{"floor":9,"key":"Turnip"}],"event_choices":[{"damage_healed":0,"gold_gain":0,"player_choice":"Take Damage","damage_taken":18,"relics_obtained":["Golden Idol"],"max_hp_gain":0,"max_hp_loss":0,"event_name":"Golden Idol","floor":2,"gold_loss":0},{"cards_removed":["Strike_B"],"damage_healed":0,"gold_gain":0,"player_choice":"Card Removal","damage_taken":7,"max_hp_gain":0,"max_hp_loss":0,"event_name":"Golden Wing","floor":3,"gold_loss":0},{"damage_healed":0,"gold_gain":0,"player_choice":"Entered Light","damage_taken":15,"max_hp_gain":0,"max_hp_loss":0,"event_name":"Shining Light","floor":5,"gold_loss":0,"cards_upgraded":["Zap","Defend_B"]}],"is_beta":false,"boss_relics":[],"items_purged_floors":[],"is_endless":false,"potions_floor_spawned":[8,10],"killed_by":"Lagavulin","ascension_level":13}}