{"host":"szp1d6dso4pv7ddl","time":1613283644,"event":{"mods":["AchievementEnabler","Alarm Clock","BaseMod","Bestiary","Block Reminder","Colored Map","Colored Powertips","Curses Come First","Dark Map","Displayed Cursed Tome","Highlight Path","Minty Spire (QoL Compilation)","Permanent Neow","Quick Restart","Relic Sorter","Relic Stats","StSLib","Synergy Search"],"gold_per_floor":[110,110,110,120,133,133,161,161,231,258,275,275,292,292,292,292,292],"floor_reached":16,"language":"ENG","playtime":536,"items_purged":[],"score":220,"play_id":"318cc52f-f11e-4b1c-acc6-cba93438cf35","local_time":"20210213222044","is_ascension_mode":true,"campfire_choices":[{"floor":6,"key":"REST"},{"floor":8,"key":"REST"},{"floor":15,"key":"REST"}],"circlet_count":0,"master_deck":["AscendersBane","Strike_G","Strike_G","Strike_G","Defend_G","Defend_G+1","Defend_G","Defend_G","Defend_G+1","Survivor","Neutralize","After Image","Blade Dance","A Thousand Cuts","Cloak And Dagger","Terror","Escape Plan","Footwork","Blade Dance","Blur"],"relics":["Ring of the Snake","Orichalcum","Gremlin Horn","Torii"],"acts_visited":["Exordium"],"potions_floor_usage":[7,16],"damage_taken":[{"damage":0,"enemies":"2 Louse","floor":1,"turns":4},{"damage":10,"enemies":"Small Slimes","floor":4,"turns":4},{"damage":1,"enemies":"Cultist","floor":5,"turns":4},{"damage":30,"enemies":"Gremlin Nob","floor":7,"turns":4},{"damage":7,"enemies":"Lagavulin","floor":10,"turns":7},{"damage":17,"enemies":"Red Slaver","floor":11,"turns":4},{"damage":2,"enemies":"Exordium Thugs","floor":13,"turns":5},{"damage":22,"enemies":"Slime Boss","floor":16,"turns":3}],"seed_played":"3279723414281952351","potions_obtained":[{"floor":4,"key":"CunningPotion"},{"floor":10,"key":"BlessingOfTheForge"}],"is_trial":false,"path_per_floor":["M","?","?","M","M","R","E","R","T","E","M","?","M","?","R","B"],"character_chosen":"THE_SILENT","items_purchased":[],"campfire_rested":3,"item_purchase_floors":[],"current_hp_per_floor":[59,59,41,31,30,48,18,36,36,29,12,5,3,3,21,0,0],"gold":292,"neow_bonus":"THREE_RARE_CARDS","is_daily":false,"chose_seed":false,"campfire_upgraded":0,"win_rate":0.0,"timestamp":1613283644,"path_taken":["M","?","?","M","M","R","E","R","T","E","M","?","M","?","R","BOSS"],"items_purchased_type":[],"build_version":"2020-12-22","purchased_purges":0,"victory":false,"max_hp_per_floor":[60,60,60,60,60,60,60,60,60,60,60,60,60,60,60,60,60],"relic_stats":{"Gremlin Horn":[0,0],"Torii":0,"counters":[8,35],"Orichalcum":[12],"obtain_stats":[{"Gremlin Horn":9,"Torii":10,"Orichalcum":7,"Ring of the Snake":0},{"Gremlin Horn":4,"Torii":5,"Orichalcum":4,"Ring of the Snake":0},{"Gremlin Horn":16,"Torii":23,"Orichalcum":16,"Ring of the Snake":0}],"Ring of the Snake":[16]},"card_choices":[{"not_picked":["Malaise","Die Die Die"],"picked":"After Image","floor":0.0},{"not_picked":["Acrobatics","Deadly Poison"],"picked":"Blade Dance","floor":1},{"not_picked":["Prepared","Backflip"],"picked":"Cloak And Dagger","floor":4},{"not_picked":["Sucker Punch","Poisoned Stab"],"picked":"Terror","floor":5},{"not_picked":["Dodge and Roll","Cloak And Dagger"],"picked":"Escape Plan","floor":7},{"not_picked":["Predator","Flying Knee"],"picked":"Footwork","floor":10},{"not_picked":["Quick Slash","Corpse Explosion"],"picked":"Blade Dance","floor":11},{"not_picked":["Reflex","Bane"],"picked":"Blur","floor":13}],"player_experience":1568874,"relics_obtained":[{"floor":7,"key":"Orichalcum"},{"floor":9,"key":"Gremlin Horn"},{"floor":10,"key":"Torii"}],"event_choices":[{"damage_healed":0,"gold_gain":0,"cards_transformed":["Strike_G"],"player_choice":"Change","damage_taken":0,"max_hp_gain":0,"max_hp_loss":0,"event_name":"Living Wall","floor":2,"gold_loss":0,"cards_obtained":["A Thousand Cuts"]},{"damage_healed":0,"gold_gain":0,"player_choice":"Entered Light","damage_taken":18,"max_hp_gain":0,"max_hp_loss":0,"event_name":"Shining Light","floor":3,"gold_loss":0,"cards_upgraded":["Defend_G","Defend_G"]},{"cards_removed":["Strike_G"],"damage_healed":0,"gold_gain":0,"player_choice":"Card Removal","damage_taken":7,"max_hp_gain":0,"max_hp_loss":0,"event_name":"Golden Wing","floor":12,"gold_loss":0},{"damage_healed":0,"gold_gain":0,"player_choice":"Ignored","damage_taken":0,"max_hp_gain":0,"max_hp_loss":0,"event_name":"Liars Game","floor":14,"gold_loss":0}],"is_beta":false,"boss_relics":[],"items_purged_floors":[],"is_endless":false,"potions_floor_spawned":[4,10],"killed_by":"Slime Boss","ascension_level":20}}