{"host":"jm9833yuloeli2yd","time":1613327516,"event":{"mods":["BaseMod","Better Altar","Better Match","Better Note","Better Sensory Stone","Better Skull","Better Third Choice","Better Vampires","BetterRewards","Colored Map","Colored Powertips","DeckTracker","Minty Spire (QoL Compilation)","Permanent Neow","Quick Restart","StSLib","SuperFastMode"],"gold_per_floor":[114,126,139,156,56,81,81,116,116,148,148,148,179,195,195,285,285,306,356,196,121,141,179,193,232,314,314,353,377,377,327,327,416,416,435,456,471,484,212,212,262,293,293,293,317,336,367,367,367,367,367,367],"floor_reached":51,"language":"ENG","playtime":2175,"items_purged":["Strike_G","Parasite"],"score":2190,"play_id":"2123a6d7-c850-434d-95f9-c4fd8503f3c0","local_time":"20210214133156","is_ascension_mode":true,"campfire_choices":[{"data":"Apotheosis","floor":7,"key":"SMITH"},{"data":"Unload","floor":11,"key":"SMITH"},{"data":"Footwork","floor":15,"key":"SMITH"},{"data":"Footwork","floor":27,"key":"SMITH"},{"data":"Burst","floor":32,"key":"SMITH"},{"floor":40,"key":"RECALL"},{"data":"Malaise","floor":44,"key":"SMITH"},{"data":"Caltrops","floor":49,"key":"SMITH"}],"circlet_count":0,"master_deck":["AscendersBane","Strike_G","Strike_G+1","Strike_G","Defend_G","Defend_G","Defend_G","Defend_G","Defend_G","Survivor","Neutralize","Apotheosis+1","Flash of Steel","Unload+1","Backstab","Flying Knee","Endless Agony+1","Dagger Spray","Leg Sweep","Bandage Up","Caltrops+1","Dash","Backflip","Footwork+1","Burst+1","Deflect+1","Footwork+1","Deflect+1","Backflip","PiercingWail","Deflect","Ghostly","Ghostly","Ghostly","Malaise+1","Backflip","Backflip","Blur+1","Leg Sweep+1","Dodge and Roll+1","Blur+1"],"relics":["Ring of the Snake","Sling","Calipers","Mango","Whetstone","Bag of Preparation","Eternal Feather","Golden Idol","Happy Flower","Sozu","Bird Faced Urn","StoneCalendar","Mummified Hand","Runic Dome","Lee\u0027s Waffle","Boot","Pen Nib","PreservedInsect"],"acts_visited":["Exordium","TheCity","TheBeyond"],"potions_floor_usage":[6,10],"damage_taken":[{"damage":0,"enemies":"Cultist","floor":1,"turns":3},{"damage":7,"enemies":"Jaw Worm","floor":2,"turns":4},{"damage":0,"enemies":"Small Slimes","floor":3,"turns":3},{"damage":0,"enemies":"3 Louse","floor":4,"turns":2},{"damage":2,"enemies":"Lagavulin","floor":6,"turns":6},{"damage":8,"enemies":"Gremlin Nob","floor":8,"turns":3},{"damage":1,"enemies":"Lagavulin","floor":10,"turns":6},{"damage":0,"enemies":"Gremlin Nob","floor":13,"turns":3},{"damage":0,"enemies":"2 Fungi Beasts","floor":14,"turns":2},{"damage":12,"enemies":"The Guardian","floor":16,"turns":12},{"damage":15,"enemies":"Chosen","floor":18,"turns":7},{"damage":0,"enemies":"Shell Parasite","floor":22,"turns":4},{"damage":3,"enemies":"Slavers","floor":23,"turns":8},{"damage":1,"enemies":"Centurion and Healer","floor":24,"turns":8},{"damage":0,"enemies":"Book of Stabbing","floor":25,"turns":7},{"damage":0,"enemies":"Gremlin Leader","floor":28,"turns":7},{"damage":0,"enemies":"Snecko","floor":29,"turns":7},{"damage":6,"enemies":"Collector","floor":33,"turns":17},{"damage":0,"enemies":"3 Shapes","floor":35,"turns":7},{"damage":0,"enemies":"3 Darklings","floor":36,"turns":7},{"damage":0,"enemies":"Jaw Worm Horde","floor":37,"turns":7},{"damage":0,"enemies":"Writhing Mass","floor":38,"turns":9},{"damage":0,"enemies":"Nemesis","floor":42,"turns":9},{"damage":0,"enemies":"Sphere and 2 Shapes","floor":45,"turns":7},{"damage":9,"enemies":"3 Darklings","floor":46,"turns":7},{"damage":0,"enemies":"Giant Head","floor":47,"turns":12},{"damage":4,"enemies":"Time Eater","floor":50,"turns":24},{"damage":46,"enemies":"Donu and Deca","floor":51,"turns":15}],"seed_played":"2659485756292617769","potions_obtained":[{"floor":3,"key":"GamblersBrew"},{"floor":8,"key":"SteroidPotion"},{"floor":10,"key":"SteroidPotion"},{"floor":13,"key":"DuplicationPotion"}],"is_trial":false,"path_per_floor":["M","M","M","M","$","E","R","E","T","E","R","?","E","M","R","B",null,"M","?","$","?","M","E","M","E","T","R","E","M","?","?","R","B",null,"M","M","M","M","$","R","?","E","T","R","M","M","E","?","R","B","B"],"character_chosen":"THE_SILENT","items_purchased":["Sling","Apotheosis","Flash of Steel","Unload","Backstab","PowerPotion","Bandage Up","Footwork","Lee\u0027s Waffle"],"campfire_rested":0,"item_purchase_floors":[0,0,0,0,0,0,5,20,39],"current_hp_per_floor":[27,20,20,20,20,38,38,30,30,33,45,45,45,45,60,52,67,56,56,56,56,62,63,72,72,72,72,72,72,36,36,36,30,35,36,36,36,36,40,40,40,40,40,40,40,33,40,40,40,40,0,0],"gold":367,"neow_bonus":"","is_daily":false,"chose_seed":false,"campfire_upgraded":7,"win_rate":0.0,"timestamp":1613327516,"path_taken":["M","M","M","M","?","E","R","E","T","E","R","?","E","M","R","BOSS","M","?","$","?","M","E","M","E","T","R","E","M","?","?","R","BOSS","M","?","M","M","$","R","?","E","T","R","?","M","E","?","R","BOSS","BOSS"],"items_purchased_type":["Relic","Card","Card","Card","Card","Potion","Card","Card","Relic"],"build_version":"2020-12-22","purchased_purges":2,"victory":false,"max_hp_per_floor":[66,66,66,66,66,80,80,80,80,80,80,72,72,72,72,72,72,72,72,72,72,72,72,72,72,72,72,72,72,36,36,36,36,36,36,36,36,36,40,40,40,40,40,40,40,40,40,40,40,40,40,40],"card_choices":[{"not_picked":["Accuracy","PiercingWail"],"picked":"Flying Knee","floor":1},{"not_picked":["Sucker Punch","Dagger Throw"],"picked":"Endless Agony","floor":2},{"not_picked":["Deadly Poison","Outmaneuver"],"picked":"Dagger Spray","floor":3},{"not_picked":["Underhanded Strike","Expertise"],"picked":"Leg Sweep","floor":4},{"not_picked":["Dodge and Roll","Cloak And Dagger","Blade Dance"],"picked":"SKIP","floor":6},{"not_picked":["Deadly Poison","Poisoned Stab"],"picked":"Caltrops","floor":8},{"not_picked":["Bouncing Flask","Concentrate"],"picked":"Dash","floor":10},{"not_picked":["Infinite Blades","All Out Attack"],"picked":"Backflip","floor":13},{"not_picked":["Deadly Poison","Bane"],"picked":"Footwork","floor":14},{"not_picked":["Storm of Steel","Tools of the Trade"],"picked":"Burst","floor":16},{"not_picked":["Dagger Spray","Backflip"],"picked":"Deflect+1","floor":18},{"not_picked":["Bane","Outmaneuver","Dagger Throw"],"picked":"SKIP","floor":22},{"not_picked":["Sucker Punch","Underhanded Strike","Acrobatics"],"picked":"SKIP","floor":23},{"not_picked":["Caltrops","A Thousand Cuts"],"picked":"Deflect+1","floor":24},{"not_picked":["Concentrate","Dagger Throw"],"picked":"Backflip","floor":25},{"not_picked":["Underhanded Strike","Accuracy"],"picked":"PiercingWail","floor":28},{"not_picked":["Bane","Leg Sweep"],"picked":"Deflect","floor":29},{"not_picked":["Unload","Phantasmal Killer"],"picked":"Malaise","floor":33},{"not_picked":["Blade Dance","Outmaneuver"],"picked":"Backflip","floor":35},{"not_picked":["Acrobatics","Cloak And Dagger+1"],"picked":"Backflip","floor":36},{"not_picked":["Poisoned Stab","Riddle With Holes","Backflip+1"],"picked":"SKIP","floor":37},{"not_picked":["Tools of the Trade","Noxious Fumes"],"picked":"Blur+1","floor":38},{"not_picked":["Cloak And Dagger+1","Dagger Throw+1"],"picked":"Leg Sweep+1","floor":42},{"not_picked":["Backflip+1","Prepared"],"picked":"Dodge and Roll+1","floor":45},{"not_picked":["Sucker Punch","Catalyst","Poisoned Stab"],"picked":"SKIP","floor":46},{"not_picked":["Sucker Punch","Backflip+1"],"picked":"Blur+1","floor":47}],"player_experience":1363703,"relics_obtained":[{"floor":6,"key":"Mango"},{"floor":8,"key":"Whetstone"},{"floor":9,"key":"Bag of Preparation"},{"floor":10,"key":"Eternal Feather"},{"floor":13,"key":"Happy Flower"},{"floor":23,"key":"Bird Faced Urn"},{"floor":25,"key":"StoneCalendar"},{"floor":28,"key":"Mummified Hand"},{"floor":42,"key":"Boot"},{"floor":43,"key":"Pen Nib"},{"floor":47,"key":"PreservedInsect"}],"event_choices":[{"damage_healed":0,"gold_gain":0,"player_choice":"Lose Max HP","damage_taken":0,"relics_obtained":["Golden Idol"],"max_hp_gain":0,"max_hp_loss":8,"event_name":"Golden Idol","floor":12,"gold_loss":0},{"damage_healed":0,"gold_gain":50,"player_choice":"Steal","damage_taken":0,"max_hp_gain":0,"max_hp_loss":0,"event_name":"betterThird:BetterNest","floor":19,"gold_loss":0},{"cards_removed":["Strike_G"],"damage_healed":0,"gold_gain":0,"player_choice":"Gave Gold","damage_taken":0,"max_hp_gain":0,"max_hp_loss":0,"event_name":"Beggar","floor":21,"gold_loss":75},{"damage_healed":0,"gold_gain":0,"player_choice":"Became a Ghost","damage_taken":0,"max_hp_gain":0,"max_hp_loss":36,"event_name":"Ghosts","floor":30,"gold_loss":0,"cards_obtained":["Ghostly","Ghostly","Ghostly"]},{"damage_healed":0,"gold_gain":0,"player_choice":"Bet on Owner","damage_taken":0,"max_hp_gain":0,"max_hp_loss":0,"event_name":"The Joust","floor":31,"gold_loss":50},{"damage_healed":0,"gold_gain":50,"player_choice":"Pray","damage_taken":0,"max_hp_gain":0,"max_hp_loss":0,"event_name":"Golden Shrine","floor":41,"gold_loss":0},{"damage_healed":0,"gold_gain":0,"player_choice":"Ignored","damage_taken":0,"max_hp_gain":0,"max_hp_loss":0,"event_name":"Tomb of Lord Red Mask","floor":48,"gold_loss":0}],"is_beta":false,"boss_relics":[{"not_picked":["Empty Cage","Cursed Key"],"picked":"Sozu"},{"not_picked":["Velvet Choker","Black Star"],"picked":"Runic Dome"}],"items_purged_floors":[20,39],"is_endless":false,"potions_floor_spawned":[3,4,8,10,13,23,25,29,33,37,38,42,47],"killed_by":"Donu and Deca","ascension_level":20}}