{"host":"tia00321x3ndnwo4","time":1613328354,"event":{"mods":["2.2 Compatiblity","BaseMod","Bestiary","Colored Map","Colored Powertips","Curses Come First","Downfall","Highlight Path","Minty Spire (QoL Compilation)","Relic Stats","Slay the Relics Exporter","StSLib","SuperFastMode"],"gold_per_floor":[99,113,133,233,249,262,334,360,360,379,379,398,414,27,45,149,149,149,149,162,175,192,0,0,0,24,24,47,32,61,61,89,193,193,193,206,206,226,251,279,279,279,279,329,71,71,71,71,71],"floor_reached":47,"language":"ENG","playtime":6489,"items_purged":["sneckomod:Defend","sneckomod:Strike"],"score":476,"play_id":"a5a0e56b-81c3-477e-84b9-8a60636d7211","local_time":"20210214104554","is_ascension_mode":false,"campfire_choices":[{"data":"sneckomod:SnekBite","floor":1,"key":"SMITH"},{"data":"sneckomod:DiceBlock","floor":9,"key":"SMITH"},{"data":"sneckomod:UnknownRarePower","floor":18,"key":"SMITH"},{"data":"sneckomod:UnendingSupply","floor":25,"key":"SMITH"},{"data":"sneckomod:UnendingSupply","floor":35,"key":"SMITH"},{"data":"sneckomod:UnlimitedRolls","floor":42,"key":"SMITH"}],"circlet_count":0,"master_deck":["sneckomod:Strike","sneckomod:Defend","sneckomod:TailWhip","sneckomod:SnekBite+1","sneckomod:Unknown","sneckomod:Nope","sneckomod:SoulCleanse","sneckomod:UnknownDraw","sneckomod:DiceBlock+1","sneckomod:UnknownBlock","hexamod:GhostflameBarrier","sneckomod:ImprovisedAttack","sneckomod:SlitherStrike","sneckomod:DiceBoulder","sneckomod:Restock","sneckomod:UnknownRarePower+1","sneckomod:SerpentIdol+1","sneckomod:UnknownStrike","hexamod:SecondSeal","sneckomod:UnendingSupply+1","sneckomod:UnknownVulnerable+1","sneckomod:UnendingSupply+1","sneckomod:UnknownClassHEXA_GHOST_PURPLE","sneckomod:RainOfDice","sneckomod:UnknownBoss","sneckomod:UnlimitedRolls+1","sneckomod:DiceCrush","sneckomod:SerpentMind","sneckomod:Unknown1Cost","sneckomod:MasterEye","sneckomod:Unknown1Cost+1","expansioncontent:Chronoboost","sneckomod:SoulDraw+1","sneckomod:Nope+1"],"relics":["sneckomod:SneckoSoul","Orichalcum","sneckomod:LoadedDie","HandDrill","Runic Pyramid","Lee\u0027s Waffle","Anchor","StoneCalendar","Philosopher\u0027s Stone","sneckomod:ConfusingCodex","Calipers"],"acts_visited":["Exordium","TheCity","TheBeyond"],"potions_floor_usage":[16,16,16,21,30,30,33,33,45],"damage_taken":[{"damage":1,"enemies":"2 Louse","floor":2,"turns":2},{"damage":1,"enemies":"Cultist","floor":3,"turns":4},{"damage":18,"enemies":"Jaw Worm","floor":5,"turns":3},{"damage":11,"enemies":"2 Fungi Beasts","floor":6,"turns":3},{"damage":31,"enemies":"Gremlin Nob","floor":8,"turns":6},{"damage":12,"enemies":"3 Louse","floor":10,"turns":3},{"damage":7,"enemies":"Red Slaver","floor":12,"turns":4},{"damage":1,"enemies":"downfall:LooterAlt","floor":13,"turns":3},{"damage":0,"enemies":"downfall:FleeingMerchant","floor":14,"turns":4},{"damage":12,"enemies":"3 Louse","floor":15,"turns":3},{"damage":11,"enemies":"DF_ARCHETYPE_STREAMLINE","floor":16,"turns":5},{"damage":11,"enemies":"Chosen","floor":20,"turns":5},{"damage":9,"enemies":"3 Byrds","floor":21,"turns":5},{"damage":25,"enemies":"Snecko","floor":22,"turns":5},{"damage":9,"enemies":"downfall:FleeingMerchant","floor":23,"turns":4},{"damage":27,"enemies":"Cultist and Chosen","floor":26,"turns":6},{"damage":13,"enemies":"Shelled Parasite and Fungi","floor":28,"turns":5},{"damage":10,"enemies":"downfall:FleeingMerchant","floor":29,"turns":4},{"damage":9,"enemies":"Slavers","floor":30,"turns":6},{"damage":20,"enemies":"Snake Plant","floor":32,"turns":5},{"damage":17,"enemies":"WA_ARCHETYPE_CALM","floor":33,"turns":7},{"damage":45,"enemies":"3 Darklings","floor":36,"turns":7},{"damage":1,"enemies":"Orb Walker","floor":38,"turns":2},{"damage":30,"enemies":"Spire Growth","floor":39,"turns":4},{"damage":38,"enemies":"Maw","floor":40,"turns":7},{"damage":20,"enemies":"Maw","floor":44,"turns":4},{"damage":25,"enemies":"downfall:FleeingMerchant","floor":45,"turns":4},{"damage":70,"enemies":"4 Shapes","floor":47,"turns":3}],"seed_played":"-4787139575425454286","potions_obtained":[{"floor":5,"key":"bronze:BurnAndBuffPotion"},{"floor":6,"key":"CultistPotion"},{"floor":12,"key":"Ancient Potion"},{"floor":13,"key":"Energy Potion"},{"floor":20,"key":"DistilledChaos"},{"floor":26,"key":"Dexterity Potion"},{"floor":28,"key":"AttackPotion"},{"floor":30,"key":"Slimebound:ThreeZeroPotion"},{"floor":32,"key":"PowerPotion"},{"floor":39,"key":"FairyPotion"},{"floor":40,"key":"bronze:BurnAndBuffPotion"},{"floor":44,"key":"Explosive Potion"}],"is_trial":false,"path_per_floor":["R","M","M","?","M","M","T","E","R","M","R","M","M","$","M","B",null,"R","?","M","M","M","$","T","R","M","?","M","$","E","?","M","B",null,"R","M","?","M","M","M","T","R","?","?","$","?","M"],"character_chosen":"THE_SNECKO","items_purchased":["sneckomod:LoadedDie","HandDrill","sneckomod:UnendingSupply","Lee\u0027s Waffle","FairyPotion","Explosive Potion"],"campfire_rested":0,"item_purchase_floors":[14,14,23,23,45,45],"current_hp_per_floor":[99,98,97,97,89,78,78,47,47,35,35,28,27,27,15,4,99,99,85,74,70,45,106,106,106,84,84,71,61,52,52,32,15,106,106,68,68,67,37,31,31,31,31,11,8,8,0,0,0],"gold":71,"neow_bonus":"TEN_PERCENT_HP_BONUS","is_daily":false,"chose_seed":false,"campfire_upgraded":6,"win_rate":0.0,"timestamp":1613328354,"path_taken":["R","M","M","?","M","M","T","E","R","M","R","?","M","$","M","BOSS","R","?","M","M","?","?","T","R","M","?","M","?","E","?","M","BOSS","R","M","?","M","?","M","T","R","?","?","$","?","M"],"items_purchased_type":["Relic","Relic","Card","Relic","Potion","Potion"],"build_version":"2020-12-22","purchased_purges":2,"victory":false,"max_hp_per_floor":[99,99,99,99,99,99,99,99,99,99,99,99,99,99,99,99,99,99,99,99,99,99,106,106,106,106,106,106,106,106,106,106,106,106,106,106,106,106,106,106,106,106,106,106,106,106,106,106,106],"relic_stats":{"Lee\u0027s Waffle":70,"counters":[28,123],"StoneCalendar":[52],"HandDrill":[32],"Orichalcum":[168],"obtain_stats":[{"Lee\u0027s Waffle":23,"Anchor":24,"Calipers":44,"sneckomod:LoadedDie":14,"sneckomod:ConfusingCodex":41,"StoneCalendar":30,"Philosopher\u0027s Stone":34,"HandDrill":14,"Orichalcum":8,"sneckomod:SneckoSoul":0,"Runic Pyramid":17},{"Lee\u0027s Waffle":15,"Anchor":15,"Calipers":26,"sneckomod:LoadedDie":9,"sneckomod:ConfusingCodex":25,"StoneCalendar":19,"Philosopher\u0027s Stone":21,"HandDrill":9,"Orichalcum":5,"sneckomod:SneckoSoul":0,"Runic Pyramid":11},{"Lee\u0027s Waffle":59,"Anchor":59,"Calipers":116,"sneckomod:LoadedDie":32,"sneckomod:ConfusingCodex":112,"StoneCalendar":80,"Philosopher\u0027s Stone":92,"HandDrill":32,"Orichalcum":18,"sneckomod:SneckoSoul":0,"Runic Pyramid":40}]},"card_choices":[{"not_picked":["sneckomod:SlitherStrike","sneckomod:UnknownCommonSkill"],"picked":"sneckomod:Nope","floor":2},{"not_picked":["sneckomod:UnknownExhaust","sneckomod:TrashToTreasure"],"picked":"sneckomod:SoulCleanse","floor":3},{"not_picked":["sneckomod:UnknownVulnerable","sneckomod:QuickMove"],"picked":"sneckomod:UnknownDraw","floor":5},{"not_picked":["sneckomod:UnknownDraw","sneckomod:RainOfDice"],"picked":"sneckomod:DiceBlock","floor":6},{"not_picked":["sneckomod:UnknownExhaust","sneckomod:UnknownCommonSkill"],"picked":"sneckomod:UnknownCommonAttack","floor":8},{"not_picked":["sneckomod:SnakeSap","sneckomod:RainOfDice"],"picked":"sneckomod:UnknownBlock","floor":10},{"not_picked":["sneckomod:Unknown1Cost","sneckomod:Nope"],"picked":"sneckomod:ImprovisedAttack","floor":12},{"not_picked":["sneckomod:SnakeSap","sneckomod:DiceBlock"],"picked":"sneckomod:SlitherStrike","floor":13},{"not_picked":["sneckomod:TrashToTreasure","sneckomod:UnknownUncommonAttack"],"picked":"sneckomod:DiceBoulder","floor":14},{"not_picked":["sneckomod:Nope","sneckomod:UnendingSupply"],"picked":"sneckomod:Restock","floor":15},{"not_picked":["sneckomod:Restock","sneckomod:Mudshield"],"picked":"sneckomod:UnknownRarePower","floor":16},{"not_picked":["sneckomod:UnknownCommonSkill+1","sneckomod:UnknownUncommonAttack"],"picked":"sneckomod:SerpentIdol+1","floor":20},{"not_picked":["sneckomod:QuickMove+1","sneckomod:UnknownCommonSkill+1"],"picked":"sneckomod:UnknownStrike","floor":21},{"not_picked":["hexamod:ThirdSeal","hexamod:FourthSeal"],"picked":"hexamod:SecondSeal","floor":22},{"not_picked":["sneckomod:DefensiveFlair","sneckomod:QuickMove+1"],"picked":"sneckomod:UnendingSupply","floor":22},{"not_picked":["sneckomod:UnknownClassTHE_CHAMP_GRAY","sneckomod:DefensiveFlair"],"picked":"sneckomod:UnknownVulnerable+1","floor":23},{"not_picked":["sneckomod:DiceBlock+1","sneckomod:IronFang"],"picked":"sneckomod:UnknownClassHEXA_GHOST_PURPLE","floor":26},{"not_picked":["sneckomod:SoulRoll","sneckomod:UnknownUncommonAttack"],"picked":"sneckomod:RainOfDice","floor":28},{"not_picked":["sneckomod:UnknownUncommonAttack","sneckomod:UnknownClassHEXA_GHOST_PURPLE"],"picked":"sneckomod:UnknownBoss","floor":29},{"not_picked":["sneckomod:UnknownRareAttack","sneckomod:DiceBlock"],"picked":"sneckomod:UnlimitedRolls","floor":30},{"not_picked":["sneckomod:Unknown1Cost+1","sneckomod:RainOfDice"],"picked":"sneckomod:DiceCrush","floor":32},{"not_picked":["sneckomod:Unknown3Cost","sneckomod:Mudshield"],"picked":"sneckomod:SerpentMind","floor":33},{"not_picked":["sneckomod:UnknownCommonSkill","sneckomod:SoulRoll+1"],"picked":"sneckomod:Unknown1Cost","floor":36},{"not_picked":["sneckomod:UnknownExhaust","sneckomod:IronFang"],"picked":"sneckomod:MasterEye","floor":38},{"not_picked":["sneckomod:UnknownUncommonPower","sneckomod:QuickMove"],"picked":"sneckomod:Unknown1Cost+1","floor":39},{"not_picked":["sneckomod:SoulRoll+1","sneckomod:UnknownDraw","sneckomod:UnknownVulnerable"],"picked":"SKIP","floor":40},{"not_picked":["expansioncontent:LastStand","expansioncontent:Hexaburn"],"picked":"expansioncontent:Chronoboost","floor":43},{"not_picked":["sneckomod:DiceBlock","sneckomod:Unknown2Cost"],"picked":"sneckomod:SoulDraw+1","floor":44},{"not_picked":["sneckomod:UnknownClassTHE_BRONZE_AUTOMATON","sneckomod:Unknown0Cost"],"picked":"sneckomod:Nope+1","floor":45}],"player_experience":207471,"relics_obtained":[{"floor":8,"key":"Orichalcum"},{"floor":24,"key":"Anchor"},{"floor":30,"key":"StoneCalendar"},{"floor":41,"key":"sneckomod:ConfusingCodex"},{"floor":44,"key":"Calipers"}],"event_choices":[{"cards_removed":["sneckomod:UnknownCommonAttack"],"damage_healed":0,"gold_gain":0,"player_choice":"Removed Attack","damage_taken":0,"max_hp_gain":0,"max_hp_loss":0,"event_name":"Falling","floor":46,"gold_loss":0}],"is_beta":false,"boss_relics":[{"not_picked":["SacredBark","Coffee Dripper"],"picked":"Runic Pyramid"},{"not_picked":["sneckomod:SneckoBoss","Tiny House"],"picked":"Philosopher\u0027s Stone"}],"items_purged_floors":[14,45],"is_endless":false,"potions_floor_spawned":[5,6,12,13,20,26,28,30,32,39,44],"killed_by":"4 Shapes","ascension_level":0}}