{"host":"27wa8ufp4ryspt1p","time":1613346224,"event":{"mods":["2.2 Compatiblity","A Penny For Your Troubles","Abigail Mod","Act Like it!","Aspiration","BaseMod","Better Altar","Better Match","Better Note","Better Skull","Better Third Choice","Colored Map","Conspire","Curses Come First","Dota2Spire","Downfall-Rebalance","Elementarium","Energized Spire","Fox Events","Friendly Minions","Gensokyo","GifTheSpireLib","Gold Saver","Halation","Hallownest","HololiveMod","Hubris","Humility","Infinite Spire","Keyboard Shortcuts","Menagerie","Mimic Mod","Minty Spire (QoL Compilation)","Pale of the Ancients","Poor People Problems","Quarter Circle Forward PUNCH!","Reimu??????","Relic Filter Mod","Relic Sorter","Relic Stats","Reliquary","Replay The Spire","Reworked Bosses","Shop Mod","Spicy Shops","Spikes Relics","Spire Arcade","StSLib","Stuff the Spire","SuperFastMode","The Cursed","The Exalted","The Judge","The Necromancer","Trackpad","Waifu the Spire","Wandering Minibosses","[IsaacMod]????","??????REMEMod","????"],"gold_per_floor":[2936,1833,1845,1860,1878,1878,1908,1908,1945,1945,1983,1518,2322,2402,2003,2075,2075,2089,2089,1130,1140,1158,1158,1158,1174,1209,1209,1239,408,438,454,454,566,516,535,535,559,570,582,582,602,633,677,710,734,751,751,751,479,484,489,518,544,544,294,294,341,341,90,90,83],"floor_reached":62,"language":"SPA","playtime":3440,"items_purged":["Normality","Pride","TheCursedMod:Strike_TheCursed"],"score":3610,"play_id":"128217e7-65de-4b87-aa30-2cc5d40dc365","local_time":"20210214174343","daily_mods":["SealedDeck","Colorless Cards","Heirloom","Elite Swarm","Lethality"],"is_ascension_mode":true,"campfire_choices":[{"data":"conspire:Banana","floor":6,"key":"SMITH"},{"data":"conspire:Banana","floor":8,"key":"SMITH"},{"floor":10,"key":"RECALL"},{"data":"infinitespire:NeuralNetwork","floor":23,"key":"SMITH"},{"data":"conspire:Banana","floor":23,"key":"SMITH"},{"data":"StuffTheSpire:Ambrosia","floor":27,"key":"SMITH"},{"data":"TheCursedMod:DarkBarrier","floor":27,"key":"SMITH"},{"data":"Demon Form","floor":32,"key":"SMITH"},{"data":"FIFO Queue","floor":32,"key":"SMITH"},{"data":"After Image","floor":40,"key":"SMITH"},{"data":"Devotion","floor":40,"key":"SMITH"},{"data":"REME_MawOfCthun","floor":56,"key":"SMITH"},{"data":"REME_MawOfCthun","floor":56,"key":"SMITH"},{"data":"StuffTheSpire:CelestialWarden","floor":58,"key":"SMITH"},{"data":"Sadistic Nature","floor":58,"key":"SMITH"}],"circlet_count":0,"master_deck":["AscendersBane","BettingIsNotGood","StuffTheSpire:PlasmaPunch+1","TheCursedMod:WearCloak","TheCursedMod:FleshFromBone","TheCursedMod:FleshFromBone","StuffTheSpire:FreeRealEstate","TheCursedMod:CursedShiv+1","TheCursedMod:CursedShiv","Dramatic Entrance","conspire:Banana+1","Exhume","TheCursedMod:HellfireBreathing","TheCursedMod:LuckyCharm","REME_Flogging+1","expansioncontent:CaCaw+1","TheCursedMod:NeowsMight","TheCursedMod:RavingStaff+1","hubris:EnhanceAbility","TheCursedMod:ShockAndAwe+1","TheCursedMod:FleshFromBone","StuffTheSpire:Vigor+1","TheCursedMod:SpitefulStrike+1","Delirium","StuffTheSpire:Rapture","TheCursedMod:SpitefulPlan","TheCursedMod:WearCloak","REME_MawOfCthun+1","REME_HeartOfCthun","TheCursedMod:WearCloak","CommonCold","Amnesia","StuffTheSpire:Ambrosia+1","StuffTheSpire:Innocence","infinitespire:NeuralNetwork+1","conspire:Banana+1","TheCursedMod:LuckyCharm","hubris:DuctTapeCard","Enlightenment","TheCursedMod:DarkBarrier+1","Sadistic Nature+1","Demon Form+1","TheCursedMod:OutForBlood","FIFO Queue+1","Devotion+1","Madness","After Image+1","expansioncontent:SuperHexaguard","expansioncontent:TimeRipple","TheCursedMod:Hemoplague","REME_MawOfCthun+1","Hallownest:curseDreamersLament","StuffTheSpire:Harmony","TheCursedMod:FleshFromBone+1","hubris:Greed","StuffTheSpire:Rapture","hubris:Greed","StuffTheSpire:Brawn","Mayhem","hubris:Greed","StuffTheSpire:Rapture+1","hubris:Greed","StuffTheSpire:CelestialWarden+1","hubris:Greed","StuffTheSpire:Rapture","hubris:Gluttony","StuffTheSpire:BrainWave+1","StuffTheSpire:Vigor","StuffTheSpire:Perfection","StuffTheSpire:Perfection","StuffTheSpire:Rapture","StuffTheSpire:Rapture","StuffTheSpire:Rapture","StuffTheSpire:Brawn","StuffTheSpire:CelestialWarden","StuffTheSpire:Ambrosia","StuffTheSpire:Vigor","StuffTheSpire:Ambrosia"],"relics":["TheCursedMod:BlackMagic101","Dota2Spire:OctarineCore","paleoftheancients:SoulOfTheDefect","Happy Flower","Dota2Spire:Bloodstone","D6","HushsDoor","REME_ComplimentaryCards","infinitespire:Lychee Nut","DoctorsRemote","StuffTheSpire:Saxophone","MerchantsRug","Bottled Tornado","Dota2Spire:Vanguard","TheBattery","Replay:Arrowhead","wanderingMiniBosses:MasterThiefsPresence","StuffTheSpire:Experiment12","SnailShell","StuffTheSpire:BottledEssence","hubris:DuctTape","halation:EternalFortune","Replay:Mystery Machine","trackpad:CultistFigurine","Elementarium:ElementariumTrophy","energizedSpire:HugeHouse","reliquary:Aerogel","Dota2Spire:Mjollnir","hubris:Towel","Hallownest:BeastSealRelic","paleoftheancients:Timepiece","paleoftheancients:KeyRelic","Oddly Smooth Stone","CultistMask","Guardian:BottledAnomaly","ReplayTheSpireMod:CursedCoin"],"acts_visited":["Hallownest:Greenpath","Elementarium:Elementarium","Hallownest:KingdomsEdge","paleoftheancients:PaleOfTheAncients"],"potions_floor_usage":[29,33],"damage_taken":[{"damage":4,"enemies":"Hallownest:monsterHuskGuard","floor":1,"turns":3},{"damage":3,"enemies":"2_ Uuma","floor":3,"turns":1},{"damage":7,"enemies":"Hallownest:2_MossCreeps","floor":4,"turns":2},{"damage":3,"enemies":"Hallownest:monsterMossCharger","floor":5,"turns":2},{"damage":5,"enemies":"Hallownest:eliteVengeflyKing","floor":7,"turns":2},{"damage":0,"enemies":"Hallownest:Guard_and_Warrior","floor":9,"turns":3},{"damage":0,"enemies":"Hallownest:eliteMossKnight","floor":11,"turns":2},{"damage":10,"enemies":"Hallownest:Guard_and_Warrior","floor":13,"turns":6},{"damage":0,"enemies":"Hallownest:BossBrokenVessel","floor":16,"turns":3},{"damage":0,"enemies":"Elementarium:2_ELEMENTALS","floor":18,"turns":1},{"damage":0,"enemies":"Elementarium:MUD_AND_TAR_GOLEMS","floor":21,"turns":2},{"damage":0,"enemies":"Elementarium:CYCLONE_AND_LIVING_STORMCLOUD","floor":22,"turns":3},{"damage":6,"enemies":"Elementarium:VoidBeast","floor":25,"turns":1},{"damage":0,"enemies":"Elementarium:VOID_CORRUPTION_AND_ORB_OF_FIRE","floor":26,"turns":3},{"damage":12,"enemies":"Elementarium:WarGolem","floor":28,"turns":2},{"damage":0,"enemies":"Elementarium:ElementalPortal","floor":30,"turns":3},{"damage":0,"enemies":"Elementarium:VOID_CORRUPTION_AND_ORB_OF_FIRE","floor":31,"turns":3},{"damage":0,"enemies":"Elementarium:GolemEmperor","floor":33,"turns":5},{"damage":0,"enemies":"Hallownest:Shield_Heavy","floor":35,"turns":2},{"damage":0,"enemies":"Hallownest:3_Siblings","floor":37,"turns":3},{"damage":0,"enemies":"Hallownest:2_Great","floor":38,"turns":3},{"damage":0,"enemies":"Hallownest:2_Soldiers_and_1_Guardian","floor":39,"turns":3},{"damage":0,"enemies":"Hallownest:monsterPrimalAspid","floor":41,"turns":2},{"damage":0,"enemies":"conspire:MimicChest","floor":42,"turns":5},{"damage":0,"enemies":"Hallownest:Shield_Sturdy","floor":43,"turns":7},{"damage":0,"enemies":"Hallownest:StalkingDevout","floor":44,"turns":4},{"damage":0,"enemies":"Hallownest:Shield_Sturdy","floor":45,"turns":3},{"damage":0,"enemies":"Hallownest:2_Wing_and_1_Kings","floor":46,"turns":2},{"damage":0,"enemies":"Hallownest:BossGreyPrinceZote","floor":50,"turns":6},{"damage":4,"enemies":"Hallownest:BossHollowKnight","floor":51,"turns":8},{"damage":5,"enemies":"Hallownest:BossHollowKnight","floor":52,"turns":6},{"damage":40,"enemies":"Hallownest:BossHollowKnight","floor":53,"turns":5},{"damage":0,"enemies":"Hallownest:BossHollowKnight","floor":57,"turns":8},{"damage":0,"enemies":"paleoftheancients:N","floor":61,"turns":15}],"seed_played":"3410966074231806305","potions_obtained":[{"floor":1,"key":"AttackPotion"},{"floor":5,"key":"Elixir"},{"floor":7,"key":"Swift Potion"},{"floor":13,"key":"Energy Potion"},{"floor":22,"key":"Fire Potion"},{"floor":25,"key":"Fire Potion"},{"floor":31,"key":"REME_GoldPotion"},{"floor":37,"key":"GamblersBrew"},{"floor":39,"key":"Dota2Spire:Clarity"},{"floor":44,"key":"Block Potion"}],"is_trial":true,"path_per_floor":["M","$","M","M","M","R","E","R","MIM","R","E","$","M","?","R","B",null,"M","?","$","M","M","R","?","M","MIM","R","E","R","E","M","R","B",null,"M","?","M","M","M","R","M","?","MIM","E","M","M","?","?","R","B","B","M","M","?","$","R","M","R","$","?","B",null],"character_chosen":"THE_CURSED","items_purchased":["StuffTheSpire:Saxophone","TheCursedMod:LuckyCharm","REME_Flogging","MerchantsRug","expansioncontent:CaCaw","BlessingOfTheForge","SpeedPotion","Bottled Tornado","TheCursedMod:FleshFromBone","TheBattery","Replay:Arrowhead","TheCursedMod:SpitefulPlan","TheCursedMod:SurpriseAttack","TheCursedMod:WearCloak","StuffTheSpire:Experiment12","REME_HeartOfCthun","SnailShell","conspire:Banana","StuffTheSpire:BottledEssence","TheCursedMod:LuckyCharm","hubris:DuctTape","D6","qcfpunch:School_Backpack","Fruit Juice","Replay:Mystery Machine","trackpad:GuardianSpirit","Happy Flower","TheCursedMod:FleshFromBone+1","Mayhem","Guardian:BottledAnomaly","ReplayTheSpireMod:CursedCoin","Dota2Spire:OctarineCore"],"campfire_rested":0,"item_purchase_floors":[2,2,2,2,2,2,2,2,12,12,12,15,15,15,15,17,20,20,20,20,20,29,29,29,29,49,49,49,55,55,59,59],"current_hp_per_floor":[51,51,48,50,51,51,51,51,62,62,69,69,68,68,68,73,71,71,71,71,76,81,81,84,88,100,100,99,104,115,126,126,134,129,133,133,142,148,161,161,165,175,183,187,197,207,207,207,207,219,235,247,250,250,250,250,273,273,273,273,285],"gold":83,"neow_bonus":"","is_daily":false,"chose_seed":false,"campfire_upgraded":14,"win_rate":0.0,"timestamp":1613346223,"path_taken":["?","$","M","M","M","R","E","R","MIM","R","E","$","?","?","R","BOSS","M","?","$","M","M","R","?","M","MIM","R","E","R","E","M","R","BOSS","M","?","M","M","M","R","M","?","MIM","E","M","?","?","?","R","BOSS","BOSS","M","M","?","$","R","M","R","$","?","BOSS"],"items_purchased_type":["Relic","Card","Card","Relic","Card","Potion","Potion","Relic","Card","Relic","Relic","Card","Card","Card","Relic","Card","Relic","Card","Relic","Card","Relic","Relic","Relic","Potion","Relic","Relic","Relic","Card","Card","Relic","Relic","Relic"],"build_version":"2020-12-22","purchased_purges":3,"victory":true,"max_hp_per_floor":[55,55,55,56,57,57,59,59,65,65,69,69,75,75,75,75,71,71,71,71,76,81,81,84,94,101,101,111,116,122,128,128,134,129,133,133,142,148,161,161,165,175,183,187,197,207,207,207,207,219,235,247,259,259,259,259,273,273,273,273,285],"relic_stats":{"Happy Flower":[16],"counters":[34,129],"obtain_stats":[{"SnailShell":20,"reliquary:Aerogel":42,"GnawedLeaf":44,"Dota2Spire:Vanguard":11,"StuffTheSpire:BottledEssence":20,"paleoftheancients:SoulOfTheDefect":57,"Whetstone":7,"TheBattery":12,"Bottled Tornado":2,"Replay:Mystery Machine":29,"qcfpunch:Wild_Herbs_Ointment":28,"StuffTheSpire:Experiment12":15,"reliquary:Buckler":9,"Dota2Spire:Mjollnir":43,"energizedSpire:HugeHouse":34,"trackpad:CultistFigurine":30,"Guardian:BottledAnomaly":55,"Hallownest:BeastSealRelic":48,"KeepersGift":0,"trackpad:GuardianSpirit":49,"TheCursedMod:BlackMagic101":0,"DoctorsRemote":0,"MerchantsRug":2,"paleoftheancients:KeyRelic":51,"hubris:DuctTape":20,"Happy Flower":49,"ReplayTheSpireMod:CursedCoin":59,"StuffTheSpire:Saxophone":2,"Oddly Smooth Stone":51,"wanderingMiniBosses:MasterThiefsPresence":13,"Dota2Spire:Bloodstone":17,"hubris:Towel":47,"Replay:Arrowhead":12,"paleoftheancients:Timepiece":51,"D6":29,"Elementarium:ElementariumTrophy":33,"infinitespire:Lychee Nut":0,"qcfpunch:School_Backpack":29,"halation:EternalFortune":24,"CultistMask":51,"Dota2Spire:OctarineCore":59,"HushsDoor":0,"REME_ComplimentaryCards":0},{"SnailShell":10,"reliquary:Aerogel":24,"GnawedLeaf":26,"Dota2Spire:Vanguard":7,"StuffTheSpire:BottledEssence":10,"paleoftheancients:SoulOfTheDefect":33,"Whetstone":5,"TheBattery":7,"Bottled Tornado":1,"Replay:Mystery Machine":15,"qcfpunch:Wild_Herbs_Ointment":15,"StuffTheSpire:Experiment12":8,"reliquary:Buckler":6,"Dota2Spire:Mjollnir":25,"energizedSpire:HugeHouse":18,"trackpad:CultistFigurine":16,"Guardian:BottledAnomaly":32,"Hallownest:BeastSealRelic":28,"KeepersGift":0,"trackpad:GuardianSpirit":28,"TheCursedMod:BlackMagic101":0,"DoctorsRemote":0,"MerchantsRug":1,"paleoftheancients:KeyRelic":30,"hubris:DuctTape":10,"Happy Flower":28,"ReplayTheSpireMod:CursedCoin":33,"StuffTheSpire:Saxophone":1,"Oddly Smooth Stone":30,"wanderingMiniBosses:MasterThiefsPresence":8,"Dota2Spire:Bloodstone":9,"hubris:Towel":28,"Replay:Arrowhead":7,"paleoftheancients:Timepiece":30,"D6":15,"Elementarium:ElementariumTrophy":18,"infinitespire:Lychee Nut":0,"qcfpunch:School_Backpack":15,"halation:EternalFortune":12,"CultistMask":30,"Dota2Spire:OctarineCore":33,"HushsDoor":0,"REME_ComplimentaryCards":0},{"SnailShell":25,"reliquary:Aerogel":65,"GnawedLeaf":76,"Dota2Spire:Vanguard":15,"StuffTheSpire:BottledEssence":25,"paleoftheancients:SoulOfTheDefect":114,"Whetstone":10,"TheBattery":15,"Bottled Tornado":3,"Replay:Mystery Machine":36,"qcfpunch:Wild_Herbs_Ointment":36,"StuffTheSpire:Experiment12":21,"reliquary:Buckler":13,"Dota2Spire:Mjollnir":72,"energizedSpire:HugeHouse":47,"trackpad:CultistFigurine":39,"Guardian:BottledAnomaly":106,"Hallownest:BeastSealRelic":81,"KeepersGift":0,"trackpad:GuardianSpirit":81,"TheCursedMod:BlackMagic101":0,"DoctorsRemote":0,"MerchantsRug":3,"paleoftheancients:KeyRelic":95,"hubris:DuctTape":25,"Happy Flower":81,"ReplayTheSpireMod:CursedCoin":114,"StuffTheSpire:Saxophone":3,"Oddly Smooth Stone":95,"wanderingMiniBosses:MasterThiefsPresence":21,"Dota2Spire:Bloodstone":24,"hubris:Towel":81,"Replay:Arrowhead":15,"paleoftheancients:Timepiece":95,"D6":36,"Elementarium:ElementariumTrophy":46,"infinitespire:Lychee Nut":0,"qcfpunch:School_Backpack":36,"halation:EternalFortune":30,"CultistMask":95,"Dota2Spire:OctarineCore":114,"HushsDoor":0,"REME_ComplimentaryCards":0}]},"card_choices":[{"not_picked":[],"picked":"BettingIsNotGood","floor":0},{"not_picked":["TheCursedMod:CursedAmulet","TheCursedMod:RapidMovement"],"picked":"TheCursedMod:HellfireBreathing","floor":1},{"not_picked":["expansioncontent:YouAreMine","TheCursedMod:CursedBlade","TheCursedMod:RapidMovement"],"picked":"SKIP","floor":3},{"not_picked":["TheCursedMod:FleshFromBone","TheCursedMod:Stigma"],"picked":"TheCursedMod:NeowsMight","floor":4},{"not_picked":["TheCursedMod:CursedSpellbook","TheCursedMod:Torture"],"picked":"TheCursedMod:RavingStaff","floor":5},{"not_picked":["TheCursedMod:DemonSword","REME_BuildACard"],"picked":"hubris:EnhanceAbility","floor":7},{"not_picked":["REME_ProfessionalPlagiarism","Metamorphosis"],"picked":"TheCursedMod:ShockAndAwe","floor":11},{"not_picked":["PlatinumSkin","TheCursedMod:CursedAmulet"],"picked":"TheCursedMod:SpitefulStrike","floor":13},{"not_picked":["TheCursedMod:OutForBlood","REME_BuildACard"],"picked":"REME_MawOfCthun","floor":16},{"not_picked":["TheCursedMod:AshesToAshes","TheCursedMod:CircleOfCorruption"],"picked":"TheCursedMod:WearCloak","floor":18},{"not_picked":["Replay:Fractal Strike","infinitespire:Menacing"],"picked":"infinitespire:NeuralNetwork","floor":19},{"not_picked":["TheCursedMod:Stigma","TheCursedMod:RapidMovement","TheCursedMod:Wield"],"picked":"SKIP","floor":21},{"not_picked":["TheCursedMod:Obscuration","expansioncontent:DecasProtection","Degenerate"],"picked":"SKIP","floor":22},{"not_picked":["TheCursedMod:CircleOfCorruption","TheCursedMod:Stretching"],"picked":"Enlightenment","floor":25},{"not_picked":["TheCursedMod:SmokeScreen+1","expansioncontent:DarkVoid+1"],"picked":"TheCursedMod:DarkBarrier","floor":26},{"not_picked":["ReplayTheSpireMod:Brewmster","TheCursedMod:Neurasthenia"],"picked":"Sadistic Nature","floor":28},{"not_picked":["conspire:HitWhereItHurts","Replay:Many Hands"],"picked":"Demon Form","floor":30},{"not_picked":["REME_BuildACard","Secret Weapon"],"picked":"TheCursedMod:OutForBlood","floor":30},{"not_picked":["Steam","Double Energy"],"picked":"FIFO Queue","floor":31},{"not_picked":["TheCursedMod:Wield","hubris:Insight+1","expansioncontent:ChargeUp"],"picked":"SKIP","floor":31},{"not_picked":["Wish","REME_EmptyShield"],"picked":"Devotion","floor":33},{"not_picked":["FollowUp","Replay:ManipulateFuture","REME_Repentance"],"picked":"SKIP","floor":35},{"not_picked":["TheCursedMod:CursedShiv","TheCursedMod:SurpriseAttack","Finesse"],"picked":"SKIP","floor":35},{"not_picked":["StuffTheSpire:Incantation","Cloak And Dagger"],"picked":"After Image","floor":37},{"not_picked":["TheCursedMod:Obscuration","TheCursedMod:RavingStaff+1","expansioncontent:Sear"],"picked":"SKIP","floor":37},{"not_picked":["TheCursedMod:TacticalStrike","expansioncontent:Sear","Purity+1"],"picked":"SKIP","floor":38},{"not_picked":["TheCursedMod:RavingStaff","TheCursedMod:Wield"],"picked":"expansioncontent:SuperHexaguard","floor":39},{"not_picked":["TheCursedMod:ParallelWorld","TheCursedMod:PrepareRite"],"picked":"expansioncontent:TimeRipple","floor":41},{"not_picked":["Jack Of All Trades","Degenerate+1"],"picked":"TheCursedMod:Hemoplague","floor":42},{"not_picked":["Feint","Secret Technique"],"picked":"REME_MawOfCthun","floor":44},{"not_picked":["TheCursedMod:Torture","expansioncontent:ManipulateTime","Degenerate"],"picked":"SKIP","floor":45},{"not_picked":["Purity+1","Discovery+1"],"picked":"Bomb","floor":46},{"not_picked":["Replay:Sssssssssstrike","TheCursedMod:CursedArmor","TheCursedMod:CircleOfBlood+1"],"picked":"SKIP","floor":52},{"not_picked":["hubris:Insight","TheCursedMod:CursedMace+1","TheCursedMod:Torture+1"],"picked":"SKIP","floor":53},{"not_picked":["REME_ShortnessOfBreath+1","expansioncontent:QuickStudy","TheCursedMod:BloodBarrier"],"picked":"SKIP","floor":57}],"player_experience":4017929,"relics_obtained":[{"floor":7,"key":"Whetstone"},{"floor":9,"key":"reliquary:Buckler"},{"floor":11,"key":"Dota2Spire:Vanguard"},{"floor":13,"key":"wanderingMiniBosses:MasterThiefsPresence"},{"floor":25,"key":"halation:EternalFortune"},{"floor":28,"key":"qcfpunch:Wild_Herbs_Ointment"},{"floor":30,"key":"trackpad:CultistFigurine"},{"floor":37,"key":"halation:EternalFortune"},{"floor":39,"key":"halation:EternalFortune"},{"floor":42,"key":"reliquary:Aerogel"},{"floor":43,"key":"Dota2Spire:Mjollnir"},{"floor":44,"key":"GnawedLeaf"},{"floor":57,"key":"paleoftheancients:SoulOfTheDefect"}],"event_choices":[],"is_beta":false,"boss_relics":[{"not_picked":["reliquary:RedCape","energizedSpire:DeadBattery"],"picked":"Dota2Spire:Bloodstone"},{"not_picked":[]},{"not_picked":["reliquary:RedPaperclip","trackpad:Coffee"],"picked":"energizedSpire:HugeHouse"},{"not_picked":[]}],"items_purged_floors":[12,29,59],"is_endless":false,"potions_floor_spawned":[1,5,7,13,22,25,31,37,39,44,46],"ascension_level":20,"is_humility":true}}