{"host":"6xsbn6ynqlzwllfm","time":1613313597,"event":{"mods":["2.2 Compatiblity","BaseMod","Bestiary","Colored Map","Colored Powertips","Curses Come First","Downfall","Highlight Path","Keyboard Shortcuts","Minty Spire (QoL Compilation)","Relic Stats","Slay the Relics Exporter","StSLib","SuperFastMode"],"gold_per_floor":[99,111,126,576,576,114,169,169,169,169,197,197,212,244,257,361,361,361,380,400,419,369,394,485,513,550,562,102,122,22,48,60,162,162,62,80,95,95,146,46,93,0,0,0,33,33,50,78,90,90,90,122,7,7,7,7],"floor_reached":57,"language":"ENG","playtime":2884,"items_purged":["bronze:Strike","bronze:Strike","downfall:Haunted"],"score":2017,"play_id":"14446515-93db-49b5-92c9-d2ba93ed9593","local_time":"20210214093957","is_ascension_mode":true,"campfire_choices":[{"data":"bronze:Goto","floor":1,"key":"SMITH"},{"data":"bronze:ItsAFeature","floor":8,"key":"SMITH"},{"data":"bronze:Iterate","floor":12,"key":"SMITH"},{"floor":18,"key":"RECALL"},{"data":"bronze:MaxOutput","floor":30,"key":"SMITH"},{"data":"bronze:InfiniteLoop","floor":35,"key":"SMITH"},{"floor":40,"key":"REST"},{"data":"1","floor":44,"key":"LIFT"},{"floor":46,"key":"REST"},{"floor":54,"key":"REST"}],"circlet_count":0,"master_deck":["AscendersBane","bronze:Defend","bronze:Defend","bronze:Defend","bronze:Defend","bronze:Replicate","bronze:Goto+1","bronze:Overheat","bronze:Shield","downfall:Icky","downfall:Icky","downfall:Icky","bronze:BitShift","bronze:InfiniteLoop+1","bronze:ItsAFeature+1","bronze:Iterate+1","bronze:Frontload","bronze:Iterate","bronze:BronzeArmor","bronze:MaxOutput+1","bronze:HardenedForm","bronze:Shell+1","bronze:ItsAFeature","bronze:Allocate","expansioncontent:InvincibleStrength","expansioncontent:InvincibleStrength","expansioncontent:Chronoboost","Hologram+1","bronze:MaxOutput","bronze:ClassDefault"],"relics":["Velvet Choker","Lantern","Omamori","PreservedInsect","bronze:BottledCode","Singing Bowl","Vajra","CaptainsWheel","Cursed Key","MawBank","The Courier","Membership Card","bronze:Timepiece","bronze:SilverBullet","Blood Vial","bronze:BronzeIdol","downfall:HeartBlessingBlue","WingedGreaves","Snecko Eye","downfall:HeartBlessingRed","Girya","Guardian:GemstoneGun","downfall:HeartBlessingGreen","Anchor","Oddly Smooth Stone","PrismaticShard","bronze:DecasWashers","Blue Candle","Boot","Incense Burner","Bronze Scales","Chemical X"],"acts_visited":["Exordium","TheCity","TheBeyond","TheEnding"],"potions_floor_usage":[21,23,25,26,31,33,39,49,50,56,56],"damage_taken":[{"damage":0,"enemies":"Cultist","floor":2,"turns":4},{"damage":6,"enemies":"2 Louse","floor":3,"turns":3},{"damage":0,"enemies":"downfall:FleeingMerchant","floor":6,"turns":4},{"damage":0,"enemies":"Lagavulin","floor":11,"turns":5},{"damage":1,"enemies":"Small Slimes","floor":13,"turns":2},{"damage":0,"enemies":"3 Sentries","floor":14,"turns":3},{"damage":9,"enemies":"Exordium Wildlife","floor":15,"turns":5},{"damage":11,"enemies":"IC_STATUS_ARCHETYPE","floor":16,"turns":7},{"damage":1,"enemies":"3 Byrds","floor":19,"turns":4},{"damage":20,"enemies":"Centurion and Healer","floor":20,"turns":7},{"damage":14,"enemies":"Chosen and Byrds","floor":21,"turns":7},{"damage":26,"enemies":"Slavers","floor":23,"turns":5},{"damage":13,"enemies":"Shelled Parasite and Fungi","floor":25,"turns":4},{"damage":0,"enemies":"Book of Stabbing","floor":26,"turns":3},{"damage":0,"enemies":"downfall:FleeingMerchant","floor":28,"turns":4},{"damage":3,"enemies":"Snake Plant","floor":29,"turns":4},{"damage":16,"enemies":"Gremlin Leader","floor":31,"turns":4},{"damage":2,"enemies":"Cultist and Chosen","floor":32,"turns":3},{"damage":11,"enemies":"WA_ARCHETYPE_CALM","floor":33,"turns":5},{"damage":5,"enemies":"3 Darklings","floor":36,"turns":4},{"damage":0,"enemies":"Orb Walker","floor":37,"turns":3},{"damage":41,"enemies":"2 Orb Walkers","floor":39,"turns":5},{"damage":2,"enemies":"downfall:FleeingMerchant","floor":42,"turns":4},{"damage":11,"enemies":"Reptomancer","floor":45,"turns":5},{"damage":3,"enemies":"Spire Growth","floor":47,"turns":3},{"damage":7,"enemies":"Nemesis","floor":48,"turns":5},{"damage":17,"enemies":"3 Darklings","floor":49,"turns":6},{"damage":5,"enemies":"SI_POISON_ARCHETYPE","floor":50,"turns":11},{"damage":20,"enemies":"downfall:CharBossMerchant","floor":52,"turns":7},{"damage":38,"enemies":"downfall:NeowBoss","floor":55,"turns":9},{"damage":34,"enemies":"downfall:NeowBossFinal","floor":56,"turns":8}],"seed_played":"7197228644063277102","potions_obtained":[{"floor":3,"key":"sneckomod:MuddlingPotion"},{"floor":11,"key":"FearPotion"},{"floor":13,"key":"ColorlessPotion"},{"floor":19,"key":"bronze:FreeFunctionsPotion"},{"floor":23,"key":"LiquidBronze"},{"floor":25,"key":"Weak Potion"},{"floor":31,"key":"SteroidPotion"},{"floor":32,"key":"Guardian:BlockOnCardUsePotion"},{"floor":37,"key":"bronze:CleanCodePotion"},{"floor":39,"key":"Strength Potion"},{"floor":48,"key":"hexamod:SoulburnPotion"},{"floor":52,"key":"CultistPotion"}],"is_trial":false,"path_per_floor":["R","M","M","?","?","$","T","R","?","T","E","R","M","E","M","B",null,"R","M","M","M","?","E","T","M","E","?","$","M","R","E","M","B",null,"R","M","M","T","?","R","T","$","?","R","E","R","M","E","M","B",null,"E","$","R","B","B",null],"character_chosen":"THE_AUTOMATON","items_purchased":["bronze:ItsAFeature","Lantern","Omamori","Membership Card","bronze:Timepiece","bronze:SilverBullet","Blood Vial","bronze:BronzeIdol","Oddly Smooth Stone","bronze:ItsAFeature","PrismaticShard","bronze:DecasWashers","Blue Candle","bronze:Allocate","bronze:MaxOutput","bronze:ClassDefault","Chemical X"],"campfire_rested":3,"item_purchase_floors":[6,6,6,28,28,28,28,28,42,42,42,42,42,42,53,53,53],"current_hp_per_floor":[63,63,57,57,57,57,57,57,57,57,57,57,58,58,51,42,60,60,61,43,29,57,31,31,20,20,20,22,23,33,21,23,16,73,73,72,74,74,37,65,65,67,57,57,48,77,78,75,62,59,93,77,77,106,68,36],"gold":7,"neow_bonus":"BOSS_RELIC","is_daily":false,"chose_seed":false,"campfire_upgraded":5,"win_rate":0.0,"timestamp":1613313597,"path_taken":["R","M","M","?","?","$","T","R","?","?","E","R","M","E","M","BOSS","R","M","M","M","?","E","T","M","E","?","$","M","R","E","M","BOSS","R","M","M","?","?","R","T","$","?","R","E","R","M","E","M","BOSS","E","$","R","BOSS","BOSS"],"items_purchased_type":["Card","Relic","Relic","Relic","Relic","Relic","Relic","Relic","Relic","Card","Relic","Relic","Relic","Card","Card","Card","Relic"],"build_version":"2020-12-22","purchased_purges":3,"victory":true,"max_hp_per_floor":[70,70,70,70,70,70,70,70,60,60,60,60,62,62,64,66,66,66,68,70,70,70,70,70,72,72,72,74,76,86,88,90,92,92,92,94,94,94,96,96,96,98,98,98,98,98,100,102,104,104,104,106,106,106,106,106],"relic_stats":{"Blood Vial":30,"Singing Bowl":36,"counters":[31,153],"Blue Candle":[9],"Bronze Scales":[39],"Snecko Eye":[161,134,167,163],"PreservedInsect":498,"Chemical X":[1],"Cursed Key":3,"MawBank":60,"Boot":[69],"obtain_stats":[{"Lantern":6,"bronze:BronzeCore":0,"Singing Bowl":10,"Vajra":11,"downfall:HeartBlessingGreen":40,"Incense Burner":48,"Cursed Key":17,"PrismaticShard":42,"Boot":45,"Blood Vial":28,"downfall:HeartBlessingBlue":30,"bronze:Timepiece":28,"WingedGreaves":31,"Chemical X":53,"Girya":38,"downfall:HeartBlessingRed":35,"Guardian:GemstoneGun":39,"bronze:DecasWashers":42,"Blue Candle":42,"Velvet Choker":0,"Oddly Smooth Stone":42,"PreservedInsect":7,"The Courier":26,"Omamori":6,"MawBank":23,"bronze:BronzeIdol":28,"bronze:BottledCode":9,"CaptainsWheel":14,"Anchor":41,"Bronze Scales":52,"Snecko Eye":34,"Membership Card":28,"bronze:SilverBullet":28},{"Lantern":3,"bronze:BronzeCore":0,"Singing Bowl":3,"Vajra":4,"downfall:HeartBlessingGreen":22,"Incense Burner":26,"Cursed Key":8,"PrismaticShard":23,"Boot":24,"Blood Vial":15,"downfall:HeartBlessingBlue":16,"bronze:Timepiece":15,"WingedGreaves":17,"Chemical X":29,"Girya":21,"downfall:HeartBlessingRed":19,"Guardian:GemstoneGun":22,"bronze:DecasWashers":23,"Blue Candle":23,"Velvet Choker":0,"Oddly Smooth Stone":23,"PreservedInsect":3,"The Courier":14,"Omamori":3,"MawBank":12,"bronze:BronzeIdol":15,"bronze:BottledCode":3,"CaptainsWheel":6,"Anchor":22,"Bronze Scales":29,"Snecko Eye":19,"Membership Card":15,"bronze:SilverBullet":15},{"Lantern":11,"bronze:BronzeCore":0,"Singing Bowl":11,"Vajra":16,"downfall:HeartBlessingGreen":95,"Incense Burner":112,"Cursed Key":33,"PrismaticShard":99,"Boot":104,"Blood Vial":67,"downfall:HeartBlessingBlue":71,"bronze:Timepiece":67,"WingedGreaves":75,"Chemical X":136,"Girya":90,"downfall:HeartBlessingRed":83,"Guardian:GemstoneGun":95,"bronze:DecasWashers":99,"Blue Candle":99,"Velvet Choker":0,"Oddly Smooth Stone":99,"PreservedInsect":11,"The Courier":63,"Omamori":11,"MawBank":56,"bronze:BronzeIdol":67,"bronze:BottledCode":11,"CaptainsWheel":21,"Anchor":95,"Bronze Scales":136,"Snecko Eye":83,"Membership Card":67,"bronze:SilverBullet":67}]},"card_choices":[{"not_picked":["bronze:Branch","bronze:Deprecate"],"picked":"bronze:Overheat","floor":2},{"not_picked":["bronze:DelayedSlice","bronze:BitShift"],"picked":"bronze:Shield","floor":3},{"not_picked":["bronze:InfiniteBeams","bronze:Refactor"],"picked":"bronze:InfiniteLoop","floor":6},{"not_picked":["bronze:ItsAFeature","bronze:Fortify"],"picked":"bronze:Iterate","floor":11},{"not_picked":["bronze:ItsAFeature","bronze:Constructor","bronze:Optimize"],"picked":"Singing Bowl","floor":13},{"not_picked":["bronze:OilSpill","bronze:Overheat"],"picked":"bronze:Frontload","floor":14},{"not_picked":["bronze:ChosenStrike","bronze:Constructor","bronze:Overheat"],"picked":"Singing Bowl","floor":15},{"not_picked":["bronze:SpaghettiCode","bronze:Assembly","bronze:Virus"],"picked":"Singing Bowl","floor":16},{"not_picked":["bronze:FineTuning","bronze:Frontload","bronze:Separator"],"picked":"Singing Bowl","floor":19},{"not_picked":["bronze:Invalidate","bronze:Allocate","bronze:WildBeam"],"picked":"Singing Bowl","floor":20},{"not_picked":["bronze:Deprecate","bronze:OilSpill"],"picked":"bronze:Iterate","floor":21},{"not_picked":["bronze:BurnOut","bronze:CutThrough"],"picked":"bronze:BronzeArmor","floor":23},{"not_picked":["bronze:Branch","bronze:Iterate","bronze:ForceShield"],"picked":"Singing Bowl","floor":25},{"not_picked":["bronze:Constructor","bronze:BitShift+1"],"picked":"bronze:MaxOutput","floor":26},{"not_picked":["bronze:Overload","bronze:Frontload","bronze:DelayedGuard"],"picked":"Singing Bowl","floor":28},{"not_picked":["bronze:Branch","bronze:Separator","bronze:NullPointer"],"picked":"Singing Bowl","floor":29},{"not_picked":["bronze:CutThrough","bronze:Philosophize+1","bronze:DelayedSlice"],"picked":"Singing Bowl","floor":31},{"not_picked":["bronze:FineTuning+1","bronze:WildBeam","bronze:WhirlingStrike"],"picked":"Singing Bowl","floor":32},{"not_picked":["bronze:Break","bronze:InfiniteLoop","bronze:CleanCode"],"picked":"Singing Bowl","floor":33},{"not_picked":["bronze:DelayedSlice+1","bronze:Constructor","bronze:Iterate"],"picked":"Singing Bowl","floor":36},{"not_picked":["bronze:Invalidate+1","bronze:Philosophize"],"picked":"bronze:Shell+1","floor":37},{"not_picked":["bronze:InfiniteBeams","bronze:Separator","bronze:FineTuning+1"],"picked":"Singing Bowl","floor":39},{"not_picked":["bronze:DigitalCarnage+1","bronze:BronzeOrb","bronze:RecursiveStrike"],"picked":"Singing Bowl","floor":42},{"not_picked":["expansioncontent:LastStand","expansioncontent:Chronoboost"],"picked":"expansioncontent:InvincibleStrength","floor":43},{"not_picked":["expansioncontent:YouAreMine","expansioncontent:LastStand"],"picked":"expansioncontent:InvincibleStrength","floor":43},{"not_picked":["expansioncontent:LastStand","expansioncontent:PrepareCrush"],"picked":"expansioncontent:Chronoboost","floor":43},{"not_picked":["bronze:NullPointer","Ball Lightning+1"],"picked":"Hologram+1","floor":45},{"not_picked":["Finisher+1","bronze:CloningBeam","EmptyMind+1"],"picked":"Singing Bowl","floor":47},{"not_picked":["champ:GladiatorForm","Rebound","Streamline+1"],"picked":"Singing Bowl","floor":48},{"not_picked":["sneckomod:QuickBite","Bane","Cloak And Dagger"],"picked":"Singing Bowl","floor":49},{"not_picked":["hexamod:ChargedBarrage","hexamod:InspiringFlames","Cleave"],"picked":"Singing Bowl","floor":52}],"player_experience":1774313,"relics_obtained":[{"floor":7,"key":"PreservedInsect"},{"floor":10,"key":"Singing Bowl"},{"floor":11,"key":"Vajra"},{"floor":14,"key":"CaptainsWheel"},{"floor":23,"key":"MawBank"},{"floor":26,"key":"The Courier"},{"floor":31,"key":"WingedGreaves"},{"floor":38,"key":"Girya"},{"floor":39,"key":"Guardian:GemstoneGun"},{"floor":41,"key":"Anchor"},{"floor":45,"key":"Boot"},{"floor":48,"key":"Incense Burner"},{"floor":52,"key":"Bronze Scales"}],"event_choices":[{"damage_healed":0,"gold_gain":0,"cards_transformed":["bronze:Strike"],"player_choice":"Change","damage_taken":0,"max_hp_gain":0,"max_hp_loss":0,"event_name":"Living Wall","floor":5,"gold_loss":0,"cards_obtained":["bronze:BitShift"]},{"damage_healed":0,"gold_gain":0,"player_choice":"Fight","damage_taken":0,"max_hp_gain":0,"max_hp_loss":0,"event_name":"Mysterious Sphere","floor":39,"gold_loss":0}],"is_beta":false,"boss_relics":[{"not_picked":["Philosopher\u0027s Stone","Tiny House"],"picked":"Cursed Key"},{"not_picked":["bronze:MakeshiftBattery","SacredBark"],"picked":"Snecko Eye"}],"items_purged_floors":[6,28,42],"is_endless":false,"potions_floor_spawned":[3,11,13,19,23,25,31,32,37,39,48,52],"ascension_level":10}}