{"host":"uv5ws9rdk87e8i5k","time":1613345144,"event":{"mods":["AchievementEnabler","BaseMod","Colored Map","Minty Spire (QoL Compilation)","Permanent Neow","Quick Restart","StSLib","SuperFastMode","The Necromancer"],"gold_per_floor":[111,111,123,139,157,184,184,30,30,62,76,96,96,111,111,207,207,226,193,193,193],"floor_reached":20,"language":"ENG","playtime":506,"items_purged":[],"score":216,"play_id":"0e588e43-6e78-4bc2-a576-6b3aff526ddd","local_time":"20210214172544","is_ascension_mode":true,"campfire_choices":[{"data":"Creative AI","floor":7,"key":"SMITH"},{"data":"Fusion","floor":15,"key":"SMITH"}],"circlet_count":0,"master_deck":["Strike_B","Defend_B+1","Defend_B","Defend_B","Defend_B","Zap","Dualcast+1","Creative AI+1","Storm","Chaos","Ball Lightning","Conserve Battery","Defragment","Defragment","Fusion+1","Amplify","Self Repair","Heatsinks","Capacitor","Thunder Strike","Thunder Strike+1","Meteor Strike+1","Redo+1","Undo","FTL"],"relics":["Cracked Core","Darkstone Periapt","Cables","Boot","War Paint","Astrolabe"],"acts_visited":["Exordium","TheCity"],"potions_floor_usage":[4,6,6,6,14,16],"damage_taken":[{"damage":0,"enemies":"2 Louse","floor":1,"turns":2},{"damage":6,"enemies":"Cultist","floor":3,"turns":4},{"damage":0,"enemies":"Small Slimes","floor":4,"turns":2},{"damage":7,"enemies":"Looter","floor":5,"turns":3},{"damage":20,"enemies":"Lagavulin","floor":6,"turns":5},{"damage":8,"enemies":"Gremlin Nob","floor":10,"turns":3},{"damage":11,"enemies":"Red Slaver","floor":11,"turns":3},{"damage":14,"enemies":"Blue Slaver","floor":12,"turns":4},{"damage":7,"enemies":"3 Louse","floor":14,"turns":4},{"damage":28,"enemies":"The Guardian","floor":16,"turns":7},{"damage":20,"enemies":"3 Byrds","floor":18,"turns":3},{"damage":48,"enemies":"2 Thieves","floor":19,"turns":5},{"damage":18,"enemies":"Snecko","floor":20,"turns":2}],"seed_played":"2341590579150370685","potions_obtained":[{"floor":2,"key":"SkillPotion"},{"floor":2,"key":"Explosive Potion"},{"floor":2,"key":"Regen Potion"},{"floor":3,"key":"LiquidMemories"},{"floor":5,"key":"AttackPotion"},{"floor":10,"key":"PowerPotion"},{"floor":11,"key":"SkillPotion"},{"floor":19,"key":"PotionOfCapacity"}],"is_trial":false,"path_per_floor":["M","?","M","M","M","E","R","$","T","E","M","M","?","M","R","B",null,"M","M","M"],"character_chosen":"DEFECT","items_purchased":["Defragment","Fusion"],"campfire_rested":0,"item_purchase_floors":[8,8],"current_hp_per_floor":[75,75,69,69,62,55,55,55,55,47,36,36,36,36,36,22,75,55,14,0,0],"gold":193,"neow_bonus":"ONE_RANDOM_RARE_CARD","is_daily":false,"chose_seed":false,"campfire_upgraded":2,"win_rate":0.0,"timestamp":1613345144,"path_taken":["M","?","M","?","M","E","R","$","T","E","M","M","?","M","R","BOSS","M","M","M"],"items_purchased_type":["Card","Card"],"build_version":"2020-12-22","purchased_purges":0,"victory":false,"max_hp_per_floor":[75,75,75,75,75,75,75,75,75,75,75,75,75,75,75,75,75,75,75,75,75],"card_choices":[{"not_picked":["Beam Cell","Stack"],"picked":"Storm","floor":1},{"not_picked":["Barrage","Conserve Battery"],"picked":"Chaos","floor":3},{"not_picked":["Lockon","Sunder"],"picked":"Ball Lightning","floor":4},{"not_picked":["Leap","Scrape"],"picked":"Conserve Battery","floor":5},{"not_picked":["Skim","Capacitor"],"picked":"Defragment","floor":6},{"not_picked":["Scrape","Reprogram"],"picked":"Amplify","floor":10},{"not_picked":["Beam Cell","Leap"],"picked":"Self Repair","floor":11},{"not_picked":["Streamline","Hello World"],"picked":"Heatsinks","floor":12},{"not_picked":["Cold Snap","Sweeping Beam"],"picked":"Capacitor","floor":14},{"not_picked":["Biased Cognition","Meteor Strike"],"picked":"Thunder Strike","floor":16},{"not_picked":["Gash","Go for the Eyes"],"picked":"Undo","floor":18},{"not_picked":["Turbo","Cold Snap"],"picked":"FTL","floor":19}],"player_experience":186856,"relics_obtained":[{"floor":6,"key":"Darkstone Periapt"},{"floor":9,"key":"Cables"},{"floor":10,"key":"Boot"}],"event_choices":[{"damage_healed":0,"gold_gain":0,"player_choice":"Got Potions","damage_taken":0,"max_hp_gain":0,"max_hp_loss":0,"event_name":"Lab","floor":2,"gold_loss":0},{"damage_healed":0,"gold_gain":0,"player_choice":"Searched \u00271\u0027 times","damage_taken":0,"relics_obtained":["War Paint"],"max_hp_gain":0,"max_hp_loss":0,"event_name":"Dead Adventurer","floor":13,"gold_loss":0}],"is_beta":false,"boss_relics":[{"not_picked":["Tiny House","Black Star"],"picked":"Astrolabe"}],"items_purged_floors":[],"is_endless":false,"potions_floor_spawned":[3,5,10,11,19],"killed_by":"Snecko","ascension_level":3}}