{"host":"8e3sp1tozjyrh64l","time":1613267181,"event":{"mods":["BaseMod","Better Altar","Better Match","Better Note","Better Sensory Stone","Better Silent Start","Better Skull","Better Third Choice","BetterRewards","Curses Come First","Defuse TimeMaze Blight","Infinite Spire","Minty Spire (QoL Compilation)","Permanent Neow","Rare Cards Sparkle","Relic Sorter","Reliquary","Replay The Spire","Shop Mod","Spicy Shops","StSLib","SuperFastMode","Wandering Minibosses"],"gold_per_floor":[118,118,129,129,144,144,156,186,212,138,164,164,175,188,188,289,289,303,189,189,209,308,336,336,336,336],"floor_reached":25,"language":"ENG","playtime":531,"items_purged":[],"score":243,"play_id":"6731af61-8d75-4326-99b0-fbd7fdd1a739","local_time":"20210213184621","is_ascension_mode":true,"campfire_choices":[{"data":"Trip","floor":6,"key":"SMITH"},{"data":"Caltrops","floor":15,"key":"SMITH"},{"data":"Neutralize","floor":24,"key":"SMITH"}],"circlet_count":0,"master_deck":["Strike_G","Strike_G","Strike_G","Strike_G+1","Defend_G","Defend_G","Defend_G","Defend_G","Survivor","Neutralize+1","Trip+1","Masterful Stab","Riddle With Holes+1","Blade Dance","Caltrops+1","Venomology","Noxious Fumes","Phantasmal Killer+1"],"relics":["Ring of the Snake","Toy Ornithopter","reliquary:SilkGlove","reliquary:RosewoodLute","MerchantsRug","Iron Hammer"],"acts_visited":["Exordium","TheCity"],"potions_floor_usage":[8,8,12,16,18,21,21,23,25],"damage_taken":[{"damage":0,"enemies":"2 Louse","floor":1,"turns":3},{"damage":1,"enemies":"Cultist","floor":3,"turns":4},{"damage":0,"enemies":"Jaw Worm","floor":5,"turns":3},{"damage":9,"enemies":"2 Fungi Beasts","floor":7,"turns":3},{"damage":26,"enemies":"Lagavulin","floor":8,"turns":7},{"damage":1,"enemies":"Gremlin Nob","floor":11,"turns":3},{"damage":4,"enemies":"Exordium Thugs","floor":13,"turns":4},{"damage":0,"enemies":"Large Slime","floor":14,"turns":2},{"damage":20,"enemies":"Hexaghost","floor":16,"turns":8},{"damage":42,"enemies":"Chosen","floor":18,"turns":5},{"damage":13,"enemies":"2 Thieves","floor":21,"turns":3},{"damage":27,"enemies":"Book of Stabbing","floor":23,"turns":5},{"damage":17,"enemies":"Slavers","floor":25,"turns":2}],"seed_played":"2823642934114851221","potions_obtained":[{"floor":1,"key":"SkillPotion"},{"floor":5,"key":"Adrenaline Potion"},{"floor":11,"key":"Ancient Potion"},{"floor":12,"key":"Fruit Juice"},{"floor":12,"key":"DistilledChaos"},{"floor":12,"key":"Adrenaline Potion"}],"is_trial":false,"path_per_floor":["M","?","M","?","M","R","M","E","T","$","E","?","M","M","R","B",null,"M","$","?","M","?","E","R","E"],"character_chosen":"THE_SILENT","items_purchased":["reliquary:SilkGlove","MerchantsRug"],"campfire_rested":0,"item_purchase_floors":[10,19],"current_hp_per_floor":[70,70,69,69,69,69,60,34,34,34,33,43,39,39,39,24,75,33,33,33,30,30,8,8,0,0],"gold":336,"neow_bonus":"RANDOM_COLORLESS","is_daily":false,"chose_seed":false,"campfire_upgraded":3,"win_rate":0.0,"timestamp":1613267181,"path_taken":["M","?","?","?","M","R","M","E","T","$","E","?","M","?","R","BOSS","M","$","?","M","?","E","R","E"],"items_purchased_type":["Relic","Relic"],"build_version":"2020-12-22","purchased_purges":0,"victory":false,"max_hp_per_floor":[70,70,70,70,70,70,70,70,70,70,70,75,75,75,75,75,75,75,75,75,75,75,75,75,75,75],"card_choices":[{"not_picked":["Replay:Bootleg Shield Generator","Replay:Sssssssssshield"],"picked":"Trip","floor":0},{"not_picked":["Eviscerate","Deflect","Well Laid Plans"],"picked":"SKIP","floor":1},{"not_picked":["Slice","Heel Hook","Acrobatics"],"picked":"SKIP","floor":3},{"not_picked":["Underhanded Strike","Acrobatics","Terror"],"picked":"SKIP","floor":5},{"not_picked":["Bane","Acrobatics"],"picked":"Masterful Stab","floor":7},{"not_picked":["Blur","Backflip"],"picked":"Riddle With Holes","floor":8},{"not_picked":["Setup","Deadly Poison","Sucker Punch"],"picked":"SKIP","floor":11},{"not_picked":["Sucker Punch","Prepared"],"picked":"Blade Dance","floor":13},{"not_picked":["Poisoned Stab","Bouncing Flask"],"picked":"Caltrops","floor":14},{"not_picked":["Adrenaline","Tools of the Trade"],"picked":"Venomology","floor":16},{"not_picked":["Quick Slash","Slice"],"picked":"Noxious Fumes","floor":18},{"not_picked":["Outmaneuver","Riddle With Holes","Poisoned Stab"],"picked":"SKIP","floor":21},{"not_picked":["Reflex","Backflip","Dagger Throw"],"picked":"SKIP","floor":23}],"player_experience":932060,"relics_obtained":[{"floor":8,"key":"reliquary:Buckler"},{"floor":9,"key":"Toy Ornithopter"},{"floor":11,"key":"reliquary:RosewoodLute"},{"floor":23,"key":"Iron Hammer"}],"event_choices":[{"damage_healed":0,"gold_gain":0,"player_choice":"Bought 0 Potions","damage_taken":0,"max_hp_gain":0,"max_hp_loss":0,"event_name":"The Woman in Blue","floor":2,"gold_loss":0},{"damage_healed":0,"gold_gain":0,"player_choice":"Got Potions","damage_taken":0,"max_hp_gain":0,"max_hp_loss":0,"event_name":"Lab","floor":12,"gold_loss":0},{"cards_removed":["Trip"],"damage_healed":0,"gold_gain":0,"player_choice":"Take \u0026 Give","damage_taken":0,"max_hp_gain":0,"max_hp_loss":0,"event_name":"betterNote:BetterNote","floor":20,"gold_loss":0,"cards_obtained":["Phantasmal Killer"]},{"damage_healed":0,"gold_gain":99,"player_choice":"Steal","damage_taken":0,"max_hp_gain":0,"max_hp_loss":0,"event_name":"betterThird:BetterNest","floor":22,"gold_loss":0}],"is_beta":false,"boss_relics":[{"not_picked":["reliquary:Ember","Honey Jar","Replay:Bronze Core"]}],"items_purged_floors":[],"is_endless":false,"potions_floor_spawned":[1,5,11,13,14],"killed_by":"Slavers","ascension_level":1}}