{"host":"1poy056mauca3bbh","time":1613341056,"event":{"mods":["Ascension Unlocker","BaseMod","Bestiary","Block Reminder","Colored Map","Colored Powertips","Curses Come First","Highlight Path","Minty Spire (QoL Compilation)","Permanent Neow","Quick Restart","Rare Cards Sparkle","Relic Stats","Smile Girya","StSLib","UnlockEverythingMod"],"gold_per_floor":[117,117,117,131,56,56,83,83,156,22,41,57,84,102,102,175,175,195,213,263,263,263],"floor_reached":21,"language":"ENG","playtime":1119,"items_purged":[],"score":358,"play_id":"80957aa0-0179-4895-a139-38a0465ab798","local_time":"20210214171736","is_ascension_mode":true,"campfire_choices":[{"data":"Noxious Fumes","floor":6.0,"key":"SMITH"},{"floor":8.0,"key":"REST"},{"floor":15.0,"key":"REST"}],"circlet_count":0,"master_deck":["AscendersBane","Strike_G","Strike_G","Strike_G","Defend_G","Defend_G","Defend_G","Defend_G","Defend_G","Survivor","Neutralize","Blade Dance","Noxious Fumes+1","Deflect","PiercingWail","Footwork","Noxious Fumes","Doppelganger","Blade Dance","Finisher"],"relics":["Runic Pyramid","Art of War","Akabeko","The Courier","TwistedFunnel","Centennial Puzzle","Cursed Key"],"acts_visited":["Exordium","TheCity"],"potions_floor_usage":[19],"damage_taken":[{"damage":8.0,"enemies":"2 Louse","floor":1.0,"turns":5.0},{"damage":1.0,"enemies":"Small Slimes","floor":4.0,"turns":4.0},{"damage":24.0,"enemies":"3 Sentries","floor":7.0,"turns":8.0},{"damage":3.0,"enemies":"Cultist","floor":11.0,"turns":4.0},{"damage":3.0,"enemies":"Large Slime","floor":12.0,"turns":7.0},{"damage":9.0,"enemies":"Exordium Thugs","floor":14.0,"turns":4.0},{"damage":24.0,"enemies":"The Guardian","floor":16.0,"turns":9.0},{"damage":27,"enemies":"Chosen","floor":18,"turns":6},{"damage":19,"enemies":"2 Thieves","floor":19,"turns":4},{"damage":15,"enemies":"Centurion and Healer","floor":21,"turns":2}],"seed_played":"-7292619679432850662","potions_obtained":[{"floor":1.0,"key":"SkillPotion"},{"floor":7.0,"key":"SpeedPotion"},{"floor":11.0,"key":"Strength Potion"},{"floor":18,"key":"Block Potion"}],"is_trial":false,"path_per_floor":["M","?","?","M","?","R","E","R","T","$","M","M","T","M","R","B",null,"M","M","?","M"],"character_chosen":"THE_SILENT","items_purchased":["TwistedFunnel"],"campfire_rested":2,"item_purchase_floors":[10],"current_hp_per_floor":[51,46,46,45,45,45,21,40,40,40,37,34,34,25,44,20,55,28,9,9,0,0],"gold":263,"neow_bonus":"BOSS_RELIC","is_daily":false,"chose_seed":false,"campfire_upgraded":1,"win_rate":0.0,"timestamp":1613341056,"path_taken":["M","?","?","?","?","R","E","R","T","?","M","M","?","M","R","BOSS","M","M","?","M"],"items_purchased_type":["Relic"],"build_version":"2020-12-22","purchased_purges":0,"victory":false,"max_hp_per_floor":[66,66,66,66,66,66,66,66,66,66,66,66,66,66,66,66,66,66,66,66,66,66],"relic_stats":{"Centennial Puzzle":[15],"counters":[10,53],"Art of War":[6],"Cursed Key":0,"obtain_stats":[{"TwistedFunnel":10,"Centennial Puzzle":13,"The Courier":9,"Art of War":2,"Cursed Key":17,"Akabeko":7,"Ring of the Snake":0,"Runic Pyramid":0},{"TwistedFunnel":3,"Centennial Puzzle":5,"The Courier":3,"Art of War":1,"Cursed Key":7,"Akabeko":3,"Ring of the Snake":0,"Runic Pyramid":0},{"TwistedFunnel":17,"Centennial Puzzle":28,"The Courier":17,"Art of War":5,"Cursed Key":41,"Akabeko":17,"Ring of the Snake":0,"Runic Pyramid":0}]},"card_choices":[{"not_picked":["Well Laid Plans","Choke"],"picked":"Blade Dance","floor":1.0},{"not_picked":["Eviscerate","Deadly Poison"],"picked":"Noxious Fumes","floor":4.0},{"not_picked":["All Out Attack","Masterful Stab"],"picked":"Deflect","floor":7.0},{"not_picked":["Sucker Punch","Underhanded Strike"],"picked":"PiercingWail","floor":11.0},{"not_picked":["Crippling Poison","Calculated Gamble"],"picked":"Footwork","floor":12.0},{"not_picked":["Poisoned Stab","Flying Knee"],"picked":"Noxious Fumes","floor":14.0},{"not_picked":["Tools of the Trade","Grand Finale"],"picked":"Doppelganger","floor":16.0},{"not_picked":["Backflip","Poisoned Stab"],"picked":"Blade Dance","floor":18},{"not_picked":["Bane","Prepared"],"picked":"Finisher","floor":19}],"player_experience":151027,"relics_obtained":[{"floor":7.0,"key":"Akabeko"},{"floor":9.0,"key":"The Courier"},{"floor":13.0,"key":"Centennial Puzzle"}],"event_choices":[{"damage_healed":0.0,"max_hp_gain":0.0,"max_hp_loss":0.0,"gold_gain":0.0,"event_name":"Scrap Ooze","player_choice":"Success","floor":2.0,"gold_loss":0.0,"damage_taken":5.0,"relics_obtained":["Art of War"]},{"cards_removed":["Strike_G"],"damage_healed":0.0,"max_hp_gain":0.0,"max_hp_loss":0.0,"gold_gain":0.0,"event_name":"Purifier","player_choice":"Purged","floor":3.0,"gold_loss":0.0,"damage_taken":0.0},{"cards_removed":["Strike_G"],"damage_healed":0.0,"max_hp_gain":0.0,"max_hp_loss":0.0,"gold_gain":0.0,"event_name":"The Cleric","player_choice":"Card Removal","floor":5.0,"gold_loss":75.0,"damage_taken":0.0},{"damage_healed":0,"gold_gain":50,"player_choice":"Pray","damage_taken":0,"max_hp_gain":0,"max_hp_loss":0,"event_name":"Golden Shrine","floor":20,"gold_loss":0}],"is_beta":false,"boss_relics":[{"not_picked":["Tiny House","Busted Crown"],"picked":"Cursed Key"}],"items_purged_floors":[],"is_endless":false,"potions_floor_spawned":[1,7,11,18],"killed_by":"Centurion and Healer","ascension_level":20}}