{"host":"4ge9z8h6k0ioij78","time":1613316643,"event":{"mods":["AchievementEnabler","BaseMod","Colored Map","Colored Powertips","Custom Start","DeckTracker","Faster Ascension Climbing","Filter the Spire","Minty Spire (QoL Compilation)","SuperFastMode"],"gold_per_floor":[111,36,47,63,63,63,98,110,110,10,28,28,63,63,63,63,63],"floor_reached":16,"language":"KOR","playtime":934,"items_purged":["Juggernaut","Juggernaut"],"score":116,"play_id":"b656dc31-8058-448c-bd0a-8af6fa7cdfb3","local_time":"20210215003043","is_ascension_mode":true,"campfire_choices":[{"data":"Armaments","floor":6,"key":"SMITH"},{"floor":12,"key":"REST"},{"data":"Burning Pact","floor":15,"key":"SMITH"}],"circlet_count":0,"master_deck":["Bash","Armaments+1","Perfected Strike","Burning Pact+1","Rampage","Combust","Searing Blow","Dropkick","Immolate"],"relics":["Pandora\u0027s Box","Tiny Chest","Toxic Egg 2","Ginger"],"acts_visited":["Exordium"],"potions_floor_usage":[16],"damage_taken":[{"damage":5,"enemies":"Cultist","floor":1,"turns":4},{"damage":4,"enemies":"2 Louse","floor":3,"turns":2},{"damage":10,"enemies":"Jaw Worm","floor":4,"turns":3},{"damage":35,"enemies":"3 Sentries","floor":7,"turns":6},{"damage":8,"enemies":"Red Slaver","floor":8,"turns":2},{"damage":9,"enemies":"Blue Slaver","floor":11,"turns":3},{"damage":5,"enemies":"Gremlin Nob","floor":13,"turns":3},{"damage":52,"enemies":"Hexaghost","floor":16,"turns":7}],"seed_played":"-7957152905396786486","potions_obtained":[{"floor":4,"key":"GamblersBrew"},{"floor":8,"key":"SkillPotion"},{"floor":11,"key":"FairyPotion"}],"is_trial":false,"path_per_floor":["M","$","M","M","?","R","E","M","T","$","M","R","E","?","R","B"],"character_chosen":"IRONCLAD","items_purchased":[],"campfire_rested":1,"item_purchase_floors":[],"current_hp_per_floor":[75,75,71,61,61,61,26,18,18,18,9,33,28,28,28,0,0],"gold":63,"neow_bonus":"BOSS_RELIC","is_daily":false,"chose_seed":false,"campfire_upgraded":2,"win_rate":0.0,"timestamp":1613316643,"path_taken":["M","?","M","M","?","R","E","M","T","?","?","R","E","?","R","BOSS"],"items_purchased_type":[],"build_version":"2020-12-22","purchased_purges":2,"victory":false,"max_hp_per_floor":[80,80,80,80,80,80,80,80,80,80,80,80,80,80,80,80,80],"card_choices":[{"not_picked":["Thunderclap","Body Slam","Clothesline"],"picked":"SKIP","floor":1},{"not_picked":["Shrug It Off","Combust","Anger"],"picked":"SKIP","floor":3},{"not_picked":["Rupture","Carnage","Clothesline"],"picked":"SKIP","floor":4},{"not_picked":["Bloodletting","Rampage","Pommel Strike"],"picked":"SKIP","floor":7},{"not_picked":["Body Slam","Rupture","Whirlwind"],"picked":"SKIP","floor":8},{"not_picked":["Iron Wave","Body Slam"],"picked":"Immolate","floor":11},{"not_picked":["Rampage","Anger","Clothesline"],"picked":"SKIP","floor":13}],"player_experience":1358626,"relics_obtained":[{"floor":7,"key":"Tiny Chest"},{"floor":9,"key":"Toxic Egg 2"},{"floor":13,"key":"Ginger"}],"event_choices":[{"damage_healed":0,"gold_gain":0,"player_choice":"Ignored","damage_taken":0,"max_hp_gain":0,"max_hp_loss":0,"event_name":"Liars Game","floor":5,"gold_loss":0},{"damage_healed":0,"gold_gain":0,"player_choice":"0 cards matched","damage_taken":0,"max_hp_gain":0,"max_hp_loss":0,"event_name":"Match and Keep!","floor":14,"gold_loss":0,"cards_obtained":[]}],"is_beta":false,"boss_relics":[],"items_purged_floors":[2,10],"is_endless":false,"potions_floor_spawned":[4,8,11],"killed_by":"Hexaghost","ascension_level":1}}