{"host":"2dp3t1i5s6bd92af","time":1613266084,"event":{"mods":["BaseMod","Colored Powertips","Minty Spire (QoL Compilation)","StSLib","The Alterego","The Disciple","The Necromancer"],"gold_per_floor":[116,116,41,41,41,41,68,86,86,86,86,111,121,131,131,231,231,171,185,30,30,47,74,74,74],"floor_reached":24,"language":"ZHS","playtime":1822,"items_purged":["alterego_mod:Strike"],"score":274,"play_id":"05bed8fa-baaa-43c6-acda-708db3b9580a","local_time":"20210214092804","is_ascension_mode":false,"campfire_choices":[{"data":"alterego_mod:BrynhildrRomantia","floor":6.0,"key":"SMITH"},{"data":"alterego_mod:Support","floor":10.0,"key":"SMITH"},{"data":"alterego_mod:Punishment","floor":15.0,"key":"SMITH"}],"circlet_count":0,"master_deck":["alterego_mod:Strike","alterego_mod:Strike","alterego_mod:Strike","alterego_mod:Defend","alterego_mod:Defend","alterego_mod:Defend","alterego_mod:Defend","alterego_mod:Impale","alterego_mod:BigMeatyClaws","alterego_mod:BrynhildrsRune","alterego_mod:Rip","alterego_mod:Rip","alterego_mod:Support+1","alterego_mod:Skirt","alterego_mod:Undulate","alterego_mod:Crossover","alterego_mod:BigMeatyClaws","alterego_mod:BrynhildrRomantia+1","alterego_mod:ChallengeComplete","alterego_mod:Birthday","Regret","alterego_mod:BeGentle","alterego_mod:Mirror","alterego_mod:Punishment+1","alterego_mod:Vow","alterego_mod:TrashNCrash","alterego_mod:IndependentAction+1"],"relics":["alterego_mod:MasochisticConstitution","NeowsBlessing","FaceOfCleric","MealTicket","Ginger","Turnip","Singing Bowl","Runic Pyramid","Membership Card","Toy Ornithopter"],"acts_visited":["Exordium","TheCity"],"potions_floor_usage":[23,23],"damage_taken":[{"damage":3.0,"enemies":"Cultist","floor":1.0,"turns":4.0},{"damage":22.0,"enemies":"3 Sentries","floor":7.0,"turns":9.0},{"damage":20.0,"enemies":"2 Louse","floor":8.0,"turns":6.0},{"damage":27.0,"enemies":"Gremlin Nob","floor":12.0,"turns":4.0},{"damage":12.0,"enemies":"Small Slimes","floor":13.0,"turns":6.0},{"damage":2.0,"enemies":"Looter","floor":14.0,"turns":2.0},{"damage":72.0,"enemies":"Slime Boss","floor":16.0,"turns":30.0},{"damage":30.0,"enemies":"2 Thieves","floor":18.0,"turns":4.0},{"damage":66,"enemies":"3 Byrds","floor":19,"turns":10},{"damage":41,"enemies":"Snecko","floor":22,"turns":6},{"damage":61,"enemies":"Slavers","floor":23,"turns":11},{"damage":54,"enemies":"Snake Plant","floor":24,"turns":6}],"seed_played":"3892001699225317740","potions_obtained":[{"floor":1.0,"key":"Weak Potion"},{"floor":8.0,"key":"SteroidPotion"},{"floor":13.0,"key":"Weak Potion"},{"floor":16.0,"key":"LiquidBronze"}],"is_trial":false,"path_per_floor":["M","?","$","?","?","R","E","M","T","R","?","E","M","M","R","B",null,"M","M","$","?","M","E","M"],"character_chosen":"The_Alterego","items_purchased":["Membership Card"],"campfire_rested":0,"item_purchase_floors":[20],"current_hp_per_floor":[71,71,71,71,71,71,77,81,81,81,81,69,83,94,94,77,135,118,87,102,102,76,52,0,0],"gold":74,"neow_bonus":"THREE_ENEMY_KILL","is_daily":false,"chose_seed":false,"campfire_upgraded":3,"win_rate":0.0,"timestamp":1613266084,"path_taken":["M","?","?","?","?","R","E","?","T","R","?","E","M","M","R","BOSS","M","M","$","?","M","E","M"],"items_purchased_type":["Relic"],"build_version":"2020-12-22","purchased_purges":1,"victory":false,"max_hp_per_floor":[71,71,71,71,71,71,85,95,95,95,95,101,111,117,117,135,135,141,153,153,153,159,173,173,173],"card_choices":[{"not_picked":["alterego_mod:Crossover","alterego_mod:DiscoLights"],"picked":"alterego_mod:Rip","floor":1.0},{"not_picked":["alterego_mod:Jiggle","alterego_mod:Complex"],"picked":"alterego_mod:ChallengeComplete","floor":7.0},{"not_picked":["alterego_mod:Smother","alterego_mod:BoobPocket"],"picked":"alterego_mod:Birthday","floor":8.0},{"not_picked":["alterego_mod:RocketPunch","alterego_mod:Smother"],"picked":"alterego_mod:BeGentle","floor":12.0},{"not_picked":["alterego_mod:Clones","alterego_mod:DeftHands"],"picked":"alterego_mod:Mirror","floor":13.0},{"not_picked":["alterego_mod:BiFurious","alterego_mod:Rip"],"picked":"alterego_mod:Punishment","floor":14.0},{"not_picked":["alterego_mod:VirginLaserPalladion","alterego_mod:Weigh"],"picked":"alterego_mod:Vow","floor":16.0},{"not_picked":["alterego_mod:Cycle","alterego_mod:DiscoLights","alterego_mod:BreastValley"],"picked":"Singing Bowl","floor":19},{"not_picked":["alterego_mod:Punishment","alterego_mod:Skirt"],"picked":"alterego_mod:TrashNCrash","floor":22},{"not_picked":["alterego_mod:Lingerie","alterego_mod:Jiggle+1"],"picked":"alterego_mod:IndependentAction+1","floor":23}],"player_experience":448923,"relics_obtained":[{"floor":7.0,"key":"MealTicket"},{"floor":9.0,"key":"Ginger"},{"floor":12.0,"key":"Singing Bowl"},{"floor":23,"key":"Toy Ornithopter"}],"event_choices":[{"damage_healed":0.0,"max_hp_gain":0.0,"max_hp_loss":0.0,"gold_gain":0.0,"event_name":"FaceTrader","player_choice":"Trade","floor":2.0,"gold_loss":0.0,"damage_taken":0.0,"relics_obtained":["FaceOfCleric"]},{"damage_healed":0.0,"max_hp_gain":0.0,"max_hp_loss":0.0,"gold_gain":0.0,"event_name":"Match and Keep!","player_choice":"2 cards matched","floor":5.0,"gold_loss":0.0,"damage_taken":0.0,"cards_obtained":["alterego_mod:BigMeatyClaws","alterego_mod:BrynhildrRomantia"]},{"damage_healed":0.0,"max_hp_gain":0.0,"max_hp_loss":0.0,"gold_gain":0.0,"event_name":"Big Fish","player_choice":"Box","floor":11.0,"gold_loss":0.0,"damage_taken":0.0,"relics_obtained":["Turnip"],"cards_obtained":["Regret"]}],"is_beta":false,"boss_relics":[{"not_picked":["Philosopher\u0027s Stone","Ectoplasm"],"picked":"Runic Pyramid"}],"items_purged_floors":[3],"is_endless":false,"potions_floor_spawned":[1,8,13,16,22],"killed_by":"Snake Plant","ascension_level":0}}