{"host":"epc8efk9vrywpcsw","time":1613336723,"event":{"mods":["BaseMod","Minty Spire (QoL Compilation)","Relic Stats","StSLib"],"gold_per_floor":[13,29,29,49,68,68,68],"floor_reached":6,"language":"ENG","playtime":170,"items_purged":[],"score":76,"play_id":"d8ea0156-c50e-4da6-8397-f31802b8337d","local_time":"20210214220523","is_ascension_mode":true,"campfire_choices":[],"circlet_count":0,"master_deck":["AscendersBane","Strike_G","Strike_G","Strike_G","Strike_G","Strike_G","Defend_G","Defend_G","Defend_G","Survivor","Neutralize","Quick Slash","Dagger Spray","All Out Attack","Dagger Spray"],"relics":["Ring of the Snake","Golden Idol"],"acts_visited":["Exordium"],"potions_floor_usage":[],"damage_taken":[{"damage":4,"enemies":"Small Slimes","floor":1,"turns":3},{"damage":1,"enemies":"Jaw Worm","floor":2,"turns":4},{"damage":1,"enemies":"Cultist","floor":4,"turns":3},{"damage":24,"enemies":"Exordium Wildlife","floor":5,"turns":4},{"damage":28,"enemies":"Gremlin Nob","floor":6,"turns":4}],"seed_played":"-1970078435211340804","potions_obtained":[{"floor":2,"key":"Ancient Potion"}],"is_trial":false,"path_per_floor":["M","M","?","M","M","E"],"character_chosen":"THE_SILENT","items_purchased":[],"campfire_rested":0,"item_purchase_floors":[],"current_hp_per_floor":[55,54,54,53,29,1,1],"gold":68,"neow_bonus":"REMOVE_TWO","is_daily":false,"chose_seed":false,"campfire_upgraded":0,"win_rate":0.0,"timestamp":1613336723,"path_taken":["M","M","?","M","M","E"],"items_purchased_type":[],"build_version":"2020-12-22","purchased_purges":0,"victory":false,"max_hp_per_floor":[66,66,60,60,60,60,60],"relic_stats":{"counters":[5,18],"Golden Idol":8,"obtain_stats":[{"Golden Idol":3,"Ring of the Snake":0},{"Golden Idol":2,"Ring of the Snake":0},{"Golden Idol":7,"Ring of the Snake":0}],"Ring of the Snake":[10]},"card_choices":[{"not_picked":["Deadly Poison","Sucker Punch"],"picked":"Quick Slash","floor":1},{"not_picked":["Sucker Punch","Prepared"],"picked":"Dagger Spray","floor":2},{"not_picked":["Distraction","Slice"],"picked":"All Out Attack","floor":4},{"not_picked":["PiercingWail","Setup"],"picked":"Dagger Spray","floor":5}],"player_experience":525170,"relics_obtained":[],"event_choices":[{"damage_healed":0,"gold_gain":0,"player_choice":"Lose Max HP","damage_taken":0,"relics_obtained":["Golden Idol"],"max_hp_gain":0,"max_hp_loss":6,"event_name":"Golden Idol","floor":3,"gold_loss":0}],"is_beta":false,"boss_relics":[],"items_purged_floors":[],"is_endless":false,"potions_floor_spawned":[2],"killed_by":"Gremlin Nob","ascension_level":20}}