{"host":"g8a0qo0vjtg6u5wv","time":1613308271,"event":{"mods":["BaseMod","Colored Map","Custom Start","KOR Keyword Fix","Minty Spire (QoL Compilation)","StSLib","SuperFastMode"],"gold_per_floor":[113,130,440,33,51,51,84,84,84,0,0,14,33,44,44,115,115,130,130,145,45,62,62,62,62,62,62,95,109,151,151,151,228,228,238,238,113,131,146,146,182,34,107,161,161,189,189,202,202,288,371,371,371,371],"floor_reached":53,"language":"KOR","playtime":4394,"items_purged":["ClearTheMind","Prostrate","CutThroughFate"],"score":2395,"play_id":"2dc7192a-508d-4d51-a055-91ee797ecb38","local_time":"20210214221111","daily_mods":["Draft","Vintage","Heirloom","Flight"],"is_ascension_mode":true,"campfire_choices":[{"data":"Indignation","floor":6.0,"key":"SMITH"},{"data":"Tantrum","floor":8.0,"key":"SMITH"},{"floor":11.0,"key":"REST"},{"data":"WreathOfFlame","floor":15,"key":"SMITH"},{"data":"TalkToTheHand","floor":23,"key":"SMITH"},{"floor":27,"key":"REST"},{"data":"InnerPeace","floor":32,"key":"SMITH"},{"data":"ClearTheMind","floor":40,"key":"SMITH"},{"floor":45,"key":"DIG"},{"data":"SashWhip","floor":47,"key":"SMITH"},{"floor":49,"key":"DIG"}],"circlet_count":0,"master_deck":["AscendersBane","Halt","EmptyFist","Indignation+1","SashWhip+1","FlurryOfBlows","InnerPeace+1","ClearTheMind+1","Tantrum+1","EmptyMind","FearNoEvil","TalkToTheHand+1","WreathOfFlame+1","WheelKick","SpiritShield","MentalFortress","SignatureMove+1","Adaptation+1","MentalFortress+1","Devotion+1","Brilliance"],"relics":["PureWater","Bird Faced Urn","Tiny Chest","Yang","Old Coin","Prayer Wheel","Pen Nib","Letter Opener","Potion Belt","StoneCalendar","InkBottle","Juzu Bracelet","SacredBark","TeardropLocket","CeramicFish","Strawberry","MutagenicStrength","Meat on the Bone","White Beast Statue","Thread and Needle","Ancient Tea Set","Red Mask","Black Star","Shovel","Frozen Egg 2","Bronze Scales","Shuriken","Incense Burner","Orrery","Bottled Flame","Dream Catcher","GoldenEye","Happy Flower","Blood Vial","Gremlin Horn","Damaru","Busted Crown"],"acts_visited":["Exordium","TheCity","TheBeyond","Exordium"],"potions_floor_usage":[30,33,33,38,46,50,50,50,51],"damage_taken":[{"damage":0.0,"enemies":"Cultist","floor":1.0,"turns":1.0},{"damage":0.0,"enemies":"Small Slimes","floor":2.0,"turns":3.0},{"damage":2.0,"enemies":"Jaw Worm","floor":3.0,"turns":2.0},{"damage":10.0,"enemies":"Exordium Wildlife","floor":5.0,"turns":2.0},{"damage":11.0,"enemies":"3 Sentries","floor":7.0,"turns":5.0},{"damage":8,"enemies":"Gremlin Gang","floor":12,"turns":3},{"damage":0,"enemies":"Exordium Thugs","floor":13,"turns":3},{"damage":9,"enemies":"Blue Slaver","floor":14,"turns":2},{"damage":1,"enemies":"Hexaghost","floor":16,"turns":4},{"damage":0,"enemies":"Spheric Guardian","floor":18,"turns":2},{"damage":5,"enemies":"2 Thieves","floor":20,"turns":2},{"damage":15,"enemies":"Centurion and Healer","floor":22,"turns":2},{"damage":1,"enemies":"Book of Stabbing","floor":28,"turns":3},{"damage":0,"enemies":"Snecko","floor":29,"turns":4},{"damage":0,"enemies":"Masked Bandits","floor":30,"turns":2},{"damage":7,"enemies":"Collector","floor":33,"turns":6},{"damage":0,"enemies":"Orb Walker","floor":35,"turns":3},{"damage":3,"enemies":"3 Darklings","floor":38,"turns":3},{"damage":0,"enemies":"Writhing Mass","floor":39,"turns":4},{"damage":0,"enemies":"Giant Head","floor":41,"turns":5},{"damage":6,"enemies":"Reptomancer","floor":46,"turns":4},{"damage":0,"enemies":"Transient","floor":48,"turns":6},{"damage":8,"enemies":"Donu and Deca","floor":50,"turns":5},{"damage":16,"enemies":"Awakened One","floor":51,"turns":6},{"damage":0,"enemies":"2 Louse","floor":53,"turns":1}],"seed_played":"953089333782402814","potions_obtained":[{"floor":1.0,"key":"FearPotion"},{"floor":2.0,"key":"BlessingOfTheForge"},{"floor":13,"key":"SteroidPotion"},{"floor":14,"key":"GamblersBrew"},{"floor":20,"key":"Explosive Potion"},{"floor":22,"key":"BottledMiracle"},{"floor":30,"key":"PowerPotion"},{"floor":33,"key":"PowerPotion"},{"floor":35,"key":"SkillPotion"},{"floor":38,"key":"ColorlessPotion"},{"floor":46,"key":"StancePotion"},{"floor":48,"key":"Block Potion"},{"floor":50,"key":"SpeedPotion"},{"floor":51,"key":"ColorlessPotion"}],"is_trial":true,"path_per_floor":["M","M","M","$","M","R","E","R","T","$","R","M","M","M","R","B",null,"M","?","M","$","M","R","?","T","T","R","E","M","?","$","R","B",null,"M","?","$","M","M","R","E","$","T","T","R","E","R","M","R","B","B",null,"M"],"character_chosen":"WATCHER","items_purchased":["Prayer Wheel","WheelKick","Orrery"],"campfire_rested":2,"item_purchase_floors":[4,10,42],"current_hp_per_floor":[61,61,59,59,49,49,38,38,38,38,58,50,50,41,41,40,61,61,61,56,56,48,48,48,48,48,70,69,69,69,69,69,68,73,75,75,75,74,75,75,75,75,75,75,75,69,69,75,75,71,65,73,75,75],"gold":371,"neow_bonus":"","is_daily":false,"chose_seed":false,"campfire_upgraded":7,"win_rate":0.0,"timestamp":1613308271,"path_taken":["M","M","M","$","M","R","E","R","T","?","R","M","M","M","R","BOSS","M","?","M","$","M","R","?","?","T","R","E","M","?","$","R","BOSS","M","?","?","M","M","R","E","$","T","?","R","E","R","M","R","BOSS","BOSS","M"],"items_purchased_type":["Relic","Card","Relic"],"build_version":"2020-12-22","purchased_purges":3,"victory":false,"max_hp_per_floor":[68,68,68,68,68,68,68,68,68,68,68,68,68,68,68,68,68,68,68,68,68,75,75,75,75,75,75,75,75,75,75,75,75,75,75,75,75,75,75,75,75,75,75,75,75,75,75,75,75,75,75,75,75,75],"card_choices":[{"not_picked":["Nirvana","Vengeance"],"picked":"Halt","floor":0.0},{"not_picked":["Collect","Worship"],"picked":"EmptyFist","floor":0.0},{"not_picked":["FlyingSleeves","Study"],"picked":"Prostrate","floor":0.0},{"not_picked":["ThirdEye","BattleHymn"],"picked":"CutThroughFate","floor":0.0},{"not_picked":["Evaluate","SashWhip"],"picked":"Indignation","floor":0.0},{"not_picked":["SandsOfTime","Prostrate"],"picked":"SashWhip","floor":0.0},{"not_picked":["Nirvana","BowlingBash"],"picked":"FlurryOfBlows","floor":0.0},{"not_picked":["Pray","Fasting2"],"picked":"Halt","floor":0.0},{"not_picked":["Consecrate","EmptyBody"],"picked":"InnerPeace","floor":0.0},{"not_picked":["FlurryOfBlows","ReachHeaven"],"picked":"ClearTheMind","floor":0.0},{"not_picked":["WindmillStrike","PathToVictory"],"picked":"Tantrum","floor":0.0},{"not_picked":["Swivel","ThirdEye"],"picked":"EmptyMind","floor":0.0},{"not_picked":["BattleHymn","Nirvana"],"picked":"ClearTheMind","floor":0.0},{"not_picked":["WheelKick","JustLucky"],"picked":"FearNoEvil","floor":0.0},{"not_picked":["JustLucky","Protect"],"picked":"TalkToTheHand","floor":0.0},{"not_picked":["DeceiveReality","Conclude"],"picked":"WreathOfFlame","floor":7.0},{"not_picked":["Ragnarok","Brilliance"],"picked":"SpiritShield","floor":16},{"not_picked":["ClearTheMind","BowlingBash","Protect"],"picked":"SKIP","floor":28},{"not_picked":["ClearTheMind","JustLucky+1"],"picked":"MentalFortress","floor":30},{"not_picked":["Wireheading+1","Crescendo+1"],"picked":"SignatureMove+1","floor":41},{"not_picked":["DeusExMachina","ThirdEye"],"picked":"Adaptation+1","floor":42},{"not_picked":["CutThroughFate","Wireheading+1"],"picked":"MentalFortress+1","floor":42},{"not_picked":["CrushJoints","Worship","SashWhip"],"picked":"SKIP","floor":46},{"not_picked":["SpiritShield","Establishment+1"],"picked":"Devotion+1","floor":50},{"not_picked":["Ragnarok","Devotion+1"],"picked":"Brilliance","floor":51}],"player_experience":580198,"relics_obtained":[{"floor":1.0,"key":"Tiny Chest"},{"floor":2.0,"key":"Yang"},{"floor":3.0,"key":"Old Coin"},{"floor":5.0,"key":"Pen Nib"},{"floor":7.0,"key":"Letter Opener"},{"floor":9.0,"key":"Potion Belt"},{"floor":12,"key":"StoneCalendar"},{"floor":13,"key":"InkBottle"},{"floor":14,"key":"Juzu Bracelet"},{"floor":18,"key":"TeardropLocket"},{"floor":20,"key":"CeramicFish"},{"floor":22,"key":"Strawberry"},{"floor":25,"key":"Meat on the Bone"},{"floor":26,"key":"White Beast Statue"},{"floor":28,"key":"Thread and Needle"},{"floor":29,"key":"Ancient Tea Set"},{"floor":30,"key":"Red Mask"},{"floor":35,"key":"Shovel"},{"floor":38,"key":"Frozen Egg 2"},{"floor":39,"key":"Bronze Scales"},{"floor":41,"key":"Shuriken"},{"floor":41,"key":"Incense Burner"},{"floor":43,"key":"Bottled Flame"},{"floor":44,"key":"Dream Catcher"},{"floor":45,"key":"GoldenEye"},{"floor":46,"key":"Happy Flower"},{"floor":46,"key":"Blood Vial"},{"floor":48,"key":"Gremlin Horn"},{"floor":49,"key":"Damaru"}],"event_choices":[{"cards_removed":["Halt"],"damage_healed":0,"gold_gain":0,"player_choice":"Elegance","damage_taken":0,"max_hp_gain":0,"max_hp_loss":0,"event_name":"Back to Basics","floor":19,"gold_loss":0},{"damage_healed":0,"gold_gain":0,"player_choice":"Inject Mutagens","damage_taken":0,"relics_obtained":["MutagenicStrength"],"max_hp_gain":0,"max_hp_loss":0,"event_name":"Drug Dealer","floor":24,"gold_loss":0},{"damage_healed":0,"gold_gain":0,"player_choice":"Fought Bandits","damage_taken":0,"max_hp_gain":0,"max_hp_loss":0,"event_name":"Masked Bandits","floor":30,"gold_loss":0},{"damage_healed":0,"gold_gain":0,"player_choice":"0 cards matched","damage_taken":0,"max_hp_gain":0,"max_hp_loss":0,"event_name":"Match and Keep!","floor":36,"gold_loss":0,"cards_obtained":[]}],"is_beta":false,"boss_relics":[{"not_picked":["Philosopher\u0027s Stone","Coffee Dripper"],"picked":"SacredBark"},{"not_picked":["Cursed Key","Fusion Hammer"],"picked":"Black Star"},{"not_picked":["Runic Pyramid","HolyWater"],"picked":"Busted Crown"}],"items_purged_floors":[4,21,37],"is_endless":true,"potions_floor_spawned":[1,2,7,13,14,20,22,28,29,30,33,35,38,39,41,46,48,50,51],"killed_by":"2 Louse","ascension_level":20}}