{"host":"0ueeacaatm8t6jyh","time":1613289412,"event":{"mods":["AchievementEnabler","BaseMod","Colored Powertips","Minty Spire (QoL Compilation)","Quick Restart","Rare Cards Sparkle","Shop Mod","StSLib"],"gold_per_floor":[111,121,196,211,97,97,122,139,220,288,306,481,500,102,102,180,180,196,71,83,98,117,117,117,117],"floor_reached":24,"language":"ZHS","playtime":883,"items_purged":["Strike_B","Doubt","Defend_B"],"score":330,"play_id":"241bec61-1354-45a8-bf5a-12137a3256cf","local_time":"20210214155652","is_ascension_mode":true,"campfire_choices":[{"data":"Doom and Gloom","floor":6.0,"key":"SMITH"},{"floor":15.0,"key":"REST"},{"floor":23,"key":"REST"}],"circlet_count":0,"master_deck":["AscendersBane","Defend_B","Defend_B","Defend_B","Zap","Dualcast","Streamline","Defragment","Hologram","Doom and Gloom+1","Ball Lightning","Echo Form","Rainbow","Creative AI+1","FTL+1","Skim+1","Double Energy","Recycle"],"relics":["Cracked Core","NeowsBlessing","Thread and Needle","InkBottle","Bottled Tornado","Centennial Puzzle","Runic Capacitor","Astrolabe"],"acts_visited":["Exordium","TheCity"],"potions_floor_usage":[24],"damage_taken":[{"damage":0.0,"enemies":"2 Louse","floor":1.0,"turns":1.0},{"damage":0.0,"enemies":"Jaw Worm","floor":2.0,"turns":1.0},{"damage":0.0,"enemies":"Cultist","floor":4.0,"turns":1.0},{"damage":37.0,"enemies":"3 Sentries","floor":7.0,"turns":5.0},{"damage":0.0,"enemies":"Red Slaver","floor":8.0,"turns":4.0},{"damage":6.0,"enemies":"3 Louse","floor":11.0,"turns":2.0},{"damage":5.0,"enemies":"Blue Slaver","floor":13.0,"turns":3.0},{"damage":19.0,"enemies":"The Guardian","floor":16.0,"turns":10.0},{"damage":21.0,"enemies":"Shell Parasite","floor":18.0,"turns":6.0},{"damage":27.0,"enemies":"2 Thieves","floor":20.0,"turns":4.0},{"damage":8.0,"enemies":"Snecko","floor":21.0,"turns":5.0},{"damage":8,"enemies":"Centurion and Healer","floor":22,"turns":5},{"damage":30,"enemies":"Shelled Parasite and Fungi","floor":24,"turns":3}],"seed_played":"3252718998286627451","potions_obtained":[{"floor":1.0,"key":"SteroidPotion"},{"floor":7.0,"key":"EssenceOfSteel"},{"floor":11.0,"key":"Dexterity Potion"},{"floor":13.0,"key":"DuplicationPotion"},{"floor":18.0,"key":"Regen Potion"},{"floor":22,"key":"Swift Potion"}],"is_trial":false,"path_per_floor":["M","M","?","M","$","R","E","M","T","T","M","?","M","$","R","B",null,"M","$","M","M","M","R","M"],"character_chosen":"DEFECT","items_purchased":["Doom and Gloom","Centennial Puzzle","Runic Capacitor"],"campfire_rested":2,"item_purchase_floors":[5,14,14],"current_hp_per_floor":[68,68,57,57,57,57,20,20,20,20,14,14,9,9,31,12,59,38,38,23,15,7,29,0,0],"gold":117,"neow_bonus":"THREE_ENEMY_KILL","is_daily":false,"chose_seed":false,"campfire_upgraded":1,"win_rate":0.0,"timestamp":1613289412,"path_taken":["M","M","?","M","?","R","E","?","T","?","M","?","M","$","R","BOSS","M","$","M","M","M","R","M"],"items_purchased_type":["Card","Relic","Relic"],"build_version":"2020-12-22","purchased_purges":3,"victory":false,"max_hp_per_floor":[75,75,75,75,75,75,75,75,75,75,75,75,75,75,75,75,75,75,75,75,75,75,75,75,75],"card_choices":[{"not_picked":["Aggregate","Rebound"],"picked":"Streamline","floor":1.0},{"not_picked":["Storm","Heatsinks"],"picked":"Defragment","floor":2.0},{"not_picked":["Rip and Tear","Static Discharge"],"picked":"Hologram","floor":4.0},{"not_picked":["Blizzard","Cold Snap"],"picked":"Ball Lightning","floor":7.0},{"not_picked":["Consume","Aggregate","Steam"],"picked":"SKIP","floor":8.0},{"not_picked":["Sweeping Beam","Conserve Battery","Beam Cell"],"picked":"SKIP","floor":11.0},{"not_picked":["Doom and Gloom","Steam"],"picked":"Echo Form","floor":13.0},{"not_picked":["Machine Learning","Thunder Strike"],"picked":"Rainbow","floor":16.0},{"not_picked":["Go for the Eyes","Force Field","Stack"],"picked":"SKIP","floor":18.0},{"not_picked":["Scrape","Sweeping Beam","Blizzard+1"],"picked":"SKIP","floor":20.0},{"not_picked":["Gash","Compile Driver"],"picked":"Double Energy","floor":21.0},{"not_picked":["Stack","Turbo"],"picked":"Recycle","floor":22}],"player_experience":531870,"relics_obtained":[{"floor":7.0,"key":"Thread and Needle"},{"floor":9.0,"key":"InkBottle"},{"floor":10.0,"key":"Bottled Tornado"}],"event_choices":[{"damage_healed":0.0,"max_hp_gain":0.0,"max_hp_loss":0.0,"gold_gain":75.0,"event_name":"World of Goop","player_choice":"Gather Gold","floor":3.0,"gold_loss":0.0,"damage_taken":11.0},{"damage_healed":0.0,"max_hp_gain":0.0,"max_hp_loss":0.0,"gold_gain":175.0,"event_name":"Liars Game","player_choice":"AGREE","floor":12.0,"gold_loss":0.0,"damage_taken":0.0,"cards_obtained":["Doubt"]}],"is_beta":false,"boss_relics":[{"not_picked":["Cursed Key","Sozu"],"picked":"Astrolabe"}],"items_purged_floors":[5,14,19],"is_endless":false,"potions_floor_spawned":[1,7,11,13,18,22],"killed_by":"Shelled Parasite and Fungi","ascension_level":13}}