{"host":"p0hktren06injwdf","time":1613338092,"event":{"mods":["AchievementEnabler","BaseMod","Colored Map","DeckTracker","Minty Spire (QoL Compilation)","Permanent Neow","StSLib","SuperFastMode"],"gold_per_floor":[109,123,123,138,154,198,198,229,229,229,249,249,50,70,70,163,163,177,6,6,19,43,43,82,82,82,97,111,130,130,170,170,265,265,289,45,63,63,77,115,115,115,115],"floor_reached":42,"language":"KOR","playtime":669,"items_purged":["Strike_R"],"score":1110,"play_id":"b2edff46-dfb7-4cf9-bbdc-338bcb53f8ad","local_time":"20210215062812","is_ascension_mode":true,"campfire_choices":[{"data":"Carnage","floor":7.0,"key":"SMITH"},{"floor":10.0,"key":"REST"},{"data":"Bash","floor":15.0,"key":"SMITH"},{"floor":23,"key":"REST"},{"data":"Heavy Blade","floor":25,"key":"SMITH"},{"data":"True Grit","floor":30,"key":"SMITH"},{"floor":32,"key":"REST"}],"circlet_count":0,"master_deck":["AscendersBane","Strike_R","Strike_R","Strike_R","Strike_R","Defend_R","Defend_R","Defend_R","Bash+1","Wild Strike","Shrug It Off","Pommel Strike","Inflame+1","Headbutt","Battle Trance","Shrug It Off","Twin Strike","Demon Form","Thunderclap+1","Heavy Blade+1","True Grit+1","Shrug It Off","Power Through","Limit Break","Sword Boomerang","Parasite","Whirlwind","Fiend Fire"],"relics":["Burning Blood","Juzu Bracelet","Golden Idol","Akabeko","Sundial","HornCleat","Runic Dome","Brimstone","Question Card","Boot","MealTicket","Philosopher\u0027s Stone","PreservedInsect","Art of War"],"acts_visited":["Exordium","TheCity","TheBeyond"],"potions_floor_usage":[24,27,31,40],"damage_taken":[{"damage":7.0,"enemies":"Jaw Worm","floor":1.0,"turns":5.0},{"damage":0.0,"enemies":"2 Louse","floor":2.0,"turns":2.0},{"damage":0.0,"enemies":"Cultist","floor":4.0,"turns":2.0},{"damage":5.0,"enemies":"Gremlin Gang","floor":5.0,"turns":5.0},{"damage":26.0,"enemies":"Gremlin Nob","floor":6.0,"turns":5.0},{"damage":19.0,"enemies":"3 Sentries","floor":8.0,"turns":7.0},{"damage":1.0,"enemies":"Looter","floor":11.0,"turns":3.0},{"damage":6.0,"enemies":"Lots of Slimes","floor":14.0,"turns":4.0},{"damage":47.0,"enemies":"Hexaghost","floor":16.0,"turns":8.0},{"damage":21.0,"enemies":"Shell Parasite","floor":18.0,"turns":3.0},{"damage":0,"enemies":"Spheric Guardian","floor":21,"turns":2},{"damage":20,"enemies":"Centurion and Healer","floor":22,"turns":3},{"damage":17,"enemies":"Gremlin Leader","floor":24,"turns":4},{"damage":0,"enemies":"Sentry and Sphere","floor":27,"turns":3},{"damage":20,"enemies":"Snake Plant","floor":28,"turns":3},{"damage":3,"enemies":"Centurion and Healer","floor":29,"turns":4},{"damage":21,"enemies":"Slavers","floor":31,"turns":3},{"damage":0,"enemies":"Automaton","floor":33,"turns":6},{"damage":4,"enemies":"3 Shapes","floor":35,"turns":3},{"damage":13,"enemies":"Orb Walker","floor":37,"turns":3},{"damage":11,"enemies":"Writhing Mass","floor":39,"turns":4},{"damage":61,"enemies":"Reptomancer","floor":40,"turns":5},{"damage":17,"enemies":"Nemesis","floor":42,"turns":2}],"seed_played":"-1274436717624486422","potions_obtained":[{"floor":1.0,"key":"Weak Potion"},{"floor":2.0,"key":"LiquidMemories"},{"floor":5.0,"key":"HeartOfIron"},{"floor":16.0,"key":"Strength Potion"},{"floor":22,"key":"LiquidMemories"},{"floor":24,"key":"AttackPotion"},{"floor":29,"key":"LiquidMemories"},{"floor":31,"key":"Energy Potion"},{"floor":33,"key":"Explosive Potion"}],"is_trial":false,"path_per_floor":["M","M","?","M","M","E","R","E","T","R","M","?","$","M","R","B",null,"M","$","?","M","M","R","E","R","T","M","M","M","R","E","R","B",null,"M","$","M","?","M","E","?","E"],"character_chosen":"IRONCLAD","items_purchased":["Battle Trance","Fruit Juice","Shrug It Off","Brimstone","PreservedInsect"],"campfire_rested":3,"item_purchase_floors":[13,13,13,19,36],"current_hp_per_floor":[67,73,47,53,54,34,34,21,21,43,48,48,53,53,53,12,63,48,48,48,54,40,64,53,53,53,59,45,48,48,33,57,63,76,78,80,73,73,68,13,13,0,0],"gold":115,"neow_bonus":"RANDOM_COMMON_RELIC","is_daily":false,"chose_seed":false,"campfire_upgraded":4,"win_rate":0.0,"timestamp":1613338092,"path_taken":["M","M","?","M","M","E","R","E","T","R","M","?","$","M","R","BOSS","M","?","?","M","M","R","E","R","T","M","M","M","R","E","R","BOSS","M","$","M","?","M","E","?","E"],"items_purchased_type":["Card","Potion","Card","Relic","Relic"],"build_version":"2020-12-22","purchased_purges":1,"victory":false,"max_hp_per_floor":[75,75,75,75,75,75,75,75,75,75,75,75,80,80,80,80,80,80,80,80,80,80,80,80,80,80,80,80,80,80,80,80,80,80,80,80,80,80,80,80,80,80,80],"card_choices":[{"not_picked":["Seeing Red","Body Slam"],"picked":"Wild Strike","floor":1.0},{"not_picked":["Heavy Blade","Bloodletting"],"picked":"Carnage","floor":2.0},{"not_picked":["Warcry","Perfected Strike"],"picked":"Shrug It Off","floor":4.0},{"not_picked":["Havoc","Searing Blow"],"picked":"Pommel Strike","floor":5.0},{"not_picked":["Clash","Rupture"],"picked":"Inflame","floor":6.0},{"not_picked":["Bloodletting","Sever Soul"],"picked":"Headbutt","floor":8.0},{"not_picked":["Clothesline","Clash","Headbutt"],"picked":"SKIP","floor":11.0},{"not_picked":["Iron Wave","Havoc","Twin Strike"],"picked":"SKIP","floor":14.0},{"not_picked":["Iron Wave","Havoc"],"picked":"Twin Strike","floor":14.0},{"not_picked":["Immolate","Brutality"],"picked":"Demon Form","floor":16.0},{"not_picked":["Cleave","Battle Trance","Clothesline"],"picked":"SKIP","floor":18.0},{"not_picked":["Spot Weakness","Infernal Blade","Perfected Strike"],"picked":"SKIP","floor":21},{"not_picked":["Twin Strike","Shrug It Off"],"picked":"Thunderclap+1","floor":22},{"not_picked":["Clash","Shrug It Off"],"picked":"Heavy Blade","floor":24},{"not_picked":["Perfected Strike+1","Berserk","Iron Wave"],"picked":"True Grit","floor":27},{"not_picked":["Sentinel","Clash","Inflame","Twin Strike"],"picked":"SKIP","floor":28},{"not_picked":["Sever Soul","Blood for Blood","Body Slam"],"picked":"Shrug It Off","floor":29},{"not_picked":["Armaments","Clash","Iron Wave+1"],"picked":"Power Through","floor":31},{"not_picked":["Feed","Juggernaut","Brutality"],"picked":"Limit Break","floor":33},{"not_picked":["Heavy Blade","Perfected Strike","Warcry"],"picked":"Sword Boomerang","floor":35},{"not_picked":["Dropkick","Body Slam+1","Flex","Headbutt"],"picked":"SKIP","floor":37},{"not_picked":["Flex","Infernal Blade","Power Through","Rupture"],"picked":"SKIP","floor":39},{"not_picked":["Seeing Red","Combust","Demon Form","Whirlwind"],"picked":"SKIP","floor":40},{"not_picked":["Seeing Red","Combust","Demon Form"],"picked":"Whirlwind","floor":40}],"player_experience":1061694,"relics_obtained":[{"floor":6.0,"key":"Akabeko"},{"floor":8.0,"key":"Sundial"},{"floor":9.0,"key":"HornCleat"},{"floor":24,"key":"Question Card"},{"floor":26,"key":"Boot"},{"floor":31,"key":"MealTicket"},{"floor":40,"key":"Art of War"}],"event_choices":[{"damage_healed":0.0,"max_hp_gain":0.0,"max_hp_loss":0.0,"gold_gain":0.0,"event_name":"Golden Idol","player_choice":"Take Damage","floor":3.0,"gold_loss":0.0,"damage_taken":26.0,"relics_obtained":["Golden Idol"]},{"damage_healed":0.0,"max_hp_gain":0.0,"max_hp_loss":0.0,"gold_gain":0.0,"event_name":"Upgrade Shrine","player_choice":"Upgraded","floor":12.0,"gold_loss":0.0,"damage_taken":0.0,"cards_upgraded":["Inflame"]},{"damage_healed":0.0,"max_hp_gain":0.0,"max_hp_loss":0.0,"gold_gain":0.0,"event_name":"WeMeetAgain","player_choice":"Ignored","floor":20.0,"gold_loss":0.0,"damage_taken":0.0},{"cards_removed":["Defend_R"],"damage_healed":0,"gold_gain":0,"player_choice":"Removed Skill","damage_taken":0,"max_hp_gain":0,"max_hp_loss":0,"event_name":"Falling","floor":38,"gold_loss":0},{"damage_healed":0,"gold_gain":0,"cards_transformed":["Carnage"],"player_choice":"Transformed","damage_taken":0,"max_hp_gain":0,"max_hp_loss":0,"event_name":"Transmorgrifier","floor":41,"gold_loss":0,"cards_obtained":["Fiend Fire"]}],"is_beta":false,"boss_relics":[{"not_picked":["Fusion Hammer","Tiny House"],"picked":"Runic Dome"},{"not_picked":["Empty Cage","Sozu"],"picked":"Philosopher\u0027s Stone"}],"items_purged_floors":[36],"is_endless":false,"potions_floor_spawned":[1,2,5,16,22,24,29,31,33],"killed_by":"Nemesis","ascension_level":20}}