{"host":"h2riq1vifvx9pvqe","time":1613335988,"event":{"mods":["Act Like it!","Bartender","BaseMod","Better Match","Bossed Relics","Chen","FTL Soundtrack","Friendly Minions","Gensokyo","Hallownest","HololiveMod","Hubris","Hyrulean Relics","Infinite Spire","KinomotoSakuraMod(????)","Koishi","Marisa????????","Minty Spire (QoL Compilation)","Nova Terra(??·??)","Prisma Mod","Quick Restart","Railgun Mod","Rare Cards Sparkle","Reimu??????","Relic Sorter","Reliquary","Remilia??????","Replay The Spire","Spikes Relics","StSLib","Synergy Search","The Administrix","The Animator","The Bug Knight","The Construct","The Disciple","The Saiyan","The Senshi","The Servant 0.9.4","TheHero","WarShipGirlsR/????R mod","Yuri Mod","Yuyuko"],"gold_per_floor":[118,35,35,46,64,64,97,97,97,117,117,117,148,180,180,282,282,297,309,319,319,175,175,210,3,3,35,35,59,59,93,93,193,193,211,211,228,242,97,122,122,122,195,206,235,246,246,272,356,356],"floor_reached":51,"language":"FRA","playtime":4146,"items_purged":["Shame"],"score":1155,"play_id":"93768c83-3142-4363-b69d-b130a4b08cc8","local_time":"20210214215308","daily_mods":["Draft","Heirloom","DeadlyEvents","Lethality"],"is_ascension_mode":true,"campfire_choices":[{"floor":6,"key":"REST"},{"data":"TheRailgun:Level_6","floor":12,"key":"SMITH"},{"floor":15,"key":"REST"},{"data":"theSenshi:MoonEternalMakeUp","floor":23,"key":"SMITH"},{"floor":28,"key":"REST"},{"data":"TheRailgun:Supercharge","floor":30,"key":"SMITH"},{"floor":32,"key":"REST"},{"data":"TheRailgun:Heroinism","floor":41,"key":"SMITH"}],"circlet_count":0,"master_deck":["TheRailgun:Electric_Fence","theSenshi:CrisisMakeUp","theSenshi:MoonsReflection","TheRailgun:Coin_Flip","TheRailgun:Zip","theSenshi:MoonPrincessHalation","theSenshi:MoonsReflection","TheRailgun:Sister_Noise","TheRailgun:Token_Collection","theSenshi:MoonCosmicPowerMakeUp","theSenshi:MoonKick","TheRailgun:Coin_Flip","theSenshi:Sidestep","TheRailgun:Electrical_Fire","theSenshi:InTheNickOfTime+1","theSenshi:SupersonicWaves+1","theSenshi:SailorPlanetAttack","theSenshi:RainbowMoonHeartAche","theSenshi:MoonPunch","TheRailgun:Level_6+1","theSenshi:SailorJupiterAssists","TheRailgun:Scatter_Railgun","TheRailgun:Electric_Fence","TheRailgun:Supercharge+1","theSenshi:SaturnsMystery+1","theSenshi:TuxedoSmokingBomber","TheRailgun:Lightning_Speed","theSenshi:NeptunesGrace","theSenshi:MoonPrincessHalation","theSenshi:MoonEternalMakeUp+1","TheRailgun:Gekota_Phone+1","theSenshi:InTheNickOfTime+1","theSenshi:SailorMercuryAssists+1","Enlightenment+1","theSenshi:MoonHealingEscalation","theSenshi:MoonHealingEscalation","TheRailgun:Magnetic_Movement","theSenshi:TuxedoSmokingBomber","TheRailgun:Scatter_Railgun","TheRailgun:Heroinism+1","theSenshi:TallSilhouette","theSenshi:StudyParty","theSenshi:MoonCrisisMakeUp+1","theSenshi:SailorStarFighterAssists+1","theSenshi:TuxedoMaskAssists+1","Wraith","theSenshi:WarriorOfTheMoon","TheRailgun:Gekota_Phone","hubris:InfiniteBlow","infinitespire:NeuralNetwork"],"relics":["theSenshi:TransformationBroochRelic","replay:Trail_Library","WizardHat","zeldaRelics:CourageTriforce","zeldaRelics:WisdomTriforce","Philosopher\u0027s Stone","Pocketwatch","Orrery","BargainBundle","zeldaRelics:PowerTriforce","zeldaRelics:HylianShield","ClockworkSouvenir","reliquary:SharkskinSheath","Replay:Bottled Steam","reliquary:WeakTea","Bird Faced Urn","Sandwich","Singing Bowl"],"acts_visited":["Exordium","TheCity","TheBeyond"],"potions_floor_usage":[18,24,27,44,50,50],"damage_taken":[{"damage":4,"enemies":"Small Slimes","floor":1,"turns":4},{"damage":7,"enemies":"Cultist","floor":4,"turns":4},{"damage":18,"enemies":"Jaw Worm","floor":5,"turns":4},{"damage":24,"enemies":"3 Sentries","floor":7,"turns":4},{"damage":11,"enemies":"Blue Slaver","floor":10,"turns":2},{"damage":54,"enemies":"Gremlin Nob","floor":13,"turns":5},{"damage":11,"enemies":"3 Sentries","floor":14,"turns":3},{"damage":0,"enemies":"Slime Boss","floor":16,"turns":6},{"damage":15,"enemies":"2 Thieves","floor":18,"turns":2},{"damage":0,"enemies":"Spheric Guardian","floor":19,"turns":3},{"damage":0,"enemies":"3 Cultists","floor":20,"turns":3},{"damage":46,"enemies":"Slavers","floor":24,"turns":2},{"damage":24,"enemies":"Replay:Snechameleon","floor":27,"turns":4},{"damage":56,"enemies":"HollowMod:Nosk","floor":31,"turns":6},{"damage":13,"enemies":"Automaton","floor":33,"turns":7},{"damage":12,"enemies":"Orb Walker","floor":35,"turns":4},{"damage":19,"enemies":"3 Shapes","floor":37,"turns":4},{"damage":0,"enemies":"3 Darklings","floor":38,"turns":3},{"damage":0,"enemies":"Giant Head","floor":40,"turns":5},{"damage":0,"enemies":"Transient","floor":44,"turns":5},{"damage":56,"enemies":"Reptomancer","floor":45,"turns":6},{"damage":21,"enemies":"4 Shapes","floor":46,"turns":2},{"damage":3,"enemies":"HollowMod:StalkingDevout","floor":48,"turns":4},{"damage":37,"enemies":"Awakened One","floor":50,"turns":7}],"seed_played":"-5915207615426451963","potions_obtained":[{"floor":4,"key":"GamblersBrew"},{"floor":7,"key":"Elixir"},{"floor":13,"key":"Toxic Potion"},{"floor":14,"key":"SpeedPotion"},{"floor":20,"key":"LiquidMemories"},{"floor":24,"key":"ColorlessPotion"},{"floor":31,"key":"Adrenaline Potion"},{"floor":46,"key":"SneckoOil"}],"is_trial":true,"path_per_floor":["M","$","?","M","M","R","E","?","T","M","$","R","E","E","R","B",null,"M","M","M","?","$","R","E","$","T","E","R","T","R","E","R","B",null,"M","?","M","M","$","E","R","?","T","M","E","M","AVR","E","R","B",null],"character_chosen":"THE_SENSHI","items_purchased":["theSenshi:SupersonicWaves","theSenshi:SailorPlanetAttack","Orrery","BargainBundle","Enlightenment","theSenshi:MoonHealingEscalation","TheRailgun:Magnetic_Movement","Block Potion","theSenshi:TuxedoSmokingBomber","ClockworkSouvenir"],"campfire_rested":4,"item_purchase_floors":[2,2,22,25,25,25,25,25,25,39],"current_hp_per_floor":[71,71,56,49,31,53,29,75,75,64,64,64,25,29,51,66,73,58,73,75,75,75,75,44,44,44,25,47,47,47,14,36,68,73,75,75,56,75,75,75,75,75,75,75,65,54,54,77,77,77],"gold":356,"neow_bonus":"","is_daily":false,"chose_seed":false,"campfire_upgraded":4,"win_rate":0.0,"timestamp":1613335988,"path_taken":["M","$","?","M","M","R","E","?","T","M","$","R","E","?","R","BOSS","M","M","M","?","$","R","E","?","T","E","R","?","R","E","R","BOSS","M","?","M","M","$","E","R","?","T","M","E","M","AVR","?","R","BOSS"],"items_purchased_type":["Card","Card","Relic","Relic","Card","Card","Card","Potion","Card","Relic"],"build_version":"2020-12-22","purchased_purges":1,"victory":true,"max_hp_per_floor":[75,75,75,75,75,75,75,75,75,75,75,75,75,75,75,75,75,75,75,75,75,75,75,75,75,75,75,75,75,75,75,75,75,75,75,75,75,75,75,75,75,75,75,75,75,75,75,77,77,77],"card_choices":[{"not_picked":["TheRailgun:Recharge","theSenshi:LunasBite"],"picked":"TheRailgun:Electric_Fence","floor":0},{"not_picked":["theSenshi:SupersonicWaves","theSenshi:SchoolBag"],"picked":"theSenshi:CrisisMakeUp","floor":0},{"not_picked":["TheRailgun:Sister_Network","TheRailgun:Zap"],"picked":"theSenshi:MoonsReflection","floor":0},{"not_picked":["TheRailgun:Electrical_Storm","TheRailgun:Thunderjolt"],"picked":"TheRailgun:Coin_Flip","floor":0},{"not_picked":["theSenshi:Overload","theSenshi:SteeledNerves"],"picked":"TheRailgun:Zip","floor":0},{"not_picked":["TheRailgun:Token_Collection","TheRailgun:Gekota_Phone"],"picked":"theSenshi:MoonPrincessHalation","floor":0},{"not_picked":["theSenshi:MoonPower","TheRailgun:Positive_Field"],"picked":"theSenshi:MoonsReflection","floor":0},{"not_picked":["theSenshi:EncouragingSpeech","theSenshi:SchoolBag"],"picked":"TheRailgun:Sister_Noise","floor":0},{"not_picked":["TheRailgun:Circuit_Breaker","TheRailgun:Electrical_Storm"],"picked":"TheRailgun:Token_Collection","floor":0},{"not_picked":["TheRailgun:Discharge","TheRailgun:Teleporter"],"picked":"theSenshi:MoonCosmicPowerMakeUp","floor":0},{"not_picked":["TheRailgun:Crack","TheRailgun:Teleporter"],"picked":"theSenshi:MoonKick","floor":0},{"not_picked":["theSenshi:EncouragingSpeech","TheRailgun:Sister_Network"],"picked":"TheRailgun:Coin_Flip","floor":0},{"not_picked":["theSenshi:SupersonicWaves","theSenshi:TuxedoSmokingBomber"],"picked":"theSenshi:Sidestep","floor":0},{"not_picked":["theSenshi:SupersonicWaves","theSenshi:OdangoHead"],"picked":"TheRailgun:Electrical_Fire","floor":0},{"not_picked":["TheRailgun:Charge","TheRailgun:Crackle"],"picked":"TheRailgun:Magnetic_Movement","floor":0},{"not_picked":["TheRailgun:Aerial_Shot","theSenshi:Sidestep"],"picked":"theSenshi:InTheNickOfTime","floor":1},{"not_picked":["theSenshi:SailorChibiMoonAssists","TheRailgun:Thunderbolt"],"picked":"theSenshi:RainbowMoonHeartAche","floor":4},{"not_picked":["TheRailgun:Mental_Out","theSenshi:RainbowMoonHeartAche"],"picked":"theSenshi:MoonPunch","floor":5},{"not_picked":["theSenshi:Overload","theSenshi:SailorSaturnAssists"],"picked":"TheRailgun:Level_6","floor":7},{"not_picked":["TheRailgun:Magnetic_Movement","TheRailgun:Token_Collection"],"picked":"theSenshi:SailorJupiterAssists","floor":10},{"not_picked":["theSenshi:LunasBite","theSenshi:YouCanTalk"],"picked":"TheRailgun:Scatter_Railgun","floor":13},{"not_picked":["TheRailgun:Gekota_Phone","TheRailgun:Crackle"],"picked":"TheRailgun:Electric_Fence","floor":14},{"not_picked":["theSenshi:SilverCrystal","TheRailgun:Circuitous"],"picked":"TheRailgun:Supercharge","floor":16},{"not_picked":["TheRailgun:Zip","theSenshi:UranusStrength"],"picked":"theSenshi:SaturnsMystery+1","floor":18},{"not_picked":["theSenshi:MarsPride","theSenshi:SailorStarMakerAssists"],"picked":"theSenshi:TuxedoSmokingBomber","floor":19},{"not_picked":["TheRailgun:Positive_Field+1","theSenshi:SchoolBag+1"],"picked":"TheRailgun:Lightning_Speed","floor":20},{"not_picked":["TheRailgun:Charge","TheRailgun:Static"],"picked":"theSenshi:NeptunesGrace","floor":22},{"not_picked":["TheRailgun:Iron_Dust_Sword","TheRailgun:Zip"],"picked":"theSenshi:MoonPrincessHalation","floor":22},{"not_picked":["TheRailgun:Spark+1","TheRailgun:Positive_Field"],"picked":"theSenshi:MoonEternalMakeUp","floor":22},{"not_picked":["theSenshi:SteeledNerves+1","TheRailgun:Negative_Field"],"picked":"TheRailgun:Gekota_Phone+1","floor":22},{"not_picked":["TheRailgun:Gekotamania","theSenshi:LunasBite+1"],"picked":"theSenshi:InTheNickOfTime+1","floor":22},{"not_picked":["theSenshi:KlutzyLuck","TheRailgun:Electrical_Storm"],"picked":"theSenshi:SailorMercuryAssists+1","floor":24},{"not_picked":["theSenshi:SailorPlutoAssists","theSenshi:NeptunesGrace"],"picked":"TheRailgun:Scatter_Railgun","floor":27},{"not_picked":["TheRailgun:Push","theSenshi:SailorVenusAssists"],"picked":"theSenshi:TallSilhouette","floor":31},{"not_picked":["theSenshi:InTheNameOfTheMoon","TheRailgun:Rewiring"],"picked":"theSenshi:StudyParty","floor":33},{"not_picked":["theSenshi:OdangoHead+1","TheRailgun:Zap+1","theSenshi:TuxedoSmokingBomber"],"picked":"SKIP","floor":35},{"not_picked":["theSenshi:SailorNeptuneAssists","TheRailgun:Battery_Pack"],"picked":"theSenshi:MoonCrisisMakeUp+1","floor":37},{"not_picked":["theSenshi:NeptunesGrace+1","TheRailgun:Thunderbolt+1"],"picked":"theSenshi:SailorStarFighterAssists+1","floor":38},{"not_picked":["TheRailgun:Discharge","TheRailgun:Taser"],"picked":"theSenshi:TuxedoMaskAssists+1","floor":40},{"not_picked":["TheRailgun:Thunderjolt+1","theSenshi:MoonPrincessHalation","theSenshi:MoonTiaraMagic+1"],"picked":"SKIP","floor":44},{"not_picked":["TheRailgun:Pull+1","theSenshi:SailorJupiterAssists"],"picked":"theSenshi:WarriorOfTheMoon","floor":45},{"not_picked":["theSenshi:PlutosSolemnity","TheRailgun:Discharge+1","theSenshi:SailorMarsAssists+1"],"picked":"SKIP","floor":46},{"not_picked":["TheRailgun:Teleporter+1","TheRailgun:Positive_Field+1","TheRailgun:Negative_Field+1"],"picked":"Singing Bowl","floor":48}],"player_experience":319725,"relics_obtained":[{"floor":7,"key":"zeldaRelics:CouragePiece"},{"floor":9,"key":"zeldaRelics:CouragePiece"},{"floor":13,"key":"zeldaRelics:CouragePiece"},{"floor":14,"key":"zeldaRelics:WisdomPiece"},{"floor":24,"key":"zeldaRelics:WisdomPiece"},{"floor":26,"key":"zeldaRelics:WisdomPiece"},{"floor":27,"key":"zeldaRelics:PowerPiece"},{"floor":29,"key":"zeldaRelics:PowerPiece"},{"floor":31,"key":"zeldaRelics:PowerPiece"},{"floor":40,"key":"reliquary:SharkskinSheath"},{"floor":43,"key":"Replay:Bottled Steam"},{"floor":45,"key":"reliquary:WeakTea"},{"floor":48,"key":"Singing Bowl"}],"event_choices":[{"damage_healed":0,"gold_gain":0,"player_choice":"Entered Light","damage_taken":15,"max_hp_gain":0,"max_hp_loss":0,"event_name":"Shining Light","floor":3,"gold_loss":0,"cards_upgraded":["theSenshi:SupersonicWaves","theSenshi:InTheNickOfTime"]},{"cards_removed":["TheRailgun:Magnetic_Movement"],"damage_healed":46,"gold_gain":0,"player_choice":"Offered Uncommon","damage_taken":0,"max_hp_gain":0,"max_hp_loss":0,"event_name":"Bonfire Elementals","floor":8,"gold_loss":0},{"damage_healed":0,"gold_gain":0,"player_choice":"Stole Relic","damage_taken":0,"relics_obtained":["Pocketwatch"],"max_hp_gain":0,"max_hp_loss":0,"event_name":"Addict","floor":21,"gold_loss":0,"cards_obtained":["Shame"]},{"damage_healed":0,"gold_gain":0,"player_choice":"Ignored","damage_taken":0,"max_hp_gain":0,"max_hp_loss":0,"event_name":"OrinTheCat","floor":42,"gold_loss":0}],"is_beta":false,"boss_relics":[{"not_picked":["Ectoplasm","Replay:Bronze Core"],"picked":"Philosopher\u0027s Stone"},{"not_picked":["hubris:BlackHole","zeldaRelics:MasterSword"],"picked":"zeldaRelics:HylianShield"}],"items_purged_floors":[25],"is_endless":false,"potions_floor_spawned":[4,7,13,14,20,24,31,33,38,40,46],"ascension_level":5}}