{"host":"vgmhxp0kxvybuvcq","time":1613277286,"event":{"mods":["BaseMod","Minty Spire (QoL Compilation)","Replay The Spire","StSLib"],"gold_per_floor":[366,541,135,152,162,190,201,201,251,251,265,265,281,306,306,404,404,419,419,431,144,157,188,204,204,204,223,223,31,31,42,42,140,140,152,27,27,74,108,108,108,135,135,161,161,11,24,39,39,39],"floor_reached":51,"language":"ENG","playtime":4956,"items_purged":["Doubt","Pain","Delirium","ReplayTheSpireMod:Doomed"],"score":858,"play_id":"daebe8ca-c6f8-4579-899b-a98497a989b7","local_time":"20210213203446","is_ascension_mode":true,"campfire_choices":[{"data":"Iron Wave","floor":8,"key":"SMITH"},{"data":"Pot Of Greed","floor":12,"key":"SMITH"},{"floor":15,"key":"REST"},{"data":"Intimidate","floor":25,"key":"SMITH"},{"data":"ReplayTheSpireMod:Strike From Hell","floor":28,"key":"SMITH"},{"data":"Pummel","floor":32,"key":"SMITH"},{"data":"ReplayTheSpireMod:Strike From Hell","floor":41,"key":"SMITH"},{"data":"Pot Of Greed","floor":49,"key":"SMITH"}],"circlet_count":0,"master_deck":["Strike_R","Strike_R","Strike_R","Strike_R","Strike_R+1","Defend_R","Defend_R+1","Defend_R","Defend_R","ReplayTheSpireMod:Strike From Hell+1","Spot Weakness","Iron Wave+1","Power Through","Shrug It Off","ReplayTheSpireMod:Strike From Hell+1","Pot Of Greed+1","Pot Of Greed+1","Thunderclap","Intimidate+1","Pummel+1","Fiend Fire","CurseOfTheBell","Wild Strike+1","Pot Of Greed","Iron Wave","Thunderclap","Ghostly Armor","Wild Strike+1","Purity","Juggernaut","Abandon+1","Impervious","Spot Weakness+1","Heavy Blade+1","Iron Wave+1","Pot Of Greed","Impervious","Replay:Undeath\u0027s Touch","Replay:Bootleg Shield Generator","Replay:Sssssssssshield","Sword Boomerang+1","Defy Death+1"],"relics":["Burning Blood","White Beast Statue","Pear","Grinning Jar","WarpedTongs","Centennial Puzzle","Calling Bell","Strawberry","Sundial","Counterbalance","FossilizedHelix","PreservedInsect","BranchBurnRelic","Orichalcum","Honey Jar","ReplayTheSpireMod:Ring of Challenge","Pantograph","Potion Belt","Simple Rune"],"acts_visited":["Exordium","TheCity","TheBeyond"],"potions_floor_usage":[6,11,13,14,14,16,22,23,24,27,27,33,38,38,38,39,47,50,50,50,50,50],"damage_taken":[{"damage":2,"enemies":"Jaw Worm","floor":1,"turns":3},{"damage":9,"enemies":"2 Louse","floor":4,"turns":2},{"damage":1,"enemies":"Cultist","floor":5,"turns":3},{"damage":42,"enemies":"Gremlin Nob","floor":6,"turns":5},{"damage":20,"enemies":"Exordium Thugs","floor":7,"turns":9},{"damage":5,"enemies":"Looter","floor":11,"turns":4},{"damage":5,"enemies":"3 Louse","floor":13,"turns":4},{"damage":33,"enemies":"Lagavulin","floor":14,"turns":8},{"damage":38,"enemies":"Slime Boss","floor":16,"turns":11},{"damage":17,"enemies":"3 Byrds","floor":18,"turns":5},{"damage":7,"enemies":"Spheric Guardian","floor":20,"turns":4},{"damage":23,"enemies":"Cultist and Chosen","floor":22,"turns":4},{"damage":14,"enemies":"Replay:Snechameleon","floor":23,"turns":3},{"damage":22,"enemies":"Snake Plant","floor":24,"turns":3},{"damage":10,"enemies":"Snecko","floor":27,"turns":4},{"damage":9,"enemies":"Centurion and Healer","floor":31,"turns":6},{"damage":83,"enemies":"Pondfish","floor":33,"turns":15},{"damage":16,"enemies":"3 Shapes","floor":35,"turns":4},{"damage":13,"enemies":"3 Darklings","floor":38,"turns":8},{"damage":25,"enemies":"Jaw Worm Horde","floor":39,"turns":5},{"damage":23,"enemies":"Reptomancer","floor":42,"turns":4},{"damage":16,"enemies":"R_Hoarder","floor":44,"turns":6},{"damage":0,"enemies":"Transient","floor":47,"turns":5},{"damage":4,"enemies":"Sphere and 2 Shapes","floor":48,"turns":7},{"damage":69,"enemies":"Replay:Hell Engine","floor":50,"turns":12}],"seed_played":"3320390556163120805","potions_obtained":[{"floor":4,"key":"Elixir"},{"floor":5,"key":"BlessingOfTheForge"},{"floor":6,"key":"BlessingOfTheForge"},{"floor":7,"key":"Explosive Potion"},{"floor":11,"key":"Reflective Coating"},{"floor":13,"key":"Languid Potion"},{"floor":14,"key":"SpeedPotion"},{"floor":16,"key":"LiquidBronze"},{"floor":18,"key":"Toxic Potion"},{"floor":20,"key":"BloodPotion"},{"floor":22,"key":"Dexterity Potion"},{"floor":23,"key":"Cursed Concoction"},{"floor":24,"key":"Fire Potion"},{"floor":27,"key":"HeartOfIron"},{"floor":31,"key":"Flashbang"},{"floor":33,"key":"SpeedPotion"},{"floor":35,"key":"Explosive Potion"},{"floor":38,"key":"Fire Potion"},{"floor":39,"key":"AttackPotion"},{"floor":42,"key":"FearPotion"},{"floor":44,"key":"Regen Potion"},{"floor":47,"key":"SkillPotion"},{"floor":48,"key":"Doom Potion"}],"is_trial":false,"path_per_floor":["M","?","$","M","M","E","M","R","T","?","M","R","M","E","R","B",null,"M","?","M","$","M","E","M","R","T","M","R","$","?","M","R","B",null,"M","$","?","M","M","?","R","E","T","E","?","$","M","M","R","B",null],"character_chosen":"IRONCLAD","items_purchased":["White Beast Statue","Spot Weakness","Dead Branch","Purity"],"campfire_rested":1,"item_purchase_floors":[3,3,21,29],"current_hp_per_floor":[80,80,80,77,80,54,40,40,40,40,41,41,42,15,42,10,97,86,86,85,85,68,79,63,63,63,73,73,73,73,85,85,23,97,87,87,87,80,61,61,61,56,56,46,41,41,47,49,49,57],"gold":39,"neow_bonus":"TWO_FIFTY_GOLD","is_daily":false,"chose_seed":false,"campfire_upgraded":7,"win_rate":0.0,"timestamp":1613277286,"path_taken":["M","?","$","M","M","E","M","R","T","?","M","R","?","E","R","BOSS","M","?","M","$","M","E","M","R","T","?","R","$","?","?","R","BOSS","M","$","?","M","M","?","R","E","T","E","?","$","M","M","R","BOSS"],"items_purchased_type":["Relic","Card","Relic","Card"],"build_version":"2020-12-22","purchased_purges":4,"victory":true,"max_hp_per_floor":[80,80,80,80,80,90,90,90,90,90,90,90,90,90,90,90,97,97,97,97,97,97,97,97,97,97,97,97,97,97,97,97,97,97,97,97,97,97,97,97,97,97,97,97,97,97,97,97,97,97],"card_choices":[{"not_picked":["Rage","Warcry"],"picked":"ReplayTheSpireMod:Strike From Hell","floor":1},{"not_picked":["Havoc","Wild Strike"],"picked":"Iron Wave","floor":4},{"not_picked":["Rupture","Headbutt"],"picked":"Power Through","floor":5},{"not_picked":["Pommel Strike","Fire Breathing"],"picked":"Shrug It Off","floor":6},{"not_picked":["Pommel Strike","Rupture"],"picked":"ReplayTheSpireMod:Strike From Hell","floor":7},{"not_picked":["Clothesline","Heavy Blade"],"picked":"Thunderclap","floor":11},{"not_picked":["Perfected Strike","Evolve"],"picked":"Intimidate","floor":13},{"not_picked":["Bloodletting","Battle Trance"],"picked":"Pummel","floor":14},{"not_picked":["Impervious","Reaper"],"picked":"Fiend Fire","floor":16},{"not_picked":["Flex","Entrench"],"picked":"Wild Strike+1","floor":18},{"not_picked":["Power Through","Wild Strike"],"picked":"Iron Wave","floor":20},{"not_picked":["Pommel Strike","Body Slam"],"picked":"Thunderclap","floor":22},{"not_picked":["Iron Wave","Whirlwind"],"picked":"Ghostly Armor","floor":23},{"not_picked":["Dark Embrace","Rupture","Cleave+1"],"picked":"SKIP","floor":24},{"not_picked":["Double Tap","ReplayReversal"],"picked":"Wild Strike+1","floor":27},{"not_picked":["Clash+1","Havoc"],"picked":"Abandon+1","floor":31},{"not_picked":["Reaper","Hemogenesis"],"picked":"Impervious","floor":33},{"not_picked":["Thunderclap","Pommel Strike","Cleave"],"picked":"Spot Weakness+1","floor":35},{"not_picked":["Clash","Havoc","Armaments"],"picked":"Heavy Blade+1","floor":38},{"not_picked":["Anger","Thunderclap+1","Warcry"],"picked":"Iron Wave+1","floor":39},{"not_picked":["Intimidate+1","Uppercut+1","Rupture"],"picked":"Impervious","floor":42},{"not_picked":["Warcry","Headbutt","Reckless Charge"],"picked":"Replay:Undeath\u0027s Touch","floor":44},{"not_picked":["The Bomb","Chrysalis","Replay:Parry"],"picked":"Replay:Bootleg Shield Generator","floor":45},{"not_picked":["Dramatic Entrance","Specialist","Forethought"],"picked":"Replay:Sssssssssshield","floor":45},{"not_picked":["ReplayTheSpireMod:Corrosion Curse+1","Sever Soul+1","Headbutt"],"picked":"Sword Boomerang+1","floor":47},{"not_picked":["Thunderclap+1","Anger","Warcry+1"],"picked":"Defy Death+1","floor":48}],"player_experience":320901,"relics_obtained":[{"floor":6,"key":"Pear"},{"floor":9,"key":"Grinning Jar"},{"floor":14,"key":"Centennial Puzzle"},{"floor":17,"key":"Strawberry"},{"floor":17,"key":"Sundial"},{"floor":17,"key":"Counterbalance"},{"floor":23,"key":"PreservedInsect"},{"floor":26,"key":"Orichalcum"},{"floor":37,"key":"ReplayTheSpireMod:Ring of Challenge"},{"floor":42,"key":"Pantograph"},{"floor":43,"key":"Potion Belt"},{"floor":44,"key":"Simple Rune"}],"event_choices":[{"damage_healed":0,"gold_gain":175,"player_choice":"AGREE","damage_taken":0,"max_hp_gain":0,"max_hp_loss":0,"event_name":"Liars Game","floor":2,"gold_loss":0,"cards_obtained":["Doubt"]},{"damage_healed":0,"gold_gain":0,"player_choice":"Rummage","damage_taken":0,"relics_obtained":["WarpedTongs"],"max_hp_gain":0,"max_hp_loss":0,"event_name":"Accursed Blacksmith","floor":10,"gold_loss":0,"cards_obtained":["Pain"]},{"damage_healed":0,"gold_gain":0,"cards_transformed":["Bash"],"player_choice":"Transformed","damage_taken":0,"max_hp_gain":0,"max_hp_loss":0,"event_name":"Transmorgrifier","floor":30,"gold_loss":0,"cards_obtained":["Juggernaut"]},{"damage_healed":0,"gold_gain":0,"player_choice":"Ignored","damage_taken":0,"max_hp_gain":0,"max_hp_loss":0,"event_name":"Tomb of Lord Red Mask","floor":40,"gold_loss":0},{"damage_healed":0,"gold_gain":0,"player_choice":"Memory 2","damage_taken":5,"max_hp_gain":0,"max_hp_loss":0,"event_name":"SensoryStone","floor":45,"gold_loss":0}],"is_beta":false,"boss_relics":[{"not_picked":["Coffee Dripper","Abe\u0027s Treasure"],"picked":"Calling Bell"},{"not_picked":["Fusion Hammer","Pandora\u0027s Box"],"picked":"Honey Jar"}],"items_purged_floors":[3,29,36,46],"is_endless":false,"potions_floor_spawned":[4,5,6,7,11,13,14,16,18,20,22,23,24,27,31,33,35,38,39,42,44,47,48],"ascension_level":2}}