{"host":"KYO","time":1613279917,"event":{"mods":["ATMod(阿瑾Mod)","BaseMod","Minty Spire (QoL Compilation)","Permanent Neow","Shop Mod","StSLib","SuperFastMode","TestMod","[IsaacMod]以撒尖塔","【遗物卡牌】REMEMod"],"gold_per_floor":[116,190,190,22,22,51,64,93,93,109,34,78,91,91,91,184,184,202,117,129,144,94,137,137,160,160,75,93,123,15,15,15],"floor_reached":31,"language":"ZHS","playtime":939,"items_purged":["Strike_B","Defend_B"],"score":746,"play_id":"3e8ae382-a8b4-40e4-9e02-f6dfaefb9b5d","local_time":"20210214131837","is_ascension_mode":true,"campfire_choices":[{"data":"AT_RightCognition","floor":15.0,"key":"SMITH"},{"data":"Strike_B","floor":24.0,"key":"PURGE"}],"circlet_count":0,"master_deck":["AscendersBane","Strike_B+1","Strike_B","Defend_B","Defend_B","Defend_B+1","Zap+1","Dualcast","AT_RightCognition+1","Cold Snap","Self Repair+1","Redo","Heatsinks","ElectricPowerLearning"],"relics":["Cracked Core","HushsDoor","AT_ATBox","REME_ComplimentaryCards","testmod-TestBox","testmod-Charity","SatanicBible","NeowsBlessing","Peace Pipe","MerchantsRug","PreservedInsect","Odd Mushroom","TheBible","Golden Idol","MagicMushroom","GuppysTail","Symbiotic Virus","Pantograph","SteamSale"],"acts_visited":["Exordium","TheCity"],"potions_floor_usage":[31],"damage_taken":[{"damage":0.0,"enemies":"Cultist","floor":1.0,"turns":1.0},{"damage":0.0,"enemies":"3 Sentries","floor":6.0,"turns":1.0},{"damage":0.0,"enemies":"2 Louse","floor":7.0,"turns":1.0},{"damage":0.0,"enemies":"The Mushroom Lair","floor":8.0,"turns":1.0},{"damage":5.0,"enemies":"Jaw Worm","floor":10.0,"turns":4.0},{"damage":14.0,"enemies":"Blue Slaver","floor":13.0,"turns":4.0},{"damage":0.0,"enemies":"Slime Boss","floor":16.0,"turns":9.0},{"damage":0.0,"enemies":"Chosen","floor":18.0,"turns":3.0},{"damage":14.0,"enemies":"3 Byrds","floor":20.0,"turns":3.0},{"damage":10.0,"enemies":"Centurion and Healer","floor":21.0,"turns":9.0},{"damage":47.0,"enemies":"Gremlin Leader","floor":23.0,"turns":7.0},{"damage":13.0,"enemies":"Snecko","floor":25.0,"turns":4.0},{"damage":19.0,"enemies":"Snake Plant","floor":28.0,"turns":4.0},{"damage":0.0,"enemies":"Book of Stabbing","floor":29.0,"turns":4.0},{"damage":32,"enemies":"Slavers","floor":31,"turns":3}],"seed_played":"-3002500030848326203","potions_obtained":[{"floor":6.0,"key":"Ancient Potion"},{"floor":7.0,"key":"SkillPotion"},{"floor":8.0,"key":"testmod-SpacePotion"},{"floor":13.0,"key":"FearPotion"},{"floor":20.0,"key":"SteroidPotion"},{"floor":21.0,"key":"Energy Potion"}],"is_trial":false,"path_per_floor":["M","?","?","$","?","E","M","?","T","M","$","?","M","?","R","B",null,"M","$","M","M","?","E","R","M","T","?","M","E","$","E"],"character_chosen":"DEFECT","items_purchased":["MerchantsRug","GuppysTail","testmod-SpacePotion","SteamSale"],"campfire_rested":0,"item_purchase_floors":[4,17,17,30],"current_hp_per_floor":[65,55,44,44,44,45,46,47,47,50,50,36,30,30,30,38,62,68,69,63,62,62,27,27,26,26,26,19,31,33,2,2],"gold":15,"neow_bonus":"THREE_ENEMY_KILL","is_daily":false,"chose_seed":false,"campfire_upgraded":1,"win_rate":0.0,"timestamp":1613279917,"path_taken":["M","?","?","$","?","E","M","?","T","?","$","?","?","?","R","BOSS","M","$","M","M","?","E","R","M","T","?","?","E","$","E"],"items_purchased_type":["Relic","Relic","Potion","Relic"],"build_version":"2020-12-18","purchased_purges":2,"victory":false,"max_hp_per_floor":[72,73,73,73,73,74,75,76,76,77,77,78,79,72,72,73,67,68,69,70,71,71,72,72,73,73,73,74,75,77,77,77],"card_choices":[{"not_picked":["Glacier","Barrage"],"picked":"Cold Snap","floor":1.0},{"not_picked":["Distribution","Multi-Cast"],"picked":"Self Repair","floor":6.0},{"not_picked":["Leap","AT_HeatAcrobatics"],"picked":"Redo","floor":7.0},{"not_picked":["Compile Driver","AT_ThreeBodyProblem"],"picked":"Heatsinks","floor":8.0},{"not_picked":["Redo","Beam Cell","Compile Driver"],"picked":"SKIP","floor":10.0},{"not_picked":["AT_WarpDrive","Fan","Sweeping Beam"],"picked":"SKIP","floor":13.0},{"not_picked":["Turbo","Gash","Ball Lightning"],"picked":"SKIP","floor":18.0},{"not_picked":["BootSequence","Melter","Hologram"],"picked":"SKIP","floor":20.0},{"not_picked":["Turbo","Leap","Streamline"],"picked":"SKIP","floor":21.0},{"not_picked":["Conserve Battery","Fan","AT_HeatAcrobatics"],"picked":"SKIP","floor":23.0},{"not_picked":["Steam+1","AT_HeatAcrobatics","Stack"],"picked":"SKIP","floor":25.0},{"not_picked":["Compile Driver","Leap","Darkness"],"picked":"SKIP","floor":28.0},{"not_picked":["Leap","Steam Power"],"picked":"ElectricPowerLearning","floor":29.0}],"player_experience":776693,"relics_obtained":[{"floor":6.0,"key":"PreservedInsect"},{"floor":8.0,"key":"Odd Mushroom"},{"floor":9.0,"key":"TheBible"},{"floor":23.0,"key":"Symbiotic Virus"},{"floor":29.0,"key":"Ancient Tea Set"}],"event_choices":[{"damage_healed":0.0,"max_hp_gain":0.0,"max_hp_loss":0.0,"gold_gain":75.0,"event_name":"World of Goop","player_choice":"Gather Gold","floor":2.0,"gold_loss":0.0,"damage_taken":11.0},{"damage_healed":0.0,"max_hp_gain":0.0,"max_hp_loss":0.0,"gold_gain":0.0,"event_name":"Scrap Ooze","player_choice":"Success","floor":3.0,"gold_loss":0.0,"damage_taken":11.0,"relics_obtained":["Peace Pipe"]},{"damage_healed":0.0,"max_hp_gain":0.0,"max_hp_loss":0.0,"gold_gain":0.0,"event_name":"给自己的盒子","player_choice":"Swap Relic","floor":5.0,"relics_lost":["War Paint"],"gold_loss":0.0,"damage_taken":0.0,"relics_obtained":["War Paint"]},{"damage_healed":0.0,"max_hp_gain":0.0,"max_hp_loss":0.0,"gold_gain":0.0,"event_name":"Mushrooms","player_choice":"Fought Mushrooms","floor":8.0,"gold_loss":0.0,"damage_taken":0.0},{"damage_healed":0.0,"max_hp_gain":0.0,"max_hp_loss":7.0,"gold_gain":0.0,"event_name":"Golden Idol","player_choice":"Lose Max HP","floor":14.0,"gold_loss":0.0,"damage_taken":0.0,"relics_obtained":["Golden Idol"]},{"damage_healed":0.0,"max_hp_gain":0.0,"max_hp_loss":0.0,"gold_gain":0.0,"event_name":"Designer","player_choice":"Upgraded Two","floor":22.0,"gold_loss":50.0,"damage_taken":0.0,"cards_upgraded":["Strike_B","Self Repair"]},{"damage_healed":0.0,"max_hp_gain":0.0,"max_hp_loss":0.0,"gold_gain":0.0,"event_name":"Addict","player_choice":"Obtained Relic","floor":27.0,"gold_loss":85.0,"damage_taken":0.0,"relics_obtained":["Pantograph"]}],"is_beta":true,"boss_relics":[{"not_picked":["testmod-Prudence","testmod-TimeTraveler"],"picked":"MagicMushroom"},{"not_picked":[]}],"items_purged_floors":[11,19],"is_endless":false,"potions_floor_spawned":[6,7,8,13,20,21],"killed_by":"Slavers","ascension_level":20}}