{"host":"cwd5s03r1oaxs6mx","time":1613318612,"event":{"mods":["Act Like it!","BaseMod","Better Third Choice","BetterRewards","CapriCore","Card Filter","Challenge The Spire","Colored Map","Custom Start","DeckTracker","Friendly Minions","Hubris","Infinite Spire","Minty Spire (QoL Compilation)","Quick Restart","Relic Stats","Shop Mod","Spicy Shops","StSLib","SuperFastMode","Waifu the Spire"],"gold_per_floor":[17,17,17,30,54,54,68,143,143,143,143],"floor_reached":10,"language":"KOR","playtime":170,"items_purged":["Strike_B"],"score":116,"play_id":"6674f8b3-7e22-4e01-8455-8b27811b6644","local_time":"20210215010332","is_ascension_mode":true,"campfire_choices":[{"data":"Zap","floor":6,"key":"SMITH"}],"circlet_count":0,"master_deck":["AscendersBane","Strike_B","Strike_B","Strike_B","Defend_B","Defend_B","Defend_B","Defend_B","Zap+1","Dualcast","All For One","Steam","Gash"],"relics":["Cracked Core","hubris:Potato","ClockworkSouvenir","Golden Idol","The Courier"],"acts_visited":["Exordium"],"potions_floor_usage":[10],"damage_taken":[{"damage":0.0,"enemies":"Cultist","floor":1.0,"turns":4.0},{"damage":0.0,"enemies":"ats:Genji","floor":4.0,"turns":1.0},{"damage":10,"enemies":"Small Slimes","floor":5,"turns":3},{"damage":7,"enemies":"Red Slaver","floor":7,"turns":4},{"damage":27,"enemies":"Gremlin Nob","floor":10,"turns":3}],"seed_played":"8038055362189481262","potions_obtained":[{"floor":7,"key":"SteroidPotion"}],"is_trial":false,"path_per_floor":["M","?","$","M","M","R","M","?","T","E"],"character_chosen":"DEFECT","items_purchased":["All For One","hubris:Potato","Steam","ClockworkSouvenir"],"campfire_rested":0,"item_purchase_floors":[0,0,0,0],"current_hp_per_floor":[64,40,40,40,30,30,23,12,12,0,0],"gold":143,"neow_bonus":"","is_daily":false,"chose_seed":false,"campfire_upgraded":1,"win_rate":0.0,"timestamp":1613318612,"path_taken":["M","?","$","M","M","R","M","?","T","E"],"items_purchased_type":["Card","Relic","Card","Relic"],"build_version":"2020-12-22","purchased_purges":1,"victory":false,"max_hp_per_floor":[71,71,71,71,71,71,71,71,71,71,71],"relic_stats":{"counters":[6,18],"Golden Idol":14,"obtain_stats":[{"NeowsBlessing":0,"Golden Idol":2,"The Courier":9,"Letter Opener":0,"Cracked Core":0,"hubris:Potato":0,"ClockworkSouvenir":0},{"NeowsBlessing":0,"Golden Idol":2,"The Courier":5,"Letter Opener":0,"Cracked Core":0,"hubris:Potato":1,"ClockworkSouvenir":1},{"NeowsBlessing":0,"Golden Idol":7,"The Courier":15,"Letter Opener":0,"Cracked Core":0,"hubris:Potato":3,"ClockworkSouvenir":3}]},"card_choices":[{"not_picked":["Go for the Eyes","Steam Power"],"picked":"Gash","floor":1.0},{"not_picked":["Force Field","Compile Driver","Blizzard"],"picked":"SKIP","floor":4},{"not_picked":["Reinforced Body","Storm","White Noise"],"picked":"SKIP","floor":5},{"not_picked":["Turbo","Cold Snap","Leap"],"picked":"SKIP","floor":7}],"player_experience":1002890,"relics_obtained":[{"floor":9,"key":"The Courier"}],"event_choices":[{"damage_healed":0.0,"max_hp_gain":0.0,"max_hp_loss":0.0,"gold_gain":0.0,"event_name":"Golden Idol","player_choice":"Take Damage","floor":2.0,"gold_loss":0.0,"damage_taken":24.0,"relics_obtained":["Golden Idol"]},{"damage_healed":0,"gold_gain":75,"player_choice":"Gold","damage_taken":11,"max_hp_gain":0,"max_hp_loss":0,"event_name":"betterThird:BetterGoop","floor":8,"gold_loss":0}],"is_beta":false,"boss_relics":[],"items_purged_floors":[0],"is_endless":false,"potions_floor_spawned":[7],"killed_by":"Gremlin Nob","ascension_level":20}}