{"host":"u7bb6mvzuirwfcqo","time":1613325185,"event":{"mods":["2.2 Compatiblity","AchievementEnabler","BaseMod","Card Forge","Downfall","Hermit","Minty Spire (QoL Compilation)","Relic Stats","StSLib"],"gold_per_floor":[117,135,147,162,162,189,189,200,200,210,274,290,304,269,269,371,371,383,417,54,71,88,88,99,99,99,99,12,31,47,59,59,157,157,171,171,171,183,92,92,92,111,136,16,31,41,61,77,77,77,77,77],"floor_reached":50,"language":"ENG","playtime":2618,"items_purged":["sneckomod:Defend"],"score":579,"play_id":"8f1c98bc-3623-46be-8932-b16dae0e8d19","local_time":"20210214125305","is_ascension_mode":false,"campfire_choices":[{"data":"sneckomod:TailWhip","floor":7.0,"key":"SMITH"},{"data":"sneckomod:CheapStock","floor":15.0,"key":"SMITH"},{"floor":23.0,"key":"REST"},{"floor":27.0,"key":"REST"},{"data":"Ghostly","floor":32,"key":"SMITH"},{"floor":40,"key":"REST"},{"floor":49,"key":"REST"}],"circlet_count":0,"master_deck":["sneckomod:Defend+1","sneckomod:Defend+1","sneckomod:TailWhip+1","sneckomod:SnekBite+1","sneckomod:Unknown+1","sneckomod:Unknown+1","sneckomod:UnknownCommonSkill+1","sneckomod:UnknownRareSkill+1","sneckomod:ImprovisedGuard+1","sneckomod:UnknownVulnerable+1","sneckomod:UnknownCommonAttack+1","sneckomod:UnknownUncommonAttack+1","sneckomod:Unknown1Cost+1","sneckomod:UnknownRareSkill+1","sneckomod:UnknownCommonSkill+1","sneckomod:DiceCrush+1","sneckomod:WideSting+1","sneckomod:DangerNoodle+1","sneckomod:Rotation+1","sneckomod:DiceBlock+1","sneckomod:CheapStock+1","sneckomod:MorePower+1","sneckomod:UnknownUncommonPower+1","sneckomod:PureSnecko+1","sneckomod:Unknown3Cost+1","sneckomod:ImprovisedAttack+1","sneckomod:DangerNoodle+1","sneckomod:UnknownRarePower+1","sneckomod:UnknownUncommonAttack+1","Reboot+1","Guardian:BronzeOrb+1","sneckomod:UnknownClassRED+1","DeceiveReality+1","Ghostly+1","Ghostly+1","Ghostly+1","Ghostly+1","Ghostly+1","sneckomod:UnknownUncommonSkill+1","sneckomod:WideSting+1","hermit:HeroicBravado+1","sneckomod:UnknownUncommonSkill+1","sneckomod:UnknownRareAttack+1","sneckomod:Unknown3Cost+1","sneckomod:UnendingSupply+1","sneckomod:UnknownBlock+1","sneckomod:UnknownDraw+1","sneckomod:QuickMove","sneckomod:SnakeSap","sneckomod:UnknownBlock+1","sneckomod:SoulDraw"],"relics":["Hammer of Thor","Seething Fire","Anvil of the Gods","Astrolabe","Whetstone","Eternal Feather","sneckomod:ConfusingCodex","Philosopher\u0027s Stone","Red Mask","PrismaticShard","Thread and Needle","Fusion Hammer","Blue Candle","Mark of the Bloom","Dream Catcher"],"acts_visited":["Exordium","TheCity","TheBeyond"],"potions_floor_usage":[33,45,50,50,50],"damage_taken":[{"damage":11.0,"enemies":"Jaw Worm","floor":1.0,"turns":3.0},{"damage":0.0,"enemies":"Cultist","floor":2.0,"turns":4.0},{"damage":6.0,"enemies":"Small Slimes","floor":3.0,"turns":2.0},{"damage":0.0,"enemies":"3 Louse","floor":4.0,"turns":5.0},{"damage":24.0,"enemies":"3 Sentries","floor":6.0,"turns":6.0},{"damage":8.0,"enemies":"Large Slime","floor":8.0,"turns":7.0},{"damage":16.0,"enemies":"Exordium Wildlife","floor":10.0,"turns":3.0},{"damage":9.0,"enemies":"3 Sentries","floor":11.0,"turns":3.0},{"damage":8.0,"enemies":"2 Fungi Beasts","floor":12.0,"turns":4.0},{"damage":0.0,"enemies":"Blue Slaver","floor":13.0,"turns":2.0},{"damage":10.0,"enemies":"The Guardian","floor":16.0,"turns":10.0},{"damage":23.0,"enemies":"2 Thieves","floor":18.0,"turns":5.0},{"damage":53.0,"enemies":"Masked Bandits","floor":19.0,"turns":5.0},{"damage":0.0,"enemies":"Spheric Guardian","floor":21.0,"turns":3.0},{"damage":23.0,"enemies":"Snake Plant","floor":22.0,"turns":5.0},{"damage":27.0,"enemies":"3 Cultists","floor":24.0,"turns":5.0},{"damage":0,"enemies":"Snecko","floor":29,"turns":2},{"damage":1,"enemies":"Centurion and Healer","floor":30,"turns":5},{"damage":4,"enemies":"Sentry and Sphere","floor":31,"turns":4},{"damage":0,"enemies":"Collector","floor":33,"turns":7},{"damage":0,"enemies":"Orb Walker","floor":35,"turns":4},{"damage":1,"enemies":"3 Shapes","floor":38,"turns":4},{"damage":0,"enemies":"Writhing Mass","floor":42,"turns":6},{"damage":8,"enemies":"Transient","floor":45,"turns":5},{"damage":4,"enemies":"4 Shapes","floor":46,"turns":6},{"damage":3,"enemies":"Spire Growth","floor":47,"turns":4},{"damage":0,"enemies":"Sphere and 2 Shapes","floor":48,"turns":3},{"damage":46,"enemies":"Awakened One","floor":50,"turns":10}],"seed_played":"5940193141148724603","potions_obtained":[{"floor":4.0,"key":"Fruit Juice"},{"floor":4.0,"key":"AttackPotion"},{"floor":8.0,"key":"Explosive Potion"},{"floor":11.0,"key":"Fruit Juice"},{"floor":12.0,"key":"Guardian:BlockOnCardUsePotion"},{"floor":29,"key":"sneckomod:CheatPotion"},{"floor":45,"key":"AttackPotion"}],"is_trial":false,"path_per_floor":["M","M","M","M","?","E","R","M","T","M","?","M","M","?","R","B",null,"M","?","$","M","M","R","M","?","T","R","$","M","M","M","R","B",null,"M","?","?","M","$","R","?","M","T","$","M","M","M","M","R","B"],"character_chosen":"THE_SNECKO","items_purchased":["sneckomod:DangerNoodle","PrismaticShard","sneckomod:UnknownUncommonSkill","sneckomod:WideSting","sneckomod:UnendingSupply","sneckomod:UnknownBlock","sneckomod:QuickMove","sneckomod:SnakeSap"],"campfire_rested":4,"item_purchase_floors":[20,20,28,28,39,39,44,44],"current_hp_per_floor":[79,79,73,73,73,54,54,46,46,30,26,18,18,43,55,45,100,77,24,24,24,1,49,22,22,22,50,50,50,50,46,50,50,50,50,50,45,44,44,50,50,50,50,50,42,38,35,35,35,0,0,0],"gold":77,"neow_bonus":"BOSS_RELIC","is_daily":false,"chose_seed":false,"campfire_upgraded":3,"win_rate":0.0,"timestamp":1613325185,"path_taken":["M","M","M","M","?","E","R","M","T","?","?","M","M","?","R","BOSS","M","?","$","M","M","R","M","?","T","R","?","M","M","M","R","BOSS","M","?","?","M","$","R","?","M","T","$","M","M","M","M","R","BOSS"],"items_purchased_type":["Card","Relic","Card","Card","Card","Card","Card","Card"],"build_version":"2020-12-22","purchased_purges":1,"victory":false,"max_hp_per_floor":[90,90,90,90,90,95,95,95,95,95,100,100,100,100,100,100,100,100,100,100,100,100,100,100,50,50,50,50,50,50,50,50,50,50,50,50,50,50,50,50,50,50,50,50,50,54,54,54,54,54,54,54],"relic_stats":{"Mark of the Bloom":50,"Dream Catcher":1,"counters":[28,132],"Astrolabe":["sneckomod:UnknownCommonSkill","sneckomod:UnknownRareSkill","sneckomod:ImprovisedGuard"],"Blue Candle":[1],"Eternal Feather":61,"Whetstone":["sneckomod:UnknownCommonAttack","sneckomod:UnknownUncommonAttack"],"obtain_stats":[{"Mark of the Bloom":41,"Astrolabe":0,"Blue Candle":37,"Eternal Feather":9,"Thread and Needle":26,"Hammer of Thor":0,"Seething Fire":0,"Whetstone":6,"sneckomod:SneckoSoul":0,"PrismaticShard":20,"Dream Catcher":43,"Anvil of the Gods":0,"sneckomod:ConfusingCodex":11,"Philosopher\u0027s Stone":17,"Fusion Hammer":34,"Red Mask":19},{"Mark of the Bloom":22,"Astrolabe":0,"Blue Candle":21,"Eternal Feather":6,"Thread and Needle":16,"Hammer of Thor":0,"Seething Fire":0,"Whetstone":5,"sneckomod:SneckoSoul":0,"PrismaticShard":13,"Dream Catcher":23,"Anvil of the Gods":0,"sneckomod:ConfusingCodex":8,"Philosopher\u0027s Stone":11,"Fusion Hammer":20,"Red Mask":13},{"Mark of the Bloom":98,"Astrolabe":0,"Blue Candle":94,"Eternal Feather":27,"Thread and Needle":72,"Hammer of Thor":0,"Seething Fire":0,"Whetstone":20,"sneckomod:SneckoSoul":0,"PrismaticShard":59,"Dream Catcher":104,"Anvil of the Gods":0,"sneckomod:ConfusingCodex":33,"Philosopher\u0027s Stone":49,"Fusion Hammer":90,"Red Mask":59}]},"card_choices":[{"not_picked":["sneckomod:Nope","sneckomod:UnknownBlock"],"picked":"sneckomod:UnknownVulnerable","floor":1.0},{"not_picked":["sneckomod:SoulDraw","sneckomod:DiceCrush"],"picked":"sneckomod:UnknownCommonAttack","floor":2.0},{"not_picked":["sneckomod:Unknown2Cost","sneckomod:RainOfDice"],"picked":"sneckomod:UnknownUncommonAttack","floor":3.0},{"not_picked":["sneckomod:UnknownCommonAttack","sneckomod:UnknownBlock"],"picked":"sneckomod:Unknown1Cost","floor":4.0},{"not_picked":["sneckomod:SoulRoll","sneckomod:DefensiveFlair"],"picked":"sneckomod:DiceCrush","floor":6.0},{"not_picked":["sneckomod:Nope","sneckomod:QuickMove"],"picked":"sneckomod:WideSting","floor":8.0},{"not_picked":["sneckomod:Rotation","sneckomod:QuickBite"],"picked":"sneckomod:DangerNoodle","floor":10.0},{"not_picked":["sneckomod:UnknownWeak","sneckomod:RainOfDice"],"picked":"sneckomod:Rotation","floor":11.0},{"not_picked":["sneckomod:DiceBoulder","sneckomod:PureSnecko"],"picked":"sneckomod:DiceBlock","floor":12.0},{"not_picked":["sneckomod:IronFang","sneckomod:Unknown1Cost"],"picked":"sneckomod:CheapStock","floor":13.0},{"not_picked":["sneckomod:UnknownRareSkill","sneckomod:SoulExchange"],"picked":"sneckomod:MorePower","floor":16.0},{"not_picked":["sneckomod:UnknownStrike+1","sneckomod:UnknownCommonAttack+1"],"picked":"sneckomod:UnknownUncommonPower+1","floor":18.0},{"not_picked":["sneckomod:UnknownClassHEXA_GHOST_PURPLE","sneckomod:UnknownCommonSkill"],"picked":"sneckomod:PureSnecko","floor":18.0},{"not_picked":["sneckomod:UnknownWeak+1","sneckomod:UnknownBoss+1"],"picked":"sneckomod:Unknown3Cost+1","floor":19.0},{"not_picked":["sneckomod:UnknownBlock+1","sneckomod:MasterEye"],"picked":"sneckomod:ImprovisedAttack","floor":19.0},{"not_picked":["sneckomod:UnknownBlock+1","sneckomod:UnknownRareSkill+1"],"picked":"sneckomod:UnknownRarePower+1","floor":21.0},{"not_picked":["Armaments","hermit:FullyLoaded+1","Heavy Blade"],"picked":"SKIP","floor":21.0},{"not_picked":["sneckomod:UnknownClassRED+1","sneckomod:UnknownUncommonSkill+1"],"picked":"sneckomod:UnknownUncommonAttack+1","floor":22.0},{"not_picked":["Dagger Spray","Sucker Punch"],"picked":"Reboot","floor":22.0},{"not_picked":["Slimebound:SplitMire+1","Slimebound:DivideAndConquer"],"picked":"Guardian:BronzeOrb","floor":22.0},{"not_picked":["sneckomod:UnknownVulnerable+1","sneckomod:UnknownUncommonSkill+1"],"picked":"sneckomod:UnknownClassRED+1","floor":24.0},{"not_picked":["Guardian:ShieldCharger+1","bronze:InfiniteBeams+1"],"picked":"DeceiveReality","floor":24.0},{"not_picked":["bronze:Overload+1","hexamod:SoulSteal","Slimebound:LeechingTouch"],"picked":"SKIP","floor":24.0},{"not_picked":["Slimebound:ComboTackle","SashWhip"],"picked":"hermit:HeroicBravado","floor":29},{"not_picked":["Clash","Consume+1","champ:GutPunch+1"],"picked":"SKIP","floor":30},{"not_picked":["hexamod:SkipABeat+1","Sword Boomerang","bronze:OilSpill+1"],"picked":"SKIP","floor":31},{"not_picked":["sneckomod:UnknownUncommonAttack+1","sneckomod:UnknownUncommonPower+1"],"picked":"sneckomod:UnknownUncommonSkill+1","floor":33},{"not_picked":["sneckomod:MorePower","Secret Technique"],"picked":"sneckomod:UnknownRareAttack","floor":33},{"not_picked":["sneckomod:UnknownClassHEXA_GHOST_PURPLE+1","sneckomod:UnknownWeak+1"],"picked":"sneckomod:Unknown3Cost+1","floor":35},{"not_picked":["Lockon","hermit:HighCaliber"],"picked":"Bandage Up+1","floor":35},{"not_picked":["Pommel Strike","hexamod:CatchUp+1","bronze:DelayedSlice+1"],"picked":"SKIP","floor":35},{"not_picked":["hexamod:DynamicBlow","Rebound","hermit:PistolWhip"],"picked":"SKIP","floor":38},{"not_picked":["sneckomod:UnknownCommonSkill+1","sneckomod:UnknownClassGREEN+1"],"picked":"sneckomod:UnknownDraw+1","floor":42},{"not_picked":["True Grit+1","sneckomod:UnknownRareAttack","hermit:Midnight"],"picked":"SKIP","floor":42},{"not_picked":["sneckomod:UnknownClassRED+1","sneckomod:UnknownVulnerable+1"],"picked":"sneckomod:UnknownBlock+1","floor":45},{"not_picked":["sneckomod:UnknownCommonAttack+1","Slimebound:RollThrough+1"],"picked":"sneckomod:SoulDraw","floor":45},{"not_picked":["Turbo+1","sneckomod:DiceCrush+1","hexamod:NightmareStrike+1"],"picked":"SKIP","floor":46},{"not_picked":["Clash","Streamline+1","hexamod:ThirdSeal"],"picked":"SKIP","floor":47},{"not_picked":["Iron Wave+1","champ:Shatter","champ:CrookedStrike+1"],"picked":"SKIP","floor":48}],"player_experience":51701,"relics_obtained":[{"floor":6.0,"key":"Whetstone"},{"floor":9.0,"key":"Eternal Feather"},{"floor":11.0,"key":"sneckomod:ConfusingCodex"},{"floor":19.0,"key":"Red Mask"},{"floor":26.0,"key":"Thread and Needle"},{"floor":43,"key":"Dream Catcher"}],"event_choices":[{"damage_healed":0.0,"max_hp_gain":0.0,"max_hp_loss":0.0,"gold_gain":0.0,"event_name":"Match and Keep!","player_choice":"2 cards matched","floor":5.0,"gold_loss":0.0,"damage_taken":0.0,"cards_obtained":["sneckomod:UnknownRareSkill","sneckomod:UnknownCommonSkill"]},{"damage_healed":0.0,"max_hp_gain":0.0,"max_hp_loss":0.0,"gold_gain":0.0,"event_name":"Dead Adventurer","player_choice":"Searched \u00272\u0027 times","floor":11.0,"gold_loss":0.0,"damage_taken":0.0},{"damage_healed":25.0,"max_hp_gain":0.0,"max_hp_loss":0.0,"gold_gain":0.0,"event_name":"The Cleric","player_choice":"Healed","floor":14.0,"gold_loss":35.0,"damage_taken":0.0},{"damage_healed":0.0,"max_hp_gain":0.0,"max_hp_loss":0.0,"gold_gain":0.0,"event_name":"Masked Bandits","player_choice":"Fought Bandits","floor":19.0,"gold_loss":0.0,"damage_taken":0.0},{"damage_healed":0.0,"max_hp_gain":0.0,"max_hp_loss":50.0,"gold_gain":0.0,"event_name":"Ghosts","player_choice":"Became a Ghost","floor":25.0,"gold_loss":0.0,"damage_taken":0.0,"cards_obtained":["Ghostly","Ghostly","Ghostly","Ghostly","Ghostly"]},{"cards_removed":["Bandage Up"],"damage_healed":0,"gold_gain":0,"player_choice":"Removed Skill","damage_taken":0,"max_hp_gain":0,"max_hp_loss":0,"event_name":"Falling","floor":36,"gold_loss":0},{"damage_healed":0,"gold_gain":0,"player_choice":"Upgrade","damage_taken":0,"relics_obtained":["Mark of the Bloom"],"max_hp_gain":0,"max_hp_loss":0,"event_name":"MindBloom","floor":41,"gold_loss":0,"cards_upgraded":["sneckomod:Defend","sneckomod:Defend","sneckomod:SnekBite","sneckomod:Unknown","sneckomod:Unknown","sneckomod:UnknownVulnerable","sneckomod:Unknown1Cost","sneckomod:UnknownRareSkill","sneckomod:UnknownCommonSkill","sneckomod:DiceCrush","sneckomod:WideSting","sneckomod:DangerNoodle","sneckomod:Rotation","sneckomod:DiceBlock","sneckomod:MorePower","sneckomod:PureSnecko","sneckomod:ImprovisedAttack","sneckomod:DangerNoodle","Reboot","Guardian:BronzeOrb","DeceiveReality","Ghostly","Ghostly","Ghostly","Ghostly","sneckomod:UnknownUncommonSkill","sneckomod:WideSting","hermit:HeroicBravado","sneckomod:UnknownRareAttack","sneckomod:UnendingSupply","sneckomod:UnknownBlock"]}],"is_beta":false,"boss_relics":[{"not_picked":["Cursed Key","bronze:MakeshiftBattery"],"picked":"Philosopher\u0027s Stone"},{"not_picked":["Runic Dome","Calling Bell"],"picked":"Fusion Hammer"}],"items_purged_floors":[20],"is_endless":false,"potions_floor_spawned":[4,8,11,12,16,22,24,29,31,45,46,47],"killed_by":"Awakened One","ascension_level":0}}