{"host":"40e4adzyl212zebh","time":1613287355,"event":{"mods":["BaseMod","Colored Map","Colored Powertips","Downfall","Minty Spire (QoL Compilation)","Quick Restart","StSLib"],"gold_per_floor":[99,99,99,24,124,138,138,38,51,51,68,68,94,104,115,213,213,213,229,41,59,334,350,376,376,476,503,403,403,81,101,116,216,216,216,50,50,65,75,100,125,152,64,95,120,167,179,203,231,243,255,295,20,20,20,20],"floor_reached":57,"language":"ENG","playtime":9730,"items_purged":["Guardian:Strike_Guardian","Regret","Guardian:Strike_Guardian"],"score":1434,"play_id":"0d067d5b-436d-45ff-8d57-c8c686ce4af2","local_time":"20210214162235","is_ascension_mode":false,"campfire_choices":[{"floor":1,"key":"RECALL"},{"data":"Guardian:TwinSlam","floor":8,"key":"SMITH"},{"data":"Guardian:ConstructionForm","floor":10,"key":"SMITH"},{"data":"Guardian:CurlUp","floor":12,"key":"SMITH"},{"data":"Guardian:ConstructionForm","floor":18,"key":"SMITH"},{"data":"Guardian:PolyBeam","floor":28,"key":"SMITH"},{"data":"Guardian:StasisField","floor":35,"key":"SMITH"},{"data":"expansioncontent:QuickStudy","floor":43,"key":"SMITH"},{"data":"Guardian:PiercingHide","floor":47,"key":"SMITH"},{"data":"Guardian:Repulse","floor":54,"key":"SMITH"}],"circlet_count":0,"master_deck":["Guardian:Strike_Guardian","Guardian:Strike_Guardian","Guardian:Defend_Guardian","Guardian:Defend_Guardian","Guardian:Defend_Guardian","Guardian:Defend_Guardian","Guardian:CurlUp+1","Guardian:TwinSlam+1","Guardian:PolyBeam+1","Guardian:Harden","Guardian:ConstructionForm+1","Guardian:Reroute","Guardian:BaubleBeam","Guardian:EvasiveProtocol","Guardian:PiercingHide+1","Guardian:ConstructionForm+1","Guardian:ChargeCore+1","Guardian:Clone","expansioncontent:YouAreMine","Guardian:EvasiveProtocol","Guardian:PiercingHide+1","Guardian:BronzeOrb","Guardian:AncientConstruct","Guardian:SentryBeam","expansioncontent:QuickStudy+1","Guardian:Emergency+1","Guardian:Clone","Guardian:StasisField+1","Guardian:WalkerClaw+1","Guardian:Suspension+1","Guardian:DecasProtection","Guardian:Recover+1","Guardian:Repulse+1"],"relics":["Guardian:ModeShifter","downfall:HeartsMalice","downfall:HeartBlessingRed","Meat on the Bone","Coffee Dripper","Pocketwatch","Kunai","Pantograph","downfall:HeartBlessingBlue","Busted Crown","Happy Flower","MawBank","downfall:HeartBlessingGreen","Vajra","Orichalcum"],"acts_visited":["Exordium","TheCity","TheBeyond","TheEnding"],"potions_floor_usage":[13,31,40,46,49,52,52,52,56,56,56,56,56,56,56,56,56],"damage_taken":[{"damage":0,"enemies":"Jaw Worm","floor":2,"turns":1},{"damage":0,"enemies":"Cultist","floor":3,"turns":1},{"damage":0,"enemies":"downfall:FleeingMerchant","floor":4,"turns":1},{"damage":7,"enemies":"2 Louse","floor":6,"turns":3},{"damage":25,"enemies":"Exordium Thugs","floor":9,"turns":5},{"damage":9,"enemies":"3 Louse","floor":11,"turns":5},{"damage":0,"enemies":"Gremlin Nob","floor":13,"turns":4},{"damage":0,"enemies":"Large Slime","floor":14,"turns":4},{"damage":5,"enemies":"Exordium Thugs","floor":15,"turns":6},{"damage":0,"enemies":"DF_ARCHETYPE_STREAMLINE","floor":16,"turns":11},{"damage":0,"enemies":"Chosen","floor":19,"turns":5},{"damage":0,"enemies":"downfall:FleeingMerchant","floor":20,"turns":4},{"damage":0,"enemies":"3 Byrds","floor":21,"turns":4},{"damage":1,"enemies":"3 Cultists","floor":23,"turns":5},{"damage":0,"enemies":"WA_ARCHETYPE_RETAIN","floor":26,"turns":7},{"damage":10,"enemies":"Gremlin Leader","floor":27,"turns":7},{"damage":0,"enemies":"downfall:FleeingMerchant","floor":30,"turns":4},{"damage":16,"enemies":"Snake Plant","floor":31,"turns":5},{"damage":0,"enemies":"Snecko","floor":32,"turns":7},{"damage":13,"enemies":"IC_MUSHROOM_ARCHETYPE","floor":33,"turns":11},{"damage":0,"enemies":"downfall:FleeingMerchant","floor":36,"turns":4},{"damage":0,"enemies":"3 Shapes","floor":38,"turns":4},{"damage":12,"enemies":"3 Darklings","floor":39,"turns":6},{"damage":26,"enemies":"Reptomancer","floor":40,"turns":9},{"damage":0,"enemies":"Jaw Worm Horde","floor":42,"turns":4},{"damage":0,"enemies":"Maw","floor":44,"turns":8},{"damage":26,"enemies":"Spire Growth","floor":45,"turns":5},{"damage":0,"enemies":"Nemesis","floor":46,"turns":9},{"damage":24,"enemies":"Writhing Mass","floor":48,"turns":8},{"damage":0,"enemies":"Jaw Worm Horde","floor":49,"turns":4},{"damage":0,"enemies":"SI_POISON_ARCHETYPE","floor":50,"turns":13},{"damage":42,"enemies":"downfall:CharBossMerchant","floor":52,"turns":10},{"damage":0,"enemies":"downfall:NeowBoss","floor":55,"turns":13},{"damage":0,"enemies":"downfall:NeowBossFinal","floor":56,"turns":12}],"seed_played":"3521302510261836111","potions_obtained":[{"floor":9,"key":"LiquidMemories"},{"floor":11,"key":"Regen Potion"},{"floor":13,"key":"EntropicBrew"},{"floor":15,"key":"Guardian:AcceleratePotion"},{"floor":19,"key":"Regen Potion"},{"floor":31,"key":"PowerPotion"},{"floor":37,"key":"EntropicBrew"},{"floor":44,"key":"DistilledChaos"},{"floor":46,"key":"BlessingOfTheForge"},{"floor":48,"key":"ColorlessPotion"}],"is_trial":false,"path_per_floor":["R","M","M","$","?","M","T","R","M","R","M","R","E","M","M","B",null,"R","M","$","M","?","M","T","?","?","E","R","?","$","M","M","B",null,"R","$","?","M","M","E","T","M","R","M","M","E","R","M","M","B",null,"E","$","R","B","B",null],"character_chosen":"GUARDIAN","items_purchased":["Guardian:Clone","expansioncontent:YouAreMine","Guardian:Gem_Fragmented","expansioncontent:QuickStudy","Guardian:Gem_Lightblue","Guardian:Repulse","Guardian:Gem_Crimson","Strength Potion","Slimebound:ThreeZeroPotion"],"campfire_rested":0,"item_purchase_floors":[20,20,30,30,36,53,53,53,53],"current_hp_per_floor":[80,80,80,80,80,73,73,73,48,48,39,39,51,51,46,46,80,80,80,80,80,80,79,79,79,79,69,79,79,79,77,77,77,90,90,90,90,90,78,52,52,52,52,52,38,50,50,48,48,73,90,48,48,48,73,90],"gold":20,"neow_bonus":"THREE_ENEMY_KILL","is_daily":false,"chose_seed":false,"campfire_upgraded":9,"win_rate":0.0,"timestamp":1613287355,"path_taken":["R","M","M","$","?","M","T","R","?","R","M","R","E","M","M","BOSS","R","M","$","M","?","?","T","?","?","E","R","?","$","?","M","BOSS","R","$","?","M","M","E","T","M","R","M","M","E","R","?","M","BOSS","E","$","R","BOSS","BOSS"],"items_purchased_type":["Card","Card","Card","Card","Card","Card","Card","Potion","Potion"],"build_version":"2020-12-22","purchased_purges":3,"victory":true,"max_hp_per_floor":[80,80,80,80,80,80,80,80,80,80,80,80,80,80,80,80,80,80,80,80,80,80,80,80,80,80,80,90,90,90,90,90,90,90,90,90,90,90,90,90,90,90,90,90,90,90,90,90,90,90,90,90,90,90,90,90],"card_choices":[{"not_picked":["Guardian:ShieldCharger","Guardian:VentSteam"],"picked":"Guardian:Gem_Fragmented","floor":2},{"not_picked":["Guardian:CrystalBeam","Guardian:WalkerClaw"],"picked":"Guardian:PolyBeam","floor":3},{"not_picked":["Guardian:CrystalBeam","Guardian:TemporalShield"],"picked":"Guardian:Harden","floor":4},{"not_picked":["Guardian:BodySlam","Guardian:PrismaticBeam"],"picked":"Guardian:ConstructionForm","floor":6},{"not_picked":["Guardian:Gem_Cyan","Guardian:ChargeCore"],"picked":"Guardian:Gem_Green","floor":9},{"not_picked":["Guardian:Gem_Blue","Guardian:Gem_Fragmented"],"picked":"Guardian:Reroute","floor":11},{"not_picked":["Guardian:ChargeCore","Guardian:TemporalShield"],"picked":"Guardian:BaubleBeam","floor":13},{"not_picked":["Guardian:Suspension","Guardian:Gem_Green"],"picked":"Guardian:EvasiveProtocol","floor":14},{"not_picked":["Guardian:Reroute","Guardian:WalkerClaw"],"picked":"Guardian:PiercingHide","floor":15},{"not_picked":["Guardian:ExploitGems","Guardian:AncientConstruct"],"picked":"Guardian:ConstructionForm","floor":16},{"not_picked":["Guardian:PiercingHide","Guardian:Gem_Cyan"],"picked":"Guardian:ChargeCore+1","floor":19},{"not_picked":["Guardian:CrystalBeam","Guardian:ShieldCharger","Guardian:Reroute"],"picked":"SKIP","floor":20},{"not_picked":["Guardian:GuardianWhirl","Guardian:WalkerClaw","Guardian:BodySlam"],"picked":"SKIP","floor":21},{"not_picked":["Guardian:GuardianWhirl","Guardian:WalkerClaw","Guardian:BodySlam"],"picked":"SKIP","floor":21},{"not_picked":["Guardian:MultiBeam+1","Guardian:Suspension"],"picked":"Guardian:EvasiveProtocol","floor":23},{"not_picked":["Guardian:Gem_White","Guardian:Incinerate+1"],"picked":"Guardian:PiercingHide+1","floor":26},{"not_picked":["Guardian:RollAttack","Guardian:PrimingBeam"],"picked":"Guardian:BronzeOrb","floor":27},{"not_picked":["Guardian:ArmoredProtocol","Guardian:TemporalStrike"],"picked":"Guardian:SentryBeam","floor":30},{"not_picked":["Guardian:PrismaticBeam+1","Guardian:PiercingHide"],"picked":"Guardian:Emergency+1","floor":31},{"not_picked":["Guardian:Gem_Lightblue","Guardian:Suspension"],"picked":"Guardian:Clone","floor":32},{"not_picked":["Guardian:ExploitGems","Guardian:BaubleBeam"],"picked":"Guardian:StasisField","floor":33},{"not_picked":["Guardian:PrimingBeam"],"picked":"SKIP","floor":36},{"not_picked":[],"picked":"Guardian:WalkerClaw+1","floor":38},{"not_picked":[],"picked":"Guardian:Gem_Blue","floor":39},{"not_picked":["Guardian:HyperBeam_Guardian"],"picked":"SKIP","floor":40},{"not_picked":["Guardian:Emergency"],"picked":"SKIP","floor":42},{"not_picked":["Guardian:Suspension"],"picked":"SKIP","floor":44},{"not_picked":[],"picked":"Guardian:Suspension+1","floor":45},{"not_picked":[],"picked":"Guardian:DecasProtection","floor":46},{"not_picked":[],"picked":"Guardian:Gem_Lightblue","floor":48},{"not_picked":["Guardian:VentSteam"],"picked":"SKIP","floor":49},{"not_picked":[],"picked":"Guardian:Recover+1","floor":52}],"player_experience":617571,"relics_obtained":[{"floor":7,"key":"Blue Candle"},{"floor":13,"key":"Meat on the Bone"},{"floor":26,"key":"Pocketwatch"},{"floor":26,"key":"Kunai"},{"floor":27,"key":"Pantograph"},{"floor":40,"key":"Happy Flower"},{"floor":41,"key":"MawBank"},{"floor":46,"key":"Vajra"},{"floor":52,"key":"Orichalcum"}],"event_choices":[{"damage_healed":0,"gold_gain":100,"player_choice":"Gold","damage_taken":0,"max_hp_gain":0,"max_hp_loss":0,"event_name":"Wheel of Change","floor":5,"gold_loss":0},{"damage_healed":0,"gold_gain":0,"player_choice":"Got Potions","damage_taken":0,"max_hp_gain":0,"max_hp_loss":0,"event_name":"Lab","floor":37,"gold_loss":0}],"is_beta":false,"boss_relics":[{"not_picked":["Fusion Hammer","Astrolabe"],"picked":"Coffee Dripper"},{"not_picked":["Empty Cage","Sozu"],"picked":"Busted Crown"}],"items_purged_floors":[4,30,36],"is_endless":false,"potions_floor_spawned":[9,11,13,15,16,19,23,31,33,38,39,44,46,48],"ascension_level":0}}