{"host":"uexz8m6e0pxi7xat","time":1613268076,"event":{"mods":["BaseMod","Bestiary","Minty Spire (QoL Compilation)","Relic Stats","ojb\u0027s Info Mod"],"gold_per_floor":[113,113,113,113,125,125,157,157,157,186,200,211,226,255,255,334,334,346,359,389,389,406,439,439,9,9,41,41,57,57,75,75,149,149,167,10,20,40,92,121,121,149,149,182,182,199,209,229,229,229,229,229,229,126,157,157],"floor_reached":57,"language":"ENG","playtime":9455,"items_purged":["Writhe"],"score":2979,"play_id":"f43331e4-4c2a-4e33-ac63-f344c32eb330","local_time":"20210214150116","is_ascension_mode":true,"campfire_choices":[{"data":"Blade Dance","floor":6,"key":"SMITH"},{"data":"Poisoned Stab","floor":8,"key":"SMITH"},{"data":"Cloak And Dagger","floor":15,"key":"SMITH"},{"data":"Accuracy","floor":30,"key":"SMITH"},{"data":"After Image","floor":32,"key":"SMITH"},{"data":"Wraith Form v2","floor":41,"key":"SMITH"},{"floor":45,"key":"RECALL"},{"data":"Neutralize","floor":49,"key":"SMITH"},{"data":"Phantasmal Killer","floor":53,"key":"SMITH"}],"circlet_count":0,"master_deck":["AscendersBane","Defend_G","Defend_G","Defend_G","Defend_G","Defend_G","Survivor","Neutralize+1","Blade Dance+1","Quick Slash","Poisoned Stab+1","Calculated Gamble","Dagger Throw","Cloak And Dagger+1","Blade Dance","After Image+1","Dagger Spray+1","Blade Dance","Accuracy+1","Deflect","PiercingWail","Bite","Bite","Bite","Bite","Bite","Phantasmal Killer+1","Terror","Dodge and Roll","Wraith Form v2+1","Predator","Accuracy+1","Backflip+1","Backflip+1","PiercingWail","Blade Dance","Backflip"],"relics":["Ring of the Snake","NeowsBlessing","Pen Nib","Kunai","Smiling Mask","Anchor","Runic Dome","Red Mask","MutagenicStrength","Art of War","Centennial Puzzle","HornCleat","Pantograph","Dream Catcher","Cursed Key","Potion Belt","The Specimen","Bag of Preparation","Happy Flower","Eternal Feather","Blood Vial"],"acts_visited":["Exordium","TheCity","TheBeyond","TheEnding"],"potions_floor_usage":[10,14,23,40,44,51,56,56,56,56],"damage_taken":[{"damage":0,"enemies":"Jaw Worm","floor":1,"turns":1},{"damage":0,"enemies":"Cultist","floor":5,"turns":1},{"damage":0,"enemies":"3 Sentries","floor":7,"turns":1},{"damage":11,"enemies":"Gremlin Nob","floor":10,"turns":3},{"damage":0,"enemies":"2 Louse","floor":11,"turns":2},{"damage":0,"enemies":"Large Slime","floor":12,"turns":3},{"damage":6,"enemies":"Exordium Thugs","floor":13,"turns":5},{"damage":9,"enemies":"3 Sentries","floor":14,"turns":7},{"damage":32,"enemies":"Slime Boss","floor":16,"turns":12},{"damage":0,"enemies":"3 Byrds","floor":18,"turns":5},{"damage":0,"enemies":"2 Thieves","floor":19,"turns":4},{"damage":2,"enemies":"Masked Bandits","floor":20,"turns":3},{"damage":11,"enemies":"Snecko","floor":22,"turns":4},{"damage":0,"enemies":"Book of Stabbing","floor":23,"turns":3},{"damage":10,"enemies":"Gremlin Leader","floor":27,"turns":5},{"damage":0,"enemies":"Snake Plant","floor":29,"turns":3},{"damage":0,"enemies":"Cultist and Chosen","floor":31,"turns":3},{"damage":29,"enemies":"Champ","floor":33,"turns":18},{"damage":1,"enemies":"3 Shapes","floor":35,"turns":3},{"damage":0,"enemies":"3 Darklings","floor":37,"turns":7},{"damage":0,"enemies":"Spire Growth","floor":38,"turns":5},{"damage":7,"enemies":"2 Orb Walkers","floor":39,"turns":3},{"damage":0,"enemies":"Nemesis","floor":40,"turns":5},{"damage":2,"enemies":"Reptomancer","floor":42,"turns":4},{"damage":0,"enemies":"Giant Head","floor":44,"turns":4},{"damage":12,"enemies":"4 Shapes","floor":46,"turns":7},{"damage":19,"enemies":"Transient","floor":47,"turns":6},{"damage":0,"enemies":"Jaw Worm Horde","floor":48,"turns":3},{"damage":65,"enemies":"Awakened One","floor":50,"turns":30},{"damage":24,"enemies":"Time Eater","floor":51,"turns":11},{"damage":40,"enemies":"Shield and Spear","floor":55,"turns":9},{"damage":27,"enemies":"The Heart","floor":56,"turns":8}],"seed_played":"4911798282551583755","potions_obtained":[{"floor":1,"key":"GhostInAJar"},{"floor":3,"key":"BlessingOfTheForge"},{"floor":13,"key":"SkillPotion"},{"floor":14,"key":"SpeedPotion"},{"floor":22,"key":"PowerPotion"},{"floor":27,"key":"Regen Potion"},{"floor":33,"key":"Strength Potion"},{"floor":38,"key":"BlessingOfTheForge"},{"floor":39,"key":"ColorlessPotion"},{"floor":44,"key":"DuplicationPotion"},{"floor":46,"key":"Weak Potion"}],"is_trial":false,"path_per_floor":["M","?","?","$","M","R","E","R","T","E","M","M","M","E","R","B",null,"M","M","?","?","M","E","?","$","T","E","?","M","R","M","R","B",null,"M","$","M","M","?","E","R","E","T","E","R","M","M","M","R","B","B",null,"R","$","E","B",null],"character_chosen":"THE_SILENT","items_purchased":["Centennial Puzzle","HornCleat","Potion Belt","Dexterity Potion"],"campfire_rested":0,"item_purchase_floors":[25,25,36,54],"current_hp_per_floor":[59,59,59,59,59,59,59,59,59,48,48,48,42,33,33,1,50,50,50,48,48,37,37,37,37,37,41,41,45,45,46,46,39,44,45,45,46,46,43,46,46,46,46,46,46,38,31,31,46,19,26,41,46,46,16,25],"gold":157,"neow_bonus":"THREE_ENEMY_KILL","is_daily":false,"chose_seed":false,"campfire_upgraded":8,"win_rate":0.0,"timestamp":1613268076,"path_taken":["M","?","?","$","M","R","E","R","T","E","M","?","M","E","R","BOSS","M","M","?","?","?","E","?","$","T","E","?","M","R","M","R","BOSS","M","$","M","M","?","E","R","E","T","E","R","M","M","M","R","BOSS","BOSS","R","$","E","BOSS"],"items_purchased_type":["Relic","Relic","Relic","Potion"],"build_version":"2020-12-22","purchased_purges":1,"victory":true,"max_hp_per_floor":[66,66,66,66,66,66,66,66,66,66,66,66,66,66,66,66,66,66,66,66,66,66,66,46,46,46,46,46,46,46,46,46,46,46,46,46,46,46,46,46,46,46,46,46,46,46,46,46,46,46,46,46,46,46,46,46],"relic_stats":{"Happy Flower":[26],"counters":[32,188],"Eternal Feather":20,"Pen Nib":[68],"Bag of Preparation":[18],"Smiling Mask":25,"Cursed Key":1,"Blood Vial":2,"Centennial Puzzle":[30],"Dream Catcher":0,"Pantograph":50,"Art of War":[7],"Kunai":[171],"obtain_stats":[{"Potion Belt":36,"NeowsBlessing":0,"The Specimen":39,"Happy Flower":42,"Eternal Feather":44,"Pen Nib":7,"Bag of Preparation":40,"Smiling Mask":10,"Cursed Key":34,"Blood Vial":55,"Runic Dome":17,"Anchor":14,"Centennial Puzzle":25,"Dream Catcher":27,"HornCleat":25,"MutagenicStrength":21,"Pantograph":26,"Red Mask":20,"Art of War":23,"Kunai":9,"Ring of the Snake":0},{"Potion Belt":19,"NeowsBlessing":0,"The Specimen":22,"Happy Flower":24,"Eternal Feather":25,"Pen Nib":3,"Bag of Preparation":23,"Smiling Mask":4,"Cursed Key":18,"Blood Vial":31,"Runic Dome":9,"Anchor":8,"Centennial Puzzle":14,"Dream Catcher":15,"HornCleat":14,"MutagenicStrength":12,"Pantograph":14,"Red Mask":12,"Art of War":14,"Kunai":3,"Ring of the Snake":0},{"Potion Belt":86,"NeowsBlessing":0,"The Specimen":101,"Happy Flower":110,"Eternal Feather":114,"Pen Nib":3,"Bag of Preparation":106,"Smiling Mask":6,"Cursed Key":83,"Blood Vial":180,"Runic Dome":35,"Anchor":23,"Centennial Puzzle":54,"Dream Catcher":59,"HornCleat":54,"MutagenicStrength":47,"Pantograph":54,"Red Mask":47,"Art of War":54,"Kunai":3,"Ring of the Snake":0}],"Ring of the Snake":[64]},"card_choices":[{"not_picked":["Bouncing Flask","Deflect"],"picked":"Blade Dance","floor":1},{"not_picked":["PiercingWail","Footwork"],"picked":"Quick Slash","floor":5},{"not_picked":["Distraction","Sucker Punch"],"picked":"Poisoned Stab","floor":7},{"not_picked":["Cloak And Dagger","Deadly Poison"],"picked":"Calculated Gamble","floor":10},{"not_picked":["Reflex","Setup"],"picked":"Dagger Throw","floor":11},{"not_picked":["PiercingWail","Deflect"],"picked":"Cloak And Dagger","floor":12},{"not_picked":["Caltrops","Deadly Poison","Poisoned Stab"],"picked":"SKIP","floor":13},{"not_picked":["Riddle With Holes","Slice"],"picked":"Blade Dance","floor":14},{"not_picked":["Malaise","Burst"],"picked":"After Image","floor":16},{"not_picked":["Accuracy","Poisoned Stab"],"picked":"Dagger Spray+1","floor":18},{"not_picked":["Acrobatics","Prepared"],"picked":"Blade Dance","floor":19},{"not_picked":["Dagger Throw","Endless Agony"],"picked":"Accuracy","floor":20},{"not_picked":["Caltrops","Prepared"],"picked":"Deflect","floor":22},{"not_picked":["Dash","Glass Knife"],"picked":"PiercingWail","floor":23},{"not_picked":["Dash","Underhanded Strike"],"picked":"Phantasmal Killer","floor":27},{"not_picked":["Setup","Heel Hook"],"picked":"Terror","floor":29},{"not_picked":["Infinite Blades","Predator"],"picked":"Dodge and Roll","floor":31},{"not_picked":["Unload","A Thousand Cuts"],"picked":"Wraith Form v2","floor":33},{"not_picked":["Outmaneuver","Dagger Throw","Sucker Punch"],"picked":"SKIP","floor":35},{"not_picked":["Outmaneuver+1","Deflect"],"picked":"Predator","floor":37},{"not_picked":["Cloak And Dagger","Blade Dance"],"picked":"Accuracy+1","floor":38},{"not_picked":["Underhanded Strike+1","Prepared+1","Deflect"],"picked":"SKIP","floor":40},{"not_picked":["Quick Slash","Dagger Throw"],"picked":"Backflip+1","floor":42},{"not_picked":["Predator","Riddle With Holes"],"picked":"Backflip+1","floor":44},{"not_picked":["Underhanded Strike+1","Blade Dance"],"picked":"PiercingWail","floor":46},{"not_picked":["Bane","Noxious Fumes","Sucker Punch"],"picked":"SKIP","floor":47},{"not_picked":["Poisoned Stab+1","Glass Knife"],"picked":"Blade Dance","floor":48},{"not_picked":["Outmaneuver","Dodge and Roll"],"picked":"Backflip","floor":55}],"player_experience":1015386,"relics_obtained":[{"floor":7,"key":"Pen Nib"},{"floor":9,"key":"Kunai"},{"floor":10,"key":"Smiling Mask"},{"floor":14,"key":"Anchor"},{"floor":20,"key":"Red Mask"},{"floor":23,"key":"Art of War"},{"floor":26,"key":"Pantograph"},{"floor":27,"key":"Dream Catcher"},{"floor":39,"key":"The Specimen"},{"floor":40,"key":"Bag of Preparation"},{"floor":42,"key":"Happy Flower"},{"floor":44,"key":"Eternal Feather"},{"floor":55,"key":"Blood Vial"}],"event_choices":[{"damage_healed":0,"gold_gain":0,"player_choice":"Leave","damage_taken":0,"max_hp_gain":0,"max_hp_loss":0,"event_name":"The Cleric","floor":2,"gold_loss":0},{"damage_healed":0,"gold_gain":0,"player_choice":"Got Potions","damage_taken":0,"max_hp_gain":0,"max_hp_loss":0,"event_name":"Lab","floor":3,"gold_loss":0},{"damage_healed":0,"gold_gain":0,"player_choice":"Fought Bandits","damage_taken":0,"max_hp_gain":0,"max_hp_loss":0,"event_name":"Masked Bandits","floor":20,"gold_loss":0},{"damage_healed":0,"gold_gain":0,"player_choice":"Inject Mutagens","damage_taken":0,"relics_obtained":["MutagenicStrength"],"max_hp_gain":0,"max_hp_loss":0,"event_name":"Drug Dealer","floor":21,"gold_loss":0},{"damage_healed":0,"gold_gain":0,"player_choice":"Became a vampire","damage_taken":0,"max_hp_gain":0,"max_hp_loss":20,"event_name":"Vampires","floor":24,"gold_loss":0,"cards_obtained":["Bite","Bite","Bite","Bite","Bite"]},{"damage_healed":0,"gold_gain":0,"player_choice":"Fight","damage_taken":0,"max_hp_gain":0,"max_hp_loss":0,"event_name":"Mysterious Sphere","floor":39,"gold_loss":0}],"is_beta":false,"boss_relics":[{"not_picked":["Calling Bell","SlaversCollar"],"picked":"Runic Dome"},{"not_picked":["Empty Cage","Philosopher\u0027s Stone"],"picked":"Cursed Key"}],"items_purged_floors":[54],"is_endless":false,"potions_floor_spawned":[1,5,7,13,14,20,22,27,33,35,38,39,44,46,47,55],"ascension_level":20}}