{"host":"ocll6kdfqxraqtza","time":1613302136,"event":{"mods":["2.2 Compatiblity","Act Like it!","Arknights","Aspiration","BaseMod","Better Third Choice","Gensokyo","Hallownest","Hermit","Hubris","Jorbs\u0027s Wanderer Trilogy","Luminous","Marisa（霧雨　魔理沙）","Minty Spire (QoL Compilation)","Reimu（博??梦）","Reliquary","Replay The Spire","Shade Mod","StSLib","The Alterego","The Bug Knight","The Cursed","The Hierophant","The Marked","The Runesmith","TheBandit","Wandering Minibosses"],"gold_per_floor":[214,164,50,77,37,70,83,83,83,83,414,589,623,643,643,745,745,759,759,759,759,777,777,810,810,810,821,850,867,867,827,827,922,922,934,929,929,529,541,541,558,575,575,575,199,199,230,242,242,242,242,242,39,67,67,67],"floor_reached":55,"language":"ENG","playtime":6047,"items_purged":["Strike_B","Defend_B","Doubt"],"score":1575,"play_id":"28c1a0ff-a6b0-43d0-8622-4b6e033bcfd8","local_time":"20210214192856","is_ascension_mode":true,"campfire_choices":[{"data":"1","floor":8,"key":"LIFT"},{"data":"2","floor":10,"key":"LIFT"},{"data":"3","floor":15,"key":"LIFT"},{"data":"ReplayTheSpireMod:Omega Cannon","floor":23,"key":"SMITH"},{"data":"Zap","floor":25,"key":"SMITH"},{"data":"Hologram","floor":30,"key":"SMITH"},{"data":"Dualcast","floor":32,"key":"SMITH"},{"floor":40,"key":"RECALL"},{"data":"Burst","floor":49,"key":"SMITH"}],"circlet_count":0,"master_deck":["Strike_B+1","Defend_B+1","Zap+1","Dualcast+1","Conserve Battery","Beam Cell+1","Sweeping Beam","Leap","Melter+1","All For One","Compile Driver","ReplayTheSpireMod:Omega Cannon+1","Scrape+1","Beam Cell+1","Redo+1","ReplaySolidLightProjector+1","Hologram+1","Go for the Eyes+1","Self Repair+1","Thunder Strike+1","Chaos+1","Gensokyo:UnhurriedMind+1","Burst+1","Sucker Punch","Riddle With Holes","Redo+1","Auto Shields","Stack+1","Recycle+1","Leap+1","Cold Snap+1"],"relics":["FrozenCore","PaintedHorse:ReiMu","Girya","Old Coin","Omamori","reliquary:RedPaperclip","Replay:WaspNest","hubris:BottledHeart","aspiration:HummingbirdHeart","hubris:GlazedTorus","Replay:Multitool","reliquary:Conveyor","Ice Cream","aspiration:FrozenJewel","Gensokyo:EmptyGrave","Torii","hubris:Towel","Replay:Frozen Program","Whetstone"],"acts_visited":["Exordium","TheCity","Gensokyo:Gensokyoest","TheEnding"],"potions_floor_usage":[16,55],"damage_taken":[{"damage":4.0,"enemies":"ats:Genji","floor":1.0,"turns":4.0},{"damage":20,"enemies":"Lagavulin","floor":6,"turns":4},{"damage":2,"enemies":"Jaw Worm","floor":7,"turns":3},{"damage":5,"enemies":"3 Sentries","floor":11,"turns":5},{"damage":0,"enemies":"Replay:BlueRogue","floor":13,"turns":3},{"damage":0,"enemies":"Small Slimes","floor":14,"turns":2},{"damage":9,"enemies":"The Guardian","floor":16,"turns":9},{"damage":7,"enemies":"Chosen","floor":18,"turns":2},{"damage":0,"enemies":"Spheric Guardian","floor":22,"turns":2},{"damage":0,"enemies":"Slavers","floor":24,"turns":1},{"damage":0,"enemies":"Centurion and Healer","floor":27,"turns":2},{"damage":0,"enemies":"HollowMod:Nosk","floor":28,"turns":4},{"damage":0,"enemies":"3 Cultists","floor":29,"turns":3},{"damage":0,"enemies":"Cultist and Chosen","floor":31,"turns":5},{"damage":0,"enemies":"Pondfish","floor":33,"turns":7},{"damage":0,"enemies":"Gensokyo:3_Boulders","floor":35,"turns":6},{"damage":0,"enemies":"Gensokyo:3_Boulders","floor":36,"turns":9},{"damage":0,"enemies":"Gensokyo:AncientGuardian","floor":39,"turns":2},{"damage":0,"enemies":"Gensokyo:Dusk_and_Dawn","floor":41,"turns":2},{"damage":0,"enemies":"Gensokyo:Rafflesia","floor":42,"turns":6},{"damage":0,"enemies":"Gensokyo:Kasen","floor":47,"turns":6},{"damage":0,"enemies":"Gensokyo:4_Bats","floor":48,"turns":3},{"damage":0,"enemies":"Gensokyo:Shinki","floor":50,"turns":8},{"damage":0,"enemies":"Shield and Spear","floor":54,"turns":4},{"damage":1,"enemies":"The Heart","floor":55,"turns":5}],"seed_played":"-7731774028017953406","potions_obtained":[{"floor":1.0,"key":"ZuzhouPotion:ReiMu"},{"floor":11,"key":"Swift Potion"},{"floor":16,"key":"ZuzhouPotion:ReiMu"},{"floor":22,"key":"Doom Potion"},{"floor":24,"key":"Elixir"},{"floor":29,"key":"GrandPatriotsElixir:ReiMu"},{"floor":33,"key":"GamblersBrew"},{"floor":41,"key":"SneckoOil"},{"floor":47,"key":"Swift Potion"},{"floor":48,"key":"Fire Potion"}],"is_trial":false,"path_per_floor":["M","?","$","T","?","E","M","R","T","R","E","?","E","M","R","B",null,"M","?","?","?","M","R","E","R","T","M","E","M","R","M","R","B",null,"M","?","?","$","M","R","M","M","T","?","$","?","E","M","R","B",null,"R","$","E","B"],"character_chosen":"DEFECT","items_purchased":["Beam Cell+1","reliquary:Conveyor","aspiration:FrozenJewel","Replay:Frozen Program","PowerPotion"],"campfire_rested":0,"item_purchase_floors":[3,38,45,53,53],"current_hp_per_floor":[71,71,71,71,71,51,49,49,49,49,44,44,44,44,44,35,65,58,58,1,1,1,1,1,1,1,1,1,1,1,1,1,1,1,1,1,1,1,1,1,1,1,1,1,1,1,1,1,1,1,1,1,1,1,0,0],"gold":67,"neow_bonus":"HUNDRED_GOLD","is_daily":false,"chose_seed":false,"campfire_upgraded":5,"win_rate":0.0,"timestamp":1613302136,"path_taken":["M","?","$","?","?","E","M","R","T","R","E","?","E","M","R","BOSS","M","?","?","?","?","R","E","R","T","M","E","?","R","M","R","BOSS","M","?","?","$","?","R","M","?","T","?","?","?","E","M","R","BOSS","R","$","E","BOSS"],"items_purchased_type":["Card","Relic","Relic","Relic","Potion"],"build_version":"2020-12-22","purchased_purges":3,"victory":false,"max_hp_per_floor":[75,75,75,75,75,75,75,75,75,75,75,75,75,75,75,75,75,75,75,1,1,1,1,1,1,1,1,1,1,1,1,1,1,1,1,1,1,1,1,1,1,1,1,1,1,1,1,1,1,1,1,1,1,1,1,1],"card_choices":[{"not_picked":["Blizzard","Steam"],"picked":"Conserve Battery","floor":1.0},{"not_picked":["Stack","Chaos"],"picked":"Sweeping Beam","floor":6},{"not_picked":["Steam","hubris:PowerSurge"],"picked":"Leap","floor":7},{"not_picked":["Reboot","Heatsinks"],"picked":"Melter","floor":11},{"not_picked":["Loop","Ball Lightning"],"picked":"All For One","floor":13},{"not_picked":["hubris:Ukulele","Redo"],"picked":"Compile Driver","floor":14},{"not_picked":["Thunder Strike","Buffer"],"picked":"ReplayTheSpireMod:Omega Cannon","floor":16},{"not_picked":["Blizzard","Compile Driver"],"picked":"Scrape+1","floor":18},{"not_picked":["Steam","Lockon"],"picked":"Redo+1","floor":22},{"not_picked":["Reboot","Consume+1"],"picked":"ReplaySolidLightProjector+1","floor":24},{"not_picked":["Sweeping Beam","Beam Cell"],"picked":"Hologram","floor":27},{"not_picked":["Meteor Strike","Beam Cell"],"picked":"Go for the Eyes+1","floor":28},{"not_picked":["Redo","Sweeping Beam"],"picked":"Self Repair+1","floor":29},{"not_picked":["Genetic Algorithm","Beam Cell","Glacier"],"picked":"SKIP","floor":31},{"not_picked":["Hyperbeam","hubris:Prefetch"],"picked":"Thunder Strike","floor":33},{"not_picked":["Auto Shields+1","Cold Snap+1"],"picked":"Chaos+1","floor":35},{"not_picked":["Gensokyo:UnlikelyAid+1","Gensokyo:LifeSpringInfinity+1"],"picked":"Gensokyo:UnhurriedMind+1","floor":36},{"not_picked":["Conserve Battery","hubris:DoWhile"],"picked":"Redo+1","floor":39},{"not_picked":["Doom and Gloom","Hologram"],"picked":"Auto Shields","floor":41},{"not_picked":["Go for the Eyes+1","Turbo"],"picked":"Stack+1","floor":42},{"not_picked":["Streamline","Gash+1"],"picked":"Recycle+1","floor":47},{"not_picked":["Hologram","Turbo+1"],"picked":"Leap+1","floor":48},{"not_picked":["Ball Lightning","Streamline"],"picked":"Cold Snap+1","floor":54}],"player_experience":543432,"relics_obtained":[{"floor":4,"key":"Simple Rune"},{"floor":6,"key":"Girya"},{"floor":9,"key":"hubris:CrystalStatue"},{"floor":11,"key":"Old Coin"},{"floor":13,"key":"Omamori"},{"floor":24,"key":"reliquary:FerryPass"},{"floor":26,"key":"aspiration:HummingbirdHeart"},{"floor":28,"key":"hubris:GlazedTorus"},{"floor":33,"key":"Replay:Multitool"},{"floor":47,"key":"Torii"},{"floor":54,"key":"Whetstone"}],"event_choices":[{"cards_removed":["Defend_B"],"damage_healed":0.0,"max_hp_gain":0.0,"max_hp_loss":0.0,"gold_gain":0.0,"event_name":"The Cleric","player_choice":"Card Removal","floor":2.0,"gold_loss":50.0,"damage_taken":0.0},{"damage_healed":0,"gold_gain":0,"player_choice":"Donate","damage_taken":0,"relics_obtained":["PaintedHorse:ReiMu"],"max_hp_gain":0,"max_hp_loss":0,"event_name":"yidonshenshe","floor":5,"gold_loss":40},{"damage_healed":0,"gold_gain":175,"player_choice":"AGREE","damage_taken":414,"max_hp_gain":0,"max_hp_loss":0,"event_name":"betterThird:BetterSerpent","floor":12,"gold_loss":0},{"damage_healed":0,"gold_gain":0,"player_choice":"Copied","damage_taken":0,"max_hp_gain":0,"max_hp_loss":0,"event_name":"Duplicator","floor":21,"gold_loss":0,"cards_obtained":["Beam Cell"]}],"is_beta":false,"boss_relics":[{"not_picked":["Replay:Grab Bag","aspiration:PoetsPen_weak"],"picked":"reliquary:RedPaperclip"},{"not_picked":["Ring of Chaos","Astrolabe"],"picked":"FrozenCore"}],"items_purged_floors":[3,38,45],"is_endless":false,"potions_floor_spawned":[1,11,16,22,24,29,33,41,47,48],"killed_by":"The Heart","ascension_level":5}}