{"host":"czzthkrvfe6r7fjf","time":1613294622,"event":{"mods":["ATMod(∞¢Ë™Mod)","Act Like it!","BaseMod","Downfall","GungeonMod","Marisa£®ÏF”Í°°ƒß¿Ì…≥£©","Minty Spire (QoL Compilation)","Quick Restart","StSLib","The Servant 0.9.4","Waifu the Spire","°æπ¶ƒ‹Mod°øªÏ„Á÷Æª∑–ﬁ∏¥≤π∂°"],"gold_per_floor":[119,119,132,2,17,44,44,78,78,104,129,160,174,236,236,334,334,344,344,117,131,151,183,183,215,215,215,215,240,240,254,254,353,353,367,402,402,451,462,513,553,584,608,637,672,672,72,107,119,131],"floor_reached":51,"language":"ZHS","playtime":1838,"items_purged":["Strike_MRS","Strike_MRS"],"score":1783,"play_id":"4ef32719-72ce-4574-a270-dbba4bd3b86d","local_time":"20210214172342","is_ascension_mode":true,"campfire_choices":[{"data":"Acceleration","floor":7.0,"key":"SMITH"},{"data":"AT_FocusSwordFire","floor":15.0,"key":"SMITH"},{"data":"1","floor":24.0,"key":"LIFT"},{"data":"2","floor":28.0,"key":"LIFT"},{"data":"3","floor":32.0,"key":"LIFT"},{"floor":46,"key":"REST"},{"data":"MagicChant","floor":49,"key":"SMITH"}],"circlet_count":0,"master_deck":["Strike_MRS","Strike_MRS","Defend_MRS","Defend_MRS+1","Defend_MRS+1","MasterSpark","UpSweep","AT_FocusSwordFire+1","GrandCross","DC","Acceleration+1","GrandCross","MagicChant+1","MillisecondPulsars","MysteriousBeam","Necronomicurse","MeteoricShower+1","WitchOfGreed+1","ManaConvection","Singularity+1","Acceleration+1","EventHorizon+1"],"relics":["MiniHakkero","AT_ATBox","NeowsBlessing","Prayer Wheel","Bronze Scales","Meat on the Bone","Strawberry","DemoMod:ChaffGrenade","Nunchaku","Lantern","DemoMod:PoisonVial","AT_LudenTempest","AT_TrinityForce","Necronomicon","Frozen Eye","Girya","Bottled Flame","DemoMod:MonsterBlood","Bottled Lightning","SacredBark","MagicBroom","AT_GoldPhoenixTree","DemoMod:GlassGuonStoneRelic","War Paint","Orichalcum","Happy Flower","DemoMod:DecoyRelic","DemoMod:PinkGuonStone","MawBank"],"acts_visited":["Exordium","TheCity","TheBeyond"],"potions_floor_usage":[50,50],"damage_taken":[{"damage":0.0,"enemies":"Cultist","floor":1.0,"turns":1.0},{"damage":0.0,"enemies":"2 Louse","floor":3.0,"turns":1.0},{"damage":0.0,"enemies":"Jaw Worm","floor":5.0,"turns":1.0},{"damage":10.0,"enemies":"3 Sentries","floor":6.0,"turns":8.0},{"damage":7.0,"enemies":"Gremlin Nob","floor":8.0,"turns":3.0},{"damage":15.0,"enemies":"Lagavulin","floor":10.0,"turns":5.0},{"damage":10.0,"enemies":"3 Sentries","floor":12.0,"turns":6.0},{"damage":0.0,"enemies":"Looter","floor":13.0,"turns":2.0},{"damage":8.0,"enemies":"3 Sentries","floor":14.0,"turns":4.0},{"damage":0.0,"enemies":"Slime Boss","floor":16.0,"turns":4.0},{"damage":0.0,"enemies":"Spheric Guardian","floor":18.0,"turns":1.0},{"damage":0.0,"enemies":"2 Thieves","floor":21.0,"turns":1.0},{"damage":0.0,"enemies":"Snake Plant","floor":22.0,"turns":1.0},{"damage":11.0,"enemies":"Book of Stabbing","floor":23.0,"turns":2.0},{"damage":14.0,"enemies":"Slavers","floor":25.0,"turns":2.0},{"damage":0.0,"enemies":"Gremlin Leader","floor":29.0,"turns":1.0},{"damage":0.0,"enemies":"Centurion and Healer","floor":31.0,"turns":1.0},{"damage":0.0,"enemies":"Automaton","floor":33.0,"turns":3.0},{"damage":24.0,"enemies":"3 Shapes","floor":35.0,"turns":1.0},{"damage":0.0,"enemies":"3 Darklings","floor":36.0,"turns":2.0},{"damage":0.0,"enemies":"2 Orb Walkers","floor":38.0,"turns":1.0},{"damage":0.0,"enemies":"Jaw Worm Horde","floor":39.0,"turns":1.0},{"damage":8.0,"enemies":"Giant Head","floor":40.0,"turns":3.0},{"damage":25.0,"enemies":"Maw","floor":41.0,"turns":3.0},{"damage":0.0,"enemies":"Nemesis","floor":42.0,"turns":1.0},{"damage":0,"enemies":"Giant Head","floor":44,"turns":3},{"damage":0,"enemies":"3 Darklings","floor":45,"turns":2},{"damage":0,"enemies":"Nemesis","floor":48,"turns":1},{"damage":0,"enemies":"Time Eater","floor":50,"turns":5}],"seed_played":"1199478051922498223","potions_obtained":[{"floor":5.0,"key":"Guardian:BlockOnCardUsePotion"},{"floor":6.0,"key":"Strength Potion"},{"floor":14.0,"key":"Explosive Potion"},{"floor":18.0,"key":"GamblersBrew"},{"floor":21.0,"key":"DemoMod:LeadSkinPotion"},{"floor":25.0,"key":"DemoMod:LeadSkinPotion"},{"floor":35.0,"key":"DistilledChaos"},{"floor":36.0,"key":"SkillPotion"},{"floor":40.0,"key":"Guardian:BlockOnCardUsePotion"},{"floor":40.0,"key":"BlessingOfTheForge"},{"floor":44,"key":"Fire Potion"},{"floor":45,"key":"Dexterity Potion"}],"is_trial":false,"path_per_floor":["M","T","M","?","M","E","R","E","T","E","T","E","M","?","R","B",null,"M","?","$","M","M","E","R","E","T","?","R","E","?","M","R","B",null,"M","M","?","?","M","E","M","E","T","E","M","R","$","E","R","B",null],"character_chosen":"MARISA","items_purchased":["Frozen Eye","DemoMod:DecoyRelic","DemoMod:PinkGuonStone"],"campfire_rested":1,"item_purchase_floors":[20,47,47],"current_hp_per_floor":[68,68,68,68,68,58,58,58,58,43,43,45,45,49,49,49,74,74,58,58,58,58,47,47,45,52,52,52,52,52,52,52,52,80,56,56,56,56,56,48,35,47,47,47,47,73,80,80,80,80],"gold":143,"neow_bonus":"THREE_ENEMY_KILL","is_daily":false,"chose_seed":false,"campfire_upgraded":3,"win_rate":0.0,"timestamp":1613294622,"path_taken":["M","?","M","?","?","E","R","E","T","E","?","E","M","?","R","BOSS","M","?","$","M","M","E","R","E","T","?","R","E","?","M","R","BOSS","M","M","?","?","M","E","M","E","T","E","M","R","$","E","R","BOSS"],"items_purchased_type":["Relic","Relic","Relic"],"build_version":"2020-12-22","purchased_purges":2,"victory":true,"max_hp_per_floor":[75,75,75,75,75,75,75,82,82,82,82,82,82,82,82,82,82,82,82,82,82,82,82,82,82,89,89,89,89,89,89,89,89,89,89,89,89,89,89,89,89,89,89,89,89,89,96,96,96,96],"card_choices":[{"not_picked":["WitchOfGreed","PowerUp"],"picked":"GrandCross","floor":1.0},{"not_picked":["ChargingUp","ShootingEcho"],"picked":"DC","floor":3.0},{"not_picked":["IllusionStar","GravityBeat"],"picked":"Acceleration","floor":3.0},{"not_picked":["AsteroidBelt","PowerUp"],"picked":"GrandCross","floor":5.0},{"not_picked":["MagicAbsorber","GalacticHalo","Robbery"],"picked":"SKIP","floor":5.0},{"not_picked":["FairyDestructionRay","DoubleSpark"],"picked":"MagicChant","floor":6.0},{"not_picked":["ShootTheMoon","Robbery","MagicAbsorber"],"picked":"SKIP","floor":8.0},{"not_picked":["SporeBomb","MysteriousBeam"],"picked":"MillisecondPulsars","floor":10.0},{"not_picked":["FairyDestructionRay","MagicChant"],"picked":"MysteriousBeam","floor":12.0},{"not_picked":["EnergyFlow","NonDirectionalLaser","BlazeAway"],"picked":"SKIP","floor":13.0},{"not_picked":["BlazeAway","LuminesStrike","GravityBeat"],"picked":"SKIP","floor":13.0},{"not_picked":["WitchLeyline","GasGiant+1","SporeBomb"],"picked":"SKIP","floor":18.0},{"not_picked":["SporeBomb","NonDirectionalLaser+1","IllusionStar"],"picked":"SKIP","floor":18.0},{"not_picked":["NonDirectionalLaser","FairyDestructionRay+1","EnergyFlow+1"],"picked":"SKIP","floor":21.0},{"not_picked":["DarkMatter","MillisecondPulsars","ShootingEcho"],"picked":"SKIP","floor":21.0},{"not_picked":["IllusionStar+1","AsteroidBelt","UnstableBomb+1"],"picked":"SKIP","floor":22.0},{"not_picked":["WitchLeyline","SporeBomb+1","LuminesStrike"],"picked":"SKIP","floor":22.0},{"not_picked":["6A","MilkyWay","GalacticHalo"],"picked":"SKIP","floor":23.0},{"not_picked":["OpenUniverse","WitchOfGreed"],"picked":"MeteoricShower+1","floor":25.0},{"not_picked":["EscapeVelocity","IllusionStar+1","OortCloud"],"picked":"SKIP","floor":29.0},{"not_picked":["EscapeVelocity","IllusionStar+1","OortCloud"],"picked":"SKIP","floor":29.0},{"not_picked":["ShootTheMoon","ChargeUpSpray+1","DoubleSpark"],"picked":"SKIP","floor":31.0},{"not_picked":["WitchOfGreed","GrandCross","RefractionSpark+1"],"picked":"SKIP","floor":31.0},{"not_picked":["UnstableBomb","OrrerysSun"],"picked":"WitchOfGreed+1","floor":35.0},{"not_picked":["GravityBeat+1","ChargingUp"],"picked":"ManaConvection","floor":35.0},{"not_picked":["6A","IllusionStar+1","Robbery"],"picked":"SKIP","floor":36.0},{"not_picked":["AsteroidBelt","OpenUniverse+1","EscapeVelocity"],"picked":"SKIP","floor":36.0},{"not_picked":["LuminesStrike","DarkSpark+1"],"picked":"Singularity+1","floor":38.0},{"not_picked":["MilkyWay","SprinkleStarSeal"],"picked":"Acceleration+1","floor":39.0},{"not_picked":["AsteroidBelt+1","WitchOfGreed","UnstableBomb+1"],"picked":"SKIP","floor":39.0},{"not_picked":["EnergyFlow+1","EscapeVelocity","DarkMatter"],"picked":"SKIP","floor":40.0},{"not_picked":["UnstableBomb+1","EnergyFlow+1"],"picked":"EventHorizon+1","floor":41.0},{"not_picked":["GalacticHalo+1","MysteriousBeam+1","StarlightTyphoon"],"picked":"SKIP","floor":41.0},{"not_picked":["WitchOfGreed+1","MachineGunSpark+1","NonDirectionalLaser+1"],"picked":"SKIP","floor":42.0},{"not_picked":["MysteriousBeam","UnstableBomb+1","6A"],"picked":"SKIP","floor":44},{"not_picked":["MilkyWay+1","SporeBomb+1","EnergyFlow+1"],"picked":"SKIP","floor":45},{"not_picked":["MaximisePower","GrandCross+1","MilkyWay+1"],"picked":"SKIP","floor":45},{"not_picked":["SporeBomb","Acceleration","OortCloud"],"picked":"SKIP","floor":48}],"player_experience":221006,"relics_obtained":[{"floor":2.0,"key":"Prayer Wheel"},{"floor":6.0,"key":"Meat on the Bone"},{"floor":8.0,"key":"Strawberry"},{"floor":9.0,"key":"DemoMod:ChaffGrenade"},{"floor":10.0,"key":"Nunchaku"},{"floor":11.0,"key":"Lantern"},{"floor":12.0,"key":"DemoMod:PoisonVial"},{"floor":14.0,"key":"AT_LudenTempest"},{"floor":19.0,"key":"Necronomicon"},{"floor":23.0,"key":"Girya"},{"floor":25.0,"key":"Bottled Flame"},{"floor":26.0,"key":"DemoMod:MonsterBlood"},{"floor":29.0,"key":"Bottled Lightning"},{"floor":38.0,"key":"MagicBroom"},{"floor":40.0,"key":"AT_GoldPhoenixTree"},{"floor":42.0,"key":"War Paint"},{"floor":43.0,"key":"Orichalcum"},{"floor":44,"key":"Happy Flower"},{"floor":48,"key":"MawBank"}],"event_choices":[{"damage_healed":0.0,"max_hp_gain":0.0,"max_hp_loss":0.0,"gold_gain":0.0,"event_name":"WeMeetAgain","player_choice":"Paid Gold","floor":4.0,"gold_loss":130.0,"damage_taken":0.0,"relics_obtained":["Bronze Scales"]},{"damage_healed":0.0,"max_hp_gain":0.0,"max_hp_loss":0.0,"gold_gain":30.0,"event_name":"Dead Adventurer","player_choice":"Searched \u00273\u0027 times","floor":14.0,"gold_loss":0.0,"damage_taken":0.0},{"damage_healed":0.0,"max_hp_gain":0.0,"max_hp_loss":0.0,"gold_gain":0.0,"event_name":"Cursed Tome","player_choice":"Obtained Book","floor":19.0,"gold_loss":0.0,"damage_taken":16.0},{"damage_healed":0.0,"max_hp_gain":0.0,"max_hp_loss":0.0,"gold_gain":0.0,"event_name":"Lab","player_choice":"Got Potions","floor":30.0,"gold_loss":0.0,"damage_taken":0.0},{"cards_removed":["Defend_MRS"],"damage_healed":0.0,"max_hp_gain":0.0,"max_hp_loss":0.0,"gold_gain":0.0,"event_name":"Falling","player_choice":"Removed Skill","floor":37.0,"gold_loss":0.0,"damage_taken":0.0},{"damage_healed":0.0,"max_hp_gain":0.0,"max_hp_loss":0.0,"gold_gain":0.0,"event_name":"Mysterious Sphere","player_choice":"Fight","floor":38.0,"gold_loss":0.0,"damage_taken":0.0}],"is_beta":false,"boss_relics":[{"not_picked":["Empty Cage","RampagingMagicTools"],"picked":"AT_TrinityForce"},{"not_picked":["Fusion Hammer","Busted Crown"],"picked":"SacredBark"}],"items_purged_floors":[20,47],"is_endless":false,"potions_floor_spawned":[5,6,14,18,21,23,25,35,40,41,44,45,48],"ascension_level":9}}