{"host":"vyffo8oc0x9el8u6","time":1613309939,"event":{"mods":["BaseMod","Dio Mod","GungeonMod","Minty Spire (QoL Compilation)","StSLib","TheHero"],"gold_per_floor":[115,31,42,57,27,27,44,59,59,59,76,76,76,55,55,55,55],"floor_reached":16,"language":"RUS","playtime":1745,"items_purged":[],"score":94,"play_id":"8f15f673-31dc-4d2d-a5c2-03e9589cabf7","local_time":"20210214163859","is_ascension_mode":false,"campfire_choices":[{"data":"dioMod:BlendIn","floor":6.0,"key":"SMITH"},{"floor":10.0,"key":"REST"},{"data":"dioMod:BloodShield","floor":13,"key":"SMITH"},{"floor":15,"key":"REST"}],"circlet_count":0,"master_deck":["dioMod:Strike","dioMod:Strike","dioMod:Strike","dioMod:Strike","Bite","dioMod:Defend","dioMod:Defend","dioMod:Defend","dioMod:Defend","dioMod:HeavyLifting","dioMod:BlendIn+1","dioMod:DarkRebirth","dioMod:DominatingPresence","dioMod:LaserVision","dioMod:Muda","dioMod:WRYYY","dioMod:BloodShield+1","dioMod:Diversion"],"relics":["dioMod:VampireBlood","Eternal Feather"],"acts_visited":[],"potions_floor_usage":[16,16,16],"damage_taken":[{"damage":11.0,"enemies":"Jaw Worm","floor":1.0,"turns":5.0},{"damage":5.0,"enemies":"Small Slimes","floor":3.0,"turns":6.0},{"damage":13.0,"enemies":"2 Louse","floor":4.0,"turns":5.0},{"damage":15.0,"enemies":"Exordium Thugs","floor":5.0,"turns":5.0},{"damage":10.0,"enemies":"Looter","floor":7.0,"turns":5.0},{"damage":60.0,"enemies":"Exordium Wildlife","floor":8.0,"turns":10.0},{"damage":27.0,"enemies":"Lots of Slimes","floor":11.0,"turns":4.0},{"damage":69,"enemies":"Hexaghost","floor":16,"turns":12}],"seed_played":"3974500168145301554","potions_obtained":[{"floor":7.0,"key":"Dexterity Potion"},{"floor":8.0,"key":"dioMod:HumanBlood"},{"floor":11,"key":"SkillPotion"}],"is_trial":false,"path_per_floor":["M","$","M","M","M","R","M","M","T","R","M","$","R","?","R","B"],"character_chosen":"THE_DEFAULT","items_purchased":["dioMod:BlendIn","dioMod:DarkRebirth"],"campfire_rested":2,"item_purchase_floors":[2,2],"current_hp_per_floor":[78,78,82,77,69,69,66,18,18,51,38,38,47,47,80,23,23],"gold":55,"neow_bonus":"TEN_PERCENT_HP_BONUS","is_daily":false,"chose_seed":false,"campfire_upgraded":2,"win_rate":0.0,"timestamp":1613309939,"path_taken":["M","$","M","M","M","R","M","M","T","R","M","$","R","?","R","BOSS"],"items_purchased_type":["Card","Card"],"build_version":"2020-12-22","purchased_purges":0,"victory":false,"max_hp_per_floor":[82,82,82,82,82,82,82,82,82,82,82,82,82,82,82,82,82],"card_choices":[{"not_picked":["dioMod:BloodSplash","dioMod:Roundabout"],"picked":"dioMod:HeavyLifting","floor":1.0},{"not_picked":["dioMod:DaggerSpree","dioMod:FlyAway"],"picked":"dioMod:DominatingPresence","floor":3.0},{"not_picked":["dioMod:VengefulMuda","dioMod:Minions"],"picked":"dioMod:LaserVision","floor":4.0},{"not_picked":["dioMod:GoodbyeJojo","dioMod:DisarmingVoice"],"picked":"dioMod:Muda","floor":5.0},{"not_picked":["dioMod:StreetSign","dioMod:Freeze"],"picked":"dioMod:WRYYY","floor":7.0},{"not_picked":["dioMod:DoubleTime","dioMod:SadisticLaugh"],"picked":"dioMod:BloodShield","floor":8.0},{"not_picked":["dioMod:ComposedMuda","dioMod:Muda"],"picked":"dioMod:Diversion","floor":11}],"player_experience":353950,"relics_obtained":[{"floor":9.0,"key":"Eternal Feather"}],"event_choices":[{"damage_healed":0,"gold_gain":0,"player_choice":"Left Gold","damage_taken":0,"max_hp_gain":0,"max_hp_loss":0,"event_name":"World of Goop","floor":14,"gold_loss":21}],"is_beta":false,"boss_relics":[],"items_purged_floors":[],"is_endless":false,"potions_floor_spawned":[7,8,11],"killed_by":"Hexaghost","ascension_level":0}}