{"host":"fortuna","time":1613337854,"event":{"mods":["100% Spire Juice","Act Like it!","BaseMod","CapriCore","Gensokyo","Hallownest","Koishi","Minty Spire (QoL Compilation)","MostiFishMod","Reimu£®≤©¿ˆ¡È√Œ£©","Relic Stats","StSLib","The Alterego","The Animator","The Bug Knight","The Immortal","The Senshi","Waifu the Spire","Yakumo Yukari mod"],"gold_per_floor":[120,120,50,85,85,115,145,145,168,22,49,367,367,402,402,499,499,519,519,534,551,154,189,514,66,66,66,66,92,122,168,180,492,504,532,544,571,583,615,658,670,713,725,737,764,776,817,829,841,853],"floor_reached":51,"language":"ZHS","playtime":2112,"items_purged":["alterego_mod:Strike"],"score":1175,"play_id":"16a768c4-b394-4294-97a7-8691c766e2b0","local_time":"20210215052414","is_ascension_mode":false,"campfire_choices":[{"data":"alterego_mod:Punishment","floor":13.0,"key":"SMITH"},{"data":"alterego_mod:PerceptionDisorder","floor":15.0,"key":"SMITH"},{"data":"alterego_mod:Palingenesis","floor":27.0,"key":"SMITH"},{"data":"alterego_mod:Palingenesis+1","floor":32.0,"key":"SMITH"},{"data":"alterego_mod:Palingenesis+2","floor":41.0,"key":"SMITH"},{"data":"alterego_mod:ClassAdvantage","floor":49,"key":"SMITH"}],"circlet_count":0,"master_deck":["alterego_mod:Strike+1","alterego_mod:Strike+1","alterego_mod:Defend+1","alterego_mod:Defend+1","alterego_mod:Defend","alterego_mod:Impale+1","alterego_mod:BigMeatyClaws+1","alterego_mod:BrynhildrsRune","alterego_mod:Bounce+1","alterego_mod:Punishment+1","alterego_mod:PerceptionDisorder+1","alterego_mod:Birthday","alterego_mod:IdEs","alterego_mod:Bounce","alterego_mod:PerceptionDisorder","alterego_mod:Palingenesis+3","alterego_mod:Bounce+1","alterego_mod:BusterCard+1","alterego_mod:Weigh+1","alterego_mod:Mirror","alterego_mod:Complex+1","alterego_mod:PainIsPleasure","alterego_mod:ChallengeComplete","alterego_mod:Birthday","alterego_mod:ClassAdvantage+1","alterego_mod:Undulate+1","alterego_mod:MaintainEyeContact+1","alterego_mod:Support+1","alterego_mod:Birthday","Gensokyo:UnhurriedMind+1","alterego_mod:BrynhildrRomantia"],"relics":["alterego_mod:MasochisticConstitution","DaveBox","SentryEyes","SynthV:TestCard","Gensokyo:PortableGap","MealTicket","Omamori","Darkstone Periapt","Gensokyo:OccultBall","Blood Vial","Pantograph","Oddly Smooth Stone","HereWithMe","MostiFishMod:AdaptiveDefenses","PreservedInsect","Technique","ClockworkSouvenir","Eternal Feather","MawBank","Ice Cream","Empty Cage","BionicSphere","theSenshi:SailorFukuRelic","Mercury Hourglass","Akabeko","Dead Branch"],"acts_visited":["Gensokyo:Gensokyo","Gensokyo:Gensokyoer","Gensokyo:Gensokyoest"],"potions_floor_usage":[],"damage_taken":[{"damage":8.0,"enemies":"Gensokyo:Gryphon","floor":1.0,"turns":2.0},{"damage":0.0,"enemies":"Gensokyo:Cirno","floor":4.0,"turns":4.0},{"damage":0.0,"enemies":"Gensokyo:Cirno","floor":6.0,"turns":4.0},{"damage":3.0,"enemies":"Gensokyo:Mamizou","floor":7.0,"turns":4.0},{"damage":4.0,"enemies":"Gensokyo:Cirno","floor":11.0,"turns":4.0},{"damage":31.0,"enemies":"Gensokyo:2_Kodama","floor":12.0,"turns":2.0},{"damage":3.0,"enemies":"Gensokyo:Mamizou","floor":14.0,"turns":5.0},{"damage":49.0,"enemies":"Gensokyo:Yukari","floor":16.0,"turns":8.0},{"damage":0.0,"enemies":"Gensokyo:2_Gloops","floor":18.0,"turns":2.0},{"damage":0.0,"enemies":"Gensokyo:CosmicMonolith","floor":20.0,"turns":1.0},{"damage":10.0,"enemies":"Gensokyo:Mirror_and_Dog","floor":21.0,"turns":3.0},{"damage":18.0,"enemies":"Gensokyo:Koishi","floor":23.0,"turns":4.0},{"damage":4.0,"enemies":"Gensokyo:Tenshi","floor":29.0,"turns":3.0},{"damage":17.0,"enemies":"Gensokyo:Wraith","floor":30.0,"turns":4.0},{"damage":0.0,"enemies":"Gensokyo:Reisen","floor":31.0,"turns":2.0},{"damage":66.0,"enemies":"Gensokyo:Kaguya","floor":33.0,"turns":7.0},{"damage":11.0,"enemies":"Gensokyo:3_Bats","floor":35.0,"turns":2.0},{"damage":4.0,"enemies":"Gensokyo:AncientGuardian","floor":37.0,"turns":2.0},{"damage":14.0,"enemies":"Gensokyo:SeedOfUnknown","floor":39.0,"turns":5.0},{"damage":4.0,"enemies":"Gensokyo:Marisa","floor":40.0,"turns":4.0},{"damage":25.0,"enemies":"Gensokyo:Doremy","floor":42.0,"turns":3.0},{"damage":8.0,"enemies":"Gensokyo:Doremy","floor":44.0,"turns":5.0},{"damage":4.0,"enemies":"Gensokyo:AtlasGolem","floor":45.0,"turns":2.0},{"damage":4.0,"enemies":"Gensokyo:Kasen","floor":47.0,"turns":4.0},{"damage":6,"enemies":"Gensokyo:Yuyuko","floor":50,"turns":4}],"seed_played":"-960886871732442280","potions_obtained":[{"floor":1.0,"key":"ZuzhouPotion:ReiMu"},{"floor":6.0,"key":"GrandPatriotsElixir:ReiMu"},{"floor":7.0,"key":"SpeedPotion"},{"floor":18.0,"key":"Weak Potion"},{"floor":37.0,"key":"SmokeBomb"}],"is_trial":false,"path_per_floor":["M","?","?","?","?","E","E","?","T","$","E","M","R","E","R","B",null,"M","?","M","M","$","E","?","COS","T","R","?","E","M","E","R","B",null,"M","?","M","?","M","E","R","E","T","?","M","$","E","?","R","B",null],"character_chosen":"The_Alterego","items_purchased":["Blood Vial","MostiFishMod:AdaptiveDefenses","PreservedInsect","alterego_mod:Mirror"],"campfire_rested":0,"item_purchase_floors":[10,22,22,22],"current_hp_per_floor":[63,63,63,63,63,61,62,62,62,62,59,31,31,40,40,16,63,63,63,63,54,64,51,51,51,51,62,62,61,56,60,64,30,65,59,59,58,58,54,57,69,53,53,53,52,67,72,72,72,72],"gold":865,"neow_bonus":"UPGRADE_CARD","is_daily":false,"chose_seed":false,"campfire_upgraded":6,"win_rate":0.0,"timestamp":1613337854,"path_taken":["M","?","?","?","?","E","E","?","T","$","E","M","R","E","R","BOSS","M","?","?","M","$","E","?","COS","T","R","?","E","M","E","R","BOSS","M","?","M","?","M","E","R","E","T","?","M","$","E","?","R","BOSS"],"items_purchased_type":["Relic","Relic","Relic","Card"],"build_version":"2020-12-18","purchased_purges":1,"victory":true,"max_hp_per_floor":[71,64,64,64,64,61,62,62,62,62,63,64,61,62,62,63,63,63,63,63,64,64,65,65,62,62,62,62,63,64,64,64,65,65,66,66,67,67,68,69,69,70,70,70,71,71,72,72,72,73],"relic_stats":{"Darkstone Periapt":0,"Blood Vial":18,"counters":[25,83],"Pantograph":22,"Dead Branch":[1],"MealTicket":25,"Eternal Feather":27,"PreservedInsect":480,"MawBank":264,"obtain_stats":[{"Darkstone Periapt":7,"Ice Cream":31,"DaveBox":0,"Singing Bowl":23,"MostiFishMod:AdaptiveDefenses":22,"Gensokyo:PortableGap":2,"Empty Cage":34,"ClockworkSouvenir":25,"Blood Vial":10,"Frozen Eye":23,"Pantograph":11,"MealTicket":4,"Gensokyo:OccultBall":8,"HereWithMe":17,"theSenshi:SailorFukuRelic":40,"alterego_mod:MasochisticConstitution":0,"Dead Branch":47,"Oddly Smooth Stone":14,"Eternal Feather":26,"PreservedInsect":22,"Omamori":6,"MawBank":29,"Akabeko":43,"Mercury Hourglass":42,"SynthV:TestCard":1,"BionicSphere":39,"SentryEyes":0,"Technique":25},{"Darkstone Periapt":4,"Ice Cream":15,"DaveBox":0,"Singing Bowl":12,"MostiFishMod:AdaptiveDefenses":11,"Gensokyo:PortableGap":1,"Empty Cage":16,"ClockworkSouvenir":12,"Blood Vial":4,"Frozen Eye":11,"Pantograph":5,"MealTicket":2,"Gensokyo:OccultBall":4,"HereWithMe":8,"theSenshi:SailorFukuRelic":20,"alterego_mod:MasochisticConstitution":0,"Dead Branch":24,"Oddly Smooth Stone":7,"Eternal Feather":12,"PreservedInsect":11,"Omamori":3,"MawBank":13,"Akabeko":21,"Mercury Hourglass":21,"SynthV:TestCard":1,"BionicSphere":19,"SentryEyes":0,"Technique":12},{"Darkstone Periapt":12,"Ice Cream":47,"DaveBox":0,"Singing Bowl":38,"MostiFishMod:AdaptiveDefenses":34,"Gensokyo:PortableGap":1,"Empty Cage":54,"ClockworkSouvenir":38,"Blood Vial":12,"Frozen Eye":34,"Pantograph":16,"MealTicket":5,"Gensokyo:OccultBall":12,"HereWithMe":30,"theSenshi:SailorFukuRelic":65,"alterego_mod:MasochisticConstitution":0,"Dead Branch":79,"Oddly Smooth Stone":22,"Eternal Feather":38,"PreservedInsect":34,"Omamori":9,"MawBank":41,"Akabeko":68,"Mercury Hourglass":68,"SynthV:TestCard":1,"BionicSphere":60,"SentryEyes":0,"Technique":38}],"Mercury Hourglass":[72]},"card_choices":[{"not_picked":["alterego_mod:HighServant","alterego_mod:Undulate"],"picked":"alterego_mod:Bounce","floor":1.0},{"not_picked":["alterego_mod:TrashNCrash","alterego_mod:Belle","alterego_mod:DiscoLights","alterego_mod:Bloomers"],"picked":"alterego_mod:Punishment","floor":4.0},{"not_picked":["alterego_mod:SuperDuperMasochism","alterego_mod:BustOut","alterego_mod:Collar","alterego_mod:IndependentAction"],"picked":"alterego_mod:Exercise","floor":5.0},{"not_picked":["alterego_mod:BiFurious","alterego_mod:TrashNCrash","alterego_mod:BreastValley","alterego_mod:Exercise"],"picked":"alterego_mod:PerceptionDisorder","floor":6.0},{"not_picked":["alterego_mod:Pet","alterego_mod:Cushion","alterego_mod:Collar","alterego_mod:Maid"],"picked":"alterego_mod:Birthday","floor":7.0},{"not_picked":["alterego_mod:Exercise","alterego_mod:Complex","alterego_mod:Skirt","alterego_mod:HighServant"],"picked":"alterego_mod:IdEs","floor":11.0},{"not_picked":["alterego_mod:MagicResistance","alterego_mod:Jiggle","alterego_mod:IndependentAction","alterego_mod:Exercise"],"picked":"alterego_mod:Bounce","floor":12.0},{"not_picked":["alterego_mod:Cooking","alterego_mod:Complex","alterego_mod:Belts","alterego_mod:Bounce"],"picked":"alterego_mod:PerceptionDisorder","floor":14.0},{"not_picked":["alterego_mod:Lift","alterego_mod:SideboobHour","alterego_mod:Venus","alterego_mod:Antipathy"],"picked":"alterego_mod:Palingenesis","floor":16.0},{"not_picked":["alterego_mod:Cycle","alterego_mod:BiFurious+1","alterego_mod:DiscoLights+1","alterego_mod:ChallengeComplete"],"picked":"alterego_mod:Bounce+1","floor":18.0},{"not_picked":["alterego_mod:Complex","alterego_mod:Birthday","alterego_mod:DiscoLights","alterego_mod:GoddessCore"],"picked":"alterego_mod:BusterCard+1","floor":20.0},{"not_picked":["alterego_mod:Jiggle","alterego_mod:HighServant","alterego_mod:Skirt","alterego_mod:Birthday"],"picked":"alterego_mod:Weigh","floor":21.0},{"not_picked":["alterego_mod:Lingerie","alterego_mod:Skirt","alterego_mod:Bounce","alterego_mod:BustOut"],"picked":"alterego_mod:Complex+1","floor":23.0},{"not_picked":["alterego_mod:BustOut","alterego_mod:SakuraFive","alterego_mod:GachaTicket","alterego_mod:Collar+1"],"picked":"alterego_mod:PainIsPleasure","floor":29.0},{"not_picked":["alterego_mod:Crossover","alterego_mod:Maid","alterego_mod:Valentines","alterego_mod:PresenceConcealment"],"picked":"alterego_mod:ChallengeComplete","floor":30.0},{"not_picked":["alterego_mod:TrashNCrash","alterego_mod:BustOut","alterego_mod:DiscoLights","alterego_mod:SakuraLabyrinth"],"picked":"alterego_mod:Birthday","floor":31.0},{"not_picked":["alterego_mod:Alter","alterego_mod:Vow","alterego_mod:RingBreak","alterego_mod:VirginLaserPalladion"],"picked":"alterego_mod:ClassAdvantage","floor":33.0},{"not_picked":["alterego_mod:GachaTicket","alterego_mod:HighServant","alterego_mod:Pet","alterego_mod:BoobPocket+1"],"picked":"alterego_mod:Undulate+1","floor":35.0},{"not_picked":["alterego_mod:Complex+1","alterego_mod:Birthday","alterego_mod:GoddessCore+1","alterego_mod:Pet+1"],"picked":"alterego_mod:MaintainEyeContact+1","floor":37.0},{"not_picked":["alterego_mod:PerceptionDisorder+1","alterego_mod:MagicResistance+1","alterego_mod:Exercise+1","alterego_mod:Undulate+1"],"picked":"alterego_mod:Support+1","floor":39.0},{"not_picked":["alterego_mod:SakuraFive","alterego_mod:Punishment","alterego_mod:Lingerie+1","alterego_mod:Cushion"],"picked":"alterego_mod:Birthday","floor":40.0},{"not_picked":["alterego_mod:GoddessCore","alterego_mod:SakuraPetals","alterego_mod:RidiculouslyBig","alterego_mod:PerceptionDisorder+1"],"picked":"alterego_mod:Belle","floor":42.0},{"not_picked":["Gensokyo:DreamlikeParadise+1","Gensokyo:RisingWorld+1"],"picked":"Gensokyo:UnhurriedMind+1","floor":44.0},{"not_picked":["alterego_mod:DiscoLights","alterego_mod:GachaTicket+1","alterego_mod:Skirt","alterego_mod:PerceptionDisorder+1"],"picked":"alterego_mod:BrynhildrRomantia","floor":45.0},{"not_picked":["alterego_mod:BeGentle","alterego_mod:PerceptionDisorder+1","alterego_mod:DustData","alterego_mod:Crossover","alterego_mod:Skirt+1"],"picked":"SKIP","floor":47}],"player_experience":368254,"relics_obtained":[{"floor":1.0,"key":"SynthV:TestCard"},{"floor":4.0,"key":"MealTicket"},{"floor":6.0,"key":"Omamori"},{"floor":7.0,"key":"Darkstone Periapt"},{"floor":11.0,"key":"Gensokyo:OccultBall"},{"floor":11.0,"key":"Pantograph"},{"floor":14.0,"key":"Oddly Smooth Stone"},{"floor":16.0,"key":"Gensokyo:OccultBall"},{"floor":21.0,"key":"Gensokyo:OccultBall"},{"floor":23.0,"key":"Singing Bowl"},{"floor":26.0,"key":"Eternal Feather"},{"floor":29.0,"key":"MawBank"},{"floor":31.0,"key":"Ice Cream"},{"floor":33.0,"key":"Gensokyo:OccultBall"},{"floor":40.0,"key":"theSenshi:SailorFukuRelic"},{"floor":42.0,"key":"Mercury Hourglass"},{"floor":43.0,"key":"Akabeko"},{"floor":47,"key":"Gensokyo:OccultBall"},{"floor":47,"key":"Dead Branch"}],"event_choices":[],"is_beta":true,"boss_relics":[{"not_picked":["Fusion Hammer","GuanYuAspect"],"picked":"HereWithMe"},{"not_picked":["Calling Bell","SlaversCollar"],"picked":"Empty Cage"}],"items_purged_floors":[22],"is_endless":false,"potions_floor_spawned":[1,6,7,14,18,20,29,37,42],"ascension_level":0}}