{"host":"s35nwqpfw06w1dve","time":1613324879,"event":{"mods":["Ascension Reborn","Aspiration","BaseMod","Colored Map","Friendly Minions","GungeonMod","Hermit","Kiyohime£¨?ýï£©","Koishi","Marisa£¨Ùöéë¡¡Øª×âÞÞ£©","Minty Spire (QoL Compilation)","Replay The Spire","StSLib","The Dragon Tamer"],"gold_per_floor":[118,118,118,133,149,175,186,186,186,202,277,292,309,337,337,433,433,445,445,318,335,349,378,394,427,427,427,458,458,458,474,474,578,578,592,492,492,509,520,520,537,537,537,537,537,12,12,29,29,29],"floor_reached":51,"language":"KOR","playtime":4766,"items_purged":["Pain","DTMod:Strike"],"score":919,"play_id":"2ebe18e1-63fc-42fe-a037-de8376c68140","local_time":"20210215024759","is_ascension_mode":true,"metric_token":927,"campfire_choices":[{"data":"DTMod:Dissolve","floor":8.0,"key":"SMITH"},{"data":"DTMod:ResonanceForm","floor":15.0,"key":"SMITH"},{"data":"DTMod:HeadStart","floor":27.0,"key":"SMITH"},{"data":"DTMod:InvisibleFlame","floor":30.0,"key":"SMITH"},{"floor":40.0,"key":"REST"},{"floor":42.0,"key":"REST"},{"floor":45.0,"key":"REST"},{"floor":49,"key":"REST"}],"dtmod_dragon_data":[38,50,2,1,12,11],"circlet_count":0,"master_deck":["DTMod:Strike","DTMod:Strike","DTMod:Strike","DTMod:DoubleHit+1","DTMod:TargetDefense","DTMod:TargetDefense","DTMod:TargetDefense","DTMod:TargetDefense+1","DTMod:SwitchingTactic","DTMod:FlameSlash","DTMod:BlazingStrike","DTMod:Dissolve+1","DTMod:ComboAttack","DTMod:MagicField","DTMod:BurningEnergy","DTMod:InvisibleFlame+1","DTMod:PurifyingFlame","DTMod:ResonanceForm+1","DTMod:HeadStart+1","DTMod:Feint+1","DTMod:WarmUp+1","DTMod:LastStand+1","DTMod:Haste","DTMod:WarmUp+1","DTMod:MasterPlan+1","DTMod:MagicField+1","DTMod:BizarreTactic+1","DTMod:Harmonize","DTMod:Cover","DTMod:InvisibleFlame","DTMod:SwitchingTactic","DTMod:FlameSlash+1","DTMod:Training+1","DTMod:Training+1","DTMod:BurningForce","DTMod:InvisibleFlame","DTMod:InvisibleFlame"],"relics":["DTMod:PactStone","Blood Vial","DemoMod:GlassGuonStoneRelic","Meat on the Bone","Centennial Puzzle","SlaversCollar","WarpedTongs","Counterbalance","DemoMod:SerJunkan","DemoMod:Junk","DTMod:TheChair","Bottled Tornado","Sling"],"acts_visited":["Exordium","TheCity","TheBeyond"],"potions_floor_usage":[50],"damage_taken":[{"damage":0.0,"enemies":"Small Slimes","floor":1.0,"turns":3.0},{"damage":0.0,"enemies":"Cultist","floor":4.0,"turns":4.0},{"damage":0.0,"enemies":"Jaw Worm","floor":5.0,"turns":2.0},{"damage":5.0,"enemies":"Gremlin Nob","floor":6.0,"turns":4.0},{"damage":6.0,"enemies":"Gremlin Gang","floor":7.0,"turns":5.0},{"damage":0.0,"enemies":"Exordium Thugs","floor":10.0,"turns":6.0},{"damage":0.0,"enemies":"3 Louse","floor":12.0,"turns":3.0},{"damage":0.0,"enemies":"Large Slime","floor":13.0,"turns":7.0},{"damage":0.0,"enemies":"Replay:BlueRogue","floor":14.0,"turns":5.0},{"damage":5.0,"enemies":"Hexaghost","floor":16.0,"turns":19.0},{"damage":0.0,"enemies":"Spheric Guardian","floor":18.0,"turns":4.0},{"damage":0.0,"enemies":"3 Byrds","floor":21.0,"turns":3.0},{"damage":0.0,"enemies":"Shelled Parasite and Fungi","floor":22.0,"turns":4.0},{"damage":0.0,"enemies":"Slavers","floor":23.0,"turns":5.0},{"damage":0.0,"enemies":"Snecko","floor":24.0,"turns":5.0},{"damage":0.0,"enemies":"Book of Stabbing","floor":25.0,"turns":8.0},{"damage":0.0,"enemies":"Replay:Snechameleon","floor":28.0,"turns":6.0},{"damage":0.0,"enemies":"Chosen and Byrds","floor":31.0,"turns":6.0},{"damage":0.0,"enemies":"Automaton","floor":33.0,"turns":13.0},{"damage":0.0,"enemies":"Orb Walker","floor":35.0,"turns":5.0},{"damage":0.0,"enemies":"3 Darklings","floor":38.0,"turns":5.0},{"damage":0.0,"enemies":"Transient","floor":39.0,"turns":5.0},{"damage":0.0,"enemies":"Jaw Worm Horde","floor":41.0,"turns":6.0},{"damage":0,"enemies":"4 Shapes","floor":48,"turns":5},{"damage":0,"enemies":"Time Eater","floor":50,"turns":11}],"seed_played":"7443295048046093733","potions_obtained":[{"floor":4.0,"key":"GamblersBrew"},{"floor":5.0,"key":"Dexterity Potion"},{"floor":14.0,"key":"Languid Potion"},{"floor":16.0,"key":"Doom Potion"},{"floor":41.0,"key":"DemoMod:LeadSkinPotion"}],"is_trial":false,"path_per_floor":["M","?","?","M","M","E","M","R","T","M","?","M","M","E","R","B",null,"M","?","$","M","M","E","M","E","T","R","E","T","R","M","R_BF","B",null,"M","$","?","M","M","R","M","R","T","?","R","$","$","M","R","B",null],"character_chosen":"THE_DT","items_purchased":["DTMod:WarmUp+1","Bottled Tornado","Sling","DTMod:BurningForce","DTMod:InvisibleFlame"],"campfire_rested":4,"item_purchase_floors":[20,46,46,46,46],"current_hp_per_floor":[49,39,39,39,39,34,30,30,30,32,21,35,37,39,39,36,49,49,49,49,49,49,49,49,49,49,49,49,49,49,49,49,49,49,49,49,49,49,49,49,49,49,49,49,49,49,49,49,49,49],"gold":29,"neow_bonus":"TEN_PERCENT_HP_BONUS","is_daily":false,"chose_seed":false,"campfire_upgraded":4,"win_rate":0.0,"timestamp":1613324879,"path_taken":["M","?","?","M","M","E","?","R","T","M","?","M","M","E","R","BOSS","M","?","$","?","M","E","M","E","T","R","E","?","R","M","R_BF","BOSS","M","$","?","?","M","R","M","R","T","?","R","?","$","M","R","BOSS"],"items_purchased_type":["Card","Relic","Relic","Card","Card"],"build_version":"2020-12-22","purchased_purges":2,"victory":true,"max_hp_per_floor":[49,49,49,49,49,49,49,49,49,49,49,49,49,49,49,49,49,49,49,49,49,49,49,49,49,49,49,49,49,49,49,49,49,49,49,49,49,49,49,49,49,49,49,49,49,49,49,49,49,49],"card_choices":[{"not_picked":["DTMod:ComboAttack","DTMod:BizarreTactic"],"picked":"DTMod:FlameSlash","floor":1.0},{"not_picked":["DTMod:BizarreTactic","DTMod:BurningEnergy"],"picked":"DTMod:BlazingStrike","floor":4.0},{"not_picked":["DTMod:BizarreTactic","DTMod:HeatWave"],"picked":"DTMod:Dissolve","floor":5.0},{"not_picked":["DTMod:StarRain","DTMod:Hide"],"picked":"DTMod:ComboAttack","floor":6.0},{"not_picked":["DTMod:Hide","DTMod:ComboAttack"],"picked":"DTMod:MagicField","floor":7.0},{"not_picked":["DTMod:GhostSkin","DTMod:Haste"],"picked":"DTMod:BurningEnergy","floor":10.0},{"not_picked":["DTMod:Weaken","DTMod:Training"],"picked":"DTMod:InvisibleFlame","floor":12.0},{"not_picked":["DTMod:ExcessFootwork","DTMod:Hide"],"picked":"DTMod:PurifyingFlame","floor":13.0},{"not_picked":["DTMod:TagTeam","DTMod:ShieldDrain"],"picked":"DTMod:ResonanceForm","floor":14.0},{"not_picked":["DTMod:Outburst","DTMod:ExcessFootwork"],"picked":"DTMod:HeadStart","floor":16.0},{"not_picked":["DTMod:Conduct+1","DTMod:HeatWave"],"picked":"DTMod:Feint+1","floor":18.0},{"not_picked":["DTMod:StarRain","DTMod:CalculatedDefense","DTMod:GhostSkin+1"],"picked":"SKIP","floor":21.0},{"not_picked":["DTMod:StarRain","DTMod:TagTeam"],"picked":"DTMod:LastStand+1","floor":22.0},{"not_picked":["DTMod:Feint","DTMod:BuildUp"],"picked":"DTMod:Haste","floor":23.0},{"not_picked":["DTMod:QuickFly","DTMod:Feint+1"],"picked":"DTMod:WarmUp+1","floor":24.0},{"not_picked":["DTMod:ShieldDrain","DTMod:QuickFly"],"picked":"DTMod:MasterPlan+1","floor":25.0},{"not_picked":["DTMod:DeepFocus","DTMod:Overwhelm"],"picked":"DTMod:MagicField+1","floor":28.0},{"not_picked":["DTMod:QuickFly+1","DTMod:Threaten"],"picked":"DTMod:BizarreTactic+1","floor":31.0},{"not_picked":["DTMod:FierySynthesis","DTMod:Prediction"],"picked":"DTMod:Harmonize","floor":33.0},{"not_picked":["DTMod:Hide","DTMod:Feint"],"picked":"DTMod:Cover","floor":35.0},{"not_picked":["DTMod:StarRain+1","DTMod:HeatWave"],"picked":"DTMod:FlameSlash+1","floor":38.0},{"not_picked":["DTMod:CleansingStrike+1","DTMod:ComboAttack"],"picked":"DTMod:Training+1","floor":39.0},{"not_picked":["DTMod:BizarreTactic+1","DTMod:BuildUp+1"],"picked":"DTMod:Training+1","floor":41.0},{"not_picked":["DTMod:SealedStrike","DTMod:HeatWave","DTMod:CleansingStrike"],"picked":"SKIP","floor":48}],"player_experience":465605,"relics_obtained":[{"floor":6.0,"key":"Blood Vial"},{"floor":9.0,"key":"Meat on the Bone"},{"floor":14.0,"key":"Centennial Puzzle"},{"floor":23.0,"key":"Counterbalance"},{"floor":25.0,"key":"DemoMod:SerJunkan"},{"floor":28.0,"key":"DemoMod:Junk"},{"floor":29.0,"key":"DemoMod:Junk"},{"floor":43.0,"key":"DemoMod:Junk"}],"event_choices":[{"damage_healed":0.0,"max_hp_gain":0.0,"max_hp_loss":0.0,"gold_gain":0.0,"event_name":"Shining Light","player_choice":"Entered Light","floor":2.0,"gold_loss":0.0,"damage_taken":10.0,"cards_upgraded":["DTMod:DoubleHit","DTMod:TargetDefense"]},{"damage_healed":0.0,"max_hp_gain":0.0,"max_hp_loss":0.0,"gold_gain":0.0,"event_name":"NoteForYourself","player_choice":"Ignored","floor":3.0,"gold_loss":0.0,"damage_taken":0.0},{"damage_healed":0.0,"max_hp_gain":0.0,"max_hp_loss":0.0,"gold_gain":75.0,"event_name":"World of Goop","player_choice":"Gather Gold","floor":11.0,"gold_loss":0.0,"damage_taken":11.0},{"damage_healed":0.0,"max_hp_gain":0.0,"max_hp_loss":0.0,"gold_gain":0.0,"event_name":"Accursed Blacksmith","player_choice":"Rummage","floor":19.0,"gold_loss":0.0,"damage_taken":0.0,"relics_obtained":["WarpedTongs"],"cards_obtained":["Pain"]},{"damage_healed":16.0,"max_hp_gain":0.0,"max_hp_loss":0.0,"gold_gain":0.0,"event_name":"The Library","player_choice":"Heal","floor":32.0,"gold_loss":0.0,"damage_taken":0.0},{"damage_healed":0.0,"max_hp_gain":0.0,"max_hp_loss":0.0,"gold_gain":0.0,"event_name":"Match and Keep!","player_choice":"2 cards matched","floor":37.0,"gold_loss":0.0,"damage_taken":0.0,"cards_obtained":["DTMod:InvisibleFlame","DTMod:SwitchingTactic"]},{"damage_healed":0.0,"max_hp_gain":0.0,"max_hp_loss":0.0,"gold_gain":0.0,"event_name":"The Woman in Blue","player_choice":"Bought 0 Potions","floor":44.0,"gold_loss":0.0,"damage_taken":0.0}],"is_beta":false,"boss_relics":[{"not_picked":["Pandora\u0027s Box","aspiration:PoetsPen_weak"],"picked":"SlaversCollar"},{"not_picked":["Black Star","Replay:Drink Me"],"picked":"DTMod:TheChair"}],"items_purged_floors":[20,36],"is_endless":false,"potions_floor_spawned":[4,5,14,16,18,22,24,39,41],"ascension_level":0}}