{"host":"1n4zh8skucxnzijq","time":1613344702,"event":{"mods":["BaseMod","Minty Spire (QoL Compilation)","Quick Restart"],"gold_per_floor":[118,118,118,68,89,89,14,47,47,80,100,115,115,138,138,138,138],"floor_reached":16,"language":"ENG","playtime":465,"items_purged":["Strike_R"],"score":140,"play_id":"793fb2d7-cea7-4cec-82cb-082357cd0268","local_time":"20210214231822","is_ascension_mode":true,"campfire_choices":[{"data":"Spot Weakness","floor":6.0,"key":"SMITH"},{"data":"Seeing Red","floor":15.0,"key":"SMITH"}],"circlet_count":0,"master_deck":["Strike_R","Strike_R","Strike_R","Defend_R","Defend_R+1","Defend_R+1","Bash","Spot Weakness+1","Warcry","Cleave","Seeing Red+1","Warcry"],"relics":["Burning Blood","Unceasing Top","Golden Idol","Nunchaku","Charon\u0027s Ashes","Smiling Mask","War Paint"],"acts_visited":["Exordium"],"potions_floor_usage":[16,16],"damage_taken":[{"damage":9.0,"enemies":"Jaw Worm","floor":1.0,"turns":5.0},{"damage":0.0,"enemies":"2 Louse","floor":5.0,"turns":2.0},{"damage":50.0,"enemies":"Lagavulin","floor":8.0,"turns":7.0},{"damage":20.0,"enemies":"3 Sentries","floor":10.0,"turns":5.0},{"damage":0.0,"enemies":"Cultist","floor":11.0,"turns":3.0},{"damage":8.0,"enemies":"Blue Slaver","floor":12.0,"turns":2.0},{"damage":11,"enemies":"The Guardian","floor":16,"turns":13}],"seed_played":"-215238715581218966","potions_obtained":[{"floor":1.0,"key":"Fruit Juice"},{"floor":8.0,"key":"Swift Potion"},{"floor":11.0,"key":"DuplicationPotion"},{"floor":12.0,"key":"SpeedPotion"}],"is_trial":false,"path_per_floor":["M","?","?","?","M","R","$","E","T","E","M","M","?","T","R","B"],"character_chosen":"IRONCLAD","items_purchased":[],"campfire_rested":0,"item_purchase_floors":[],"current_hp_per_floor":[48,74,54,54,60,60,60,21,21,7,13,11,11,11,11,0,0],"gold":138,"neow_bonus":"ONE_RARE_RELIC","is_daily":false,"chose_seed":false,"campfire_upgraded":2,"win_rate":0.0,"timestamp":1613344702,"path_taken":["M","?","?","?","M","R","?","E","T","E","?","M","?","?","R","BOSS"],"items_purchased_type":[],"build_version":"2020-12-22","purchased_purges":1,"victory":false,"max_hp_per_floor":[80,80,80,80,80,80,80,85,85,85,85,85,85,85,85,85,85],"card_choices":[{"not_picked":["Thunderclap","Cleave"],"picked":"Spot Weakness","floor":1.0},{"not_picked":["Combust","Headbutt"],"picked":"Warcry","floor":5.0},{"not_picked":["Evolve","Immolate"],"picked":"Cleave","floor":8.0},{"not_picked":["Disarm","Perfected Strike"],"picked":"Seeing Red","floor":10.0},{"not_picked":["Spot Weakness","Thunderclap","Perfected Strike"],"picked":"SKIP","floor":11.0},{"not_picked":["Twin Strike","Sword Boomerang"],"picked":"Warcry","floor":12.0}],"player_experience":1054201,"relics_obtained":[{"floor":8.0,"key":"Nunchaku"},{"floor":9.0,"key":"Charon\u0027s Ashes"},{"floor":10.0,"key":"Smiling Mask"},{"floor":14.0,"key":"War Paint"}],"event_choices":[{"damage_healed":26.0,"max_hp_gain":0.0,"max_hp_loss":0.0,"gold_gain":0.0,"event_name":"Big Fish","player_choice":"Banana","floor":2.0,"gold_loss":0.0,"damage_taken":0.0},{"damage_healed":0.0,"max_hp_gain":0.0,"max_hp_loss":0.0,"gold_gain":0.0,"event_name":"Golden Idol","player_choice":"Take Damage","floor":3.0,"gold_loss":0.0,"damage_taken":20.0,"relics_obtained":["Golden Idol"]},{"cards_removed":["Defend_R"],"damage_healed":0.0,"max_hp_gain":0.0,"max_hp_loss":0.0,"gold_gain":0.0,"event_name":"The Cleric","player_choice":"Card Removal","floor":4.0,"gold_loss":50.0,"damage_taken":0.0},{"cards_removed":["Strike_R"],"damage_healed":0.0,"max_hp_gain":0.0,"max_hp_loss":0.0,"gold_gain":0.0,"event_name":"Living Wall","player_choice":"Forget","floor":13.0,"gold_loss":0.0,"damage_taken":0.0}],"is_beta":false,"boss_relics":[],"items_purged_floors":[7],"is_endless":false,"potions_floor_spawned":[1,8,11,12],"killed_by":"The Guardian","ascension_level":6}}