{"host":"nonrudiqgwgca70t","time":1613273687,"event":{"mods":["BaseMod","Downfall","Hermit","MarisaÅiñ∂âJÅ@ñÇóùçπÅj","Minty Spire (QoL Compilation)","StSLib","The Cursed","The Disciple","The Servant 0.9.4"],"gold_per_floor":[112,112,125,125,125,158,158,188,188,228,193,212,212,255,255,369,369,369,369],"floor_reached":17,"language":"ENG","playtime":9907,"items_purged":[],"score":181,"play_id":"f6366369-1e94-4406-818e-dd3d8aa2d08c","local_time":"20210213203447","daily_mods":["Vintage","Heirloom","Time Dilation","Flight","downfall:ChampStances","Elite Swarm"],"is_ascension_mode":false,"campfire_choices":[{"data":"champ:UltimateStance","floor":7,"key":"SMITH"},{"floor":13,"key":"REST"},{"data":"champ:TripleStrike","floor":15,"key":"SMITH"}],"circlet_count":0,"master_deck":["champ:Strike","champ:Strike","champ:Strike","champ:Strike+1","champ:Defend","champ:Defend","champ:Defend","champ:Defend+1","champ:Execute","champ:Taunt+1","champ:UltimateStance+1","champ:VampiricStrike","champ:Devastate","champ:TripleStrike+1","champ:SteelEdge"],"relics":["champ:ChampionCrown","champ:ChampStancesModRelic","champ:DuelingGlove","Shuriken","Ice Cream","Juzu Bracelet","Guardian:GemstoneGun","CeramicFish","Thread and Needle","Regal Pillow","Happy Flower","Coffee Dripper"],"acts_visited":["Exordium","TheCity"],"potions_floor_usage":[16],"damage_taken":[{"damage":15,"enemies":"Cultist","floor":1,"turns":2},{"damage":15,"enemies":"Small Slimes","floor":3,"turns":2},{"damage":47,"enemies":"3 Sentries","floor":6,"turns":7},{"damage":55,"enemies":"Gremlin Nob","floor":8,"turns":3},{"damage":43,"enemies":"Lagavulin","floor":10,"turns":4},{"damage":20,"enemies":"2 Louse","floor":12,"turns":1},{"damage":23,"enemies":"Gremlin Nob","floor":14,"turns":3},{"damage":47,"enemies":"Hexaghost","floor":16,"turns":4}],"seed_played":"-5858555981935464331","potions_obtained":[{"floor":1,"key":"Weak Potion"},{"floor":3,"key":"ColorlessPotion"},{"floor":8,"key":"SneckoOil"}],"is_trial":true,"path_per_floor":["M","?","M","?","?","E","R","E","T","E","?","M","R","E","R","B",null],"character_chosen":"THE_CHAMP","items_purchased":[],"campfire_rested":1,"item_purchase_floors":[],"current_hp_per_floor":[90,72,72,77,77,65,65,50,50,32,55,55,95,92,92,85,95,95,95],"gold":369,"neow_bonus":"","is_daily":false,"chose_seed":false,"campfire_upgraded":2,"win_rate":0.0,"timestamp":1613273687,"path_taken":["M","?","M","?","?","E","R","E","T","E","?","M","R","E","R","BOSS"],"items_purchased_type":[],"build_version":"2020-12-22","purchased_purges":0,"victory":false,"max_hp_per_floor":[90,90,90,95,95,95,95,95,95,95,95,95,95,95,95,95,95,95,95],"card_choices":[{"not_picked":["champ:ShieldThrow","champ:Improvising"],"picked":"champ:UltimateStance","floor":6},{"not_picked":["champ:LastStand","champ:MurderStrike"],"picked":"champ:VampiricStrike","floor":8},{"not_picked":["champ:IgnorePain","champ:CheapShot"],"picked":"champ:Devastate","floor":10},{"not_picked":["champ:HeavySlash","champ:LastStand"],"picked":"champ:TripleStrike","floor":14},{"not_picked":["champ:SwordThrow","champ:GladiatorForm"],"picked":"champ:SteelEdge","floor":16}],"player_experience":180659,"relics_obtained":[{"floor":1,"key":"Shuriken"},{"floor":3,"key":"Ice Cream"},{"floor":6,"key":"Juzu Bracelet"},{"floor":8,"key":"Guardian:GemstoneGun"},{"floor":9,"key":"CeramicFish"},{"floor":10,"key":"Thread and Needle"},{"floor":12,"key":"Regal Pillow"},{"floor":14,"key":"Happy Flower"}],"event_choices":[{"damage_healed":0,"gold_gain":0,"player_choice":"Entered Light","damage_taken":18,"max_hp_gain":0,"max_hp_loss":0,"event_name":"Shining Light","floor":2,"gold_loss":0,"cards_upgraded":["champ:Defend","champ:Strike"]},{"damage_healed":0,"gold_gain":0,"player_choice":"Donut","damage_taken":0,"max_hp_gain":5,"max_hp_loss":0,"event_name":"Big Fish","floor":4,"gold_loss":0},{"damage_healed":0,"gold_gain":0,"player_choice":"Upgraded","damage_taken":0,"max_hp_gain":0,"max_hp_loss":0,"event_name":"Upgrade Shrine","floor":5,"gold_loss":0,"cards_upgraded":["champ:Taunt"]},{"damage_healed":23,"gold_gain":0,"player_choice":"Healed","damage_taken":0,"max_hp_gain":0,"max_hp_loss":0,"event_name":"The Cleric","floor":11,"gold_loss":35}],"is_beta":false,"boss_relics":[{"not_picked":["Snecko Eye","expansioncontent:StudyCardRelic"],"picked":"Coffee Dripper"}],"items_purged_floors":[],"is_endless":false,"potions_floor_spawned":[1,3,8,12],"ascension_level":0}}