{"host":"c83fcgyuu74iknko","time":1613294748,"event":{"mods":["BaseMod","BetterRewards","Colored Map","Colored Powertips","Minty Spire (QoL Compilation)","Quick Restart","StSLib","The Animator","The Senshi"],"gold_per_floor":[116,131,149,164,164,164,196,210,210,236,247,247,265,280,280,384,384,399,431,431,18,18,18,32,32,55,5,5,20,30,41,41,41,41],"floor_reached":33,"language":"ENG","playtime":1882,"items_purged":["Strike_B","Writhe"],"score":415,"play_id":"032947f2-8ba8-4a0a-94d4-0cf1419757e6","local_time":"20210214012548","is_ascension_mode":true,"campfire_choices":[{"data":"Coolheaded","floor":6,"key":"SMITH"},{"data":"Capacitor","floor":15,"key":"SMITH"},{"data":"Blizzard","floor":23,"key":"SMITH"},{"data":"White Noise","floor":28,"key":"SMITH"},{"data":"Redo","floor":32,"key":"SMITH"}],"circlet_count":0,"master_deck":["Strike_B","Strike_B","Strike_B","Defend_B","Defend_B","Zap","Dualcast","Master of Strategy","Coolheaded+1","Cold Snap","Coolheaded","Cold Snap","Darkness","Redo+1","Turbo","Capacitor+1","Multi-Cast","Chaos","Conserve Battery","Blizzard+1","White Noise+1","Seek","Barrage"],"relics":["Cracked Core","Runic Capacitor","Smiling Mask","FossilizedHelix","Emotion Chip","Coffee Dripper","Red Mask","Unceasing Top","Matryoshka","Strawberry","Mummified Hand","White Beast Statue","Lantern"],"acts_visited":["Exordium","TheCity"],"potions_floor_usage":[7,11,19,19,29,31,33,33],"damage_taken":[{"damage":0,"enemies":"Cultist","floor":1,"turns":4},{"damage":7,"enemies":"Jaw Worm","floor":2,"turns":4},{"damage":3,"enemies":"Small Slimes","floor":3,"turns":3},{"damage":0,"enemies":"3 Louse","floor":4,"turns":5},{"damage":17,"enemies":"3 Sentries","floor":7,"turns":8},{"damage":9,"enemies":"Looter","floor":8,"turns":3},{"damage":18,"enemies":"Lagavulin","floor":10,"turns":8},{"damage":6,"enemies":"Gremlin Gang","floor":11,"turns":5},{"damage":0,"enemies":"2 Fungi Beasts","floor":13,"turns":6},{"damage":0,"enemies":"Exordium Thugs","floor":14,"turns":4},{"damage":4,"enemies":"Hexaghost","floor":16,"turns":10},{"damage":6,"enemies":"Chosen","floor":18,"turns":3},{"damage":63,"enemies":"Masked Bandits","floor":19,"turns":7},{"damage":0,"enemies":"Spheric Guardian","floor":24,"turns":6},{"damage":7,"enemies":"Shelled Parasite and Fungi","floor":29,"turns":4},{"damage":16,"enemies":"Chosen and Byrds","floor":30,"turns":7},{"damage":0,"enemies":"Snecko","floor":31,"turns":4},{"damage":15,"enemies":"Collector","floor":33,"turns":5}],"seed_played":"-6262438730263679868","potions_obtained":[{"floor":2,"key":"Energy Potion"},{"floor":4,"key":"CultistPotion"},{"floor":14,"key":"DuplicationPotion"},{"floor":18,"key":"Block Potion"},{"floor":19,"key":"Fire Potion"},{"floor":29,"key":"DuplicationPotion"},{"floor":30,"key":"BlessingOfTheForge"},{"floor":31,"key":"DistilledChaos"}],"is_trial":false,"path_per_floor":["M","M","M","M","?","R","E","M","T","E","M","?","M","M","R","B",null,"M","?","?","$","?","R","M","T","T","$","R","M","M","M","R","B"],"character_chosen":"DEFECT","items_purchased":["Master of Strategy","Runic Capacitor","Blizzard","Unceasing Top"],"campfire_rested":0,"item_purchase_floors":[0,0,21,21],"current_hp_per_floor":[75,68,65,65,65,65,48,39,39,21,15,8,8,8,8,4,75,69,6,31,31,31,31,31,38,38,38,38,31,15,15,15,0,0],"gold":41,"neow_bonus":"","is_daily":false,"chose_seed":false,"campfire_upgraded":5,"win_rate":0.0,"timestamp":1613294748,"path_taken":["M","?","M","M","?","R","E","M","T","E","?","?","M","M","R","BOSS","M","?","?","$","?","R","M","?","T","$","R","?","M","M","R","BOSS"],"items_purchased_type":["Card","Relic","Card","Relic"],"build_version":"2020-12-22","purchased_purges":2,"victory":false,"max_hp_per_floor":[75,75,75,75,75,75,75,75,75,75,75,75,75,75,75,75,75,75,75,75,75,75,75,75,82,82,82,82,82,82,82,82,82,82],"card_choices":[{"not_picked":["FTL","Consume"],"picked":"Coolheaded","floor":1},{"not_picked":["Hologram","Double Energy"],"picked":"Cold Snap","floor":2},{"not_picked":["Redo","Ball Lightning"],"picked":"Coolheaded","floor":3},{"not_picked":["FTL","Beam Cell","Compile Driver"],"picked":"SKIP","floor":4},{"not_picked":["Doom and Gloom","Hello World"],"picked":"Cold Snap","floor":7},{"not_picked":["Streamline","Fusion"],"picked":"Darkness","floor":8},{"not_picked":["Beam Cell","Tempest"],"picked":"Redo","floor":10},{"not_picked":["Compile Driver","Beam Cell","Fission"],"picked":"SKIP","floor":11},{"not_picked":["Steam Power","Ball Lightning"],"picked":"Turbo","floor":13},{"not_picked":["Skim","Force Field"],"picked":"Capacitor","floor":14},{"not_picked":["Rainbow","Buffer"],"picked":"Multi-Cast","floor":16},{"not_picked":["Coolheaded","Leap"],"picked":"Chaos","floor":18},{"not_picked":["Coolheaded","Go for the Eyes"],"picked":"Conserve Battery","floor":19},{"not_picked":["Streamline","Sweeping Beam"],"picked":"White Noise","floor":24},{"not_picked":["Go for the Eyes","Coolheaded"],"picked":"Seek","floor":29},{"not_picked":["Steam Power","Conserve Battery"],"picked":"Barrage","floor":30},{"not_picked":["Beam Cell","Undo","Steam"],"picked":"SKIP","floor":31}],"player_experience":266129,"relics_obtained":[{"floor":7,"key":"Smiling Mask"},{"floor":9,"key":"FossilizedHelix"},{"floor":10,"key":"Emotion Chip"},{"floor":19,"key":"Red Mask"},{"floor":25,"key":"Strawberry"},{"floor":25,"key":"Mummified Hand"},{"floor":26,"key":"White Beast Statue"},{"floor":26,"key":"Lantern"}],"event_choices":[{"cards_removed":["Defend_B"],"damage_healed":0,"gold_gain":0,"player_choice":"Purged","damage_taken":0,"max_hp_gain":0,"max_hp_loss":0,"event_name":"Purifier","floor":5,"gold_loss":0},{"cards_removed":["Defend_B"],"damage_healed":0,"gold_gain":0,"player_choice":"Card Removal","damage_taken":7,"max_hp_gain":0,"max_hp_loss":0,"event_name":"Golden Wing","floor":12,"gold_loss":0},{"damage_healed":0,"gold_gain":0,"player_choice":"Fought Bandits","damage_taken":0,"max_hp_gain":0,"max_hp_loss":0,"event_name":"Masked Bandits","floor":19,"gold_loss":0},{"damage_healed":25,"gold_gain":0,"player_choice":"Heal","damage_taken":0,"max_hp_gain":0,"max_hp_loss":0,"event_name":"The Library","floor":20,"gold_loss":0},{"damage_healed":0,"gold_gain":0,"player_choice":"Opened","damage_taken":0,"relics_obtained":["Matryoshka"],"max_hp_gain":0,"max_hp_loss":0,"event_name":"The Mausoleum","floor":22,"gold_loss":0,"cards_obtained":["Writhe"]}],"is_beta":false,"boss_relics":[{"not_picked":["Calling Bell","Astrolabe"],"picked":"Coffee Dripper"}],"items_purged_floors":[21,27],"is_endless":false,"potions_floor_spawned":[2,4,14,18,19,29,30,31],"killed_by":"Collector","ascension_level":3}}