{"host":"0sfgj94ncg1q6gq3","time":1613321974,"event":{"mods":["2.2 Compatiblity","BaseMod","Bestiary","Colored Map","Colored Powertips","Curses Come First","Highlight Path","Keyboard Shortcuts","Minty Spire (QoL Compilation)","Relic Stats","Slay the Relics Exporter","StSLib"],"gold_per_floor":[10,10,24,44,64,95,270,345,426,445,445,458,200,200,200,303,303,319,336,356,104,104,135,148,148,148,63,63,63,91,124,124,124,124],"floor_reached":33,"language":"ENG","playtime":1177,"items_purged":["Doubt"],"score":353,"play_id":"d1e214c0-5217-4101-b054-dc8019144155","local_time":"20210214185934","is_ascension_mode":true,"campfire_choices":[{"data":"Terror","floor":11,"key":"SMITH"},{"data":"Glass Knife","floor":15,"key":"SMITH"},{"data":"Phantasmal Killer","floor":25,"key":"SMITH"},{"data":"Tools of the Trade","floor":29,"key":"SMITH"},{"data":"Dodge and Roll","floor":32,"key":"SMITH"}],"circlet_count":0,"master_deck":["Strike_G","Strike_G","Strike_G","Strike_G","Strike_G","Defend_G","Defend_G","Defend_G","Defend_G","Defend_G","Survivor","Neutralize","Quick Slash","Dagger Spray","Terror+1","Unload","Predator","Sucker Punch","Footwork","Glass Knife+1","Phantasmal Killer+1","Outmaneuver+1","Backflip","Necronomicurse","Tools of the Trade+1","Deep Breath","Dodge and Roll+1"],"relics":["Ring of the Snake","TungstenRod","Torii","Juzu Bracelet","Eternal Feather","Busted Crown","Oddly Smooth Stone","Necronomicon","Pear","Tiny Chest","Red Mask","Bronze Scales"],"acts_visited":["Exordium","TheCity"],"potions_floor_usage":[6,10,20,21,23,23,33],"damage_taken":[{"damage":0,"enemies":"Jaw Worm","floor":1,"turns":5},{"damage":5,"enemies":"Cultist","floor":3,"turns":4},{"damage":0,"enemies":"Small Slimes","floor":4,"turns":3},{"damage":0,"enemies":"Looter","floor":5,"turns":3},{"damage":14,"enemies":"Lagavulin","floor":6,"turns":5},{"damage":0,"enemies":"Lots of Slimes","floor":10,"turns":4},{"damage":7,"enemies":"Blue Slaver","floor":12,"turns":3},{"damage":28,"enemies":"Slime Boss","floor":16,"turns":10},{"damage":0,"enemies":"Shell Parasite","floor":18,"turns":4},{"damage":10,"enemies":"Spheric Guardian","floor":19,"turns":3},{"damage":16,"enemies":"Cultist and Chosen","floor":20,"turns":5},{"damage":15,"enemies":"Gremlin Leader","floor":23,"turns":6},{"damage":0,"enemies":"Snecko","floor":24,"turns":3},{"damage":11,"enemies":"Masked Bandits","floor":30,"turns":4},{"damage":5,"enemies":"Book of Stabbing","floor":31,"turns":4},{"damage":57,"enemies":"Champ","floor":33,"turns":8}],"seed_played":"7648711010441169400","potions_obtained":[{"floor":3,"key":"SpeedPotion"},{"floor":5,"key":"DistilledChaos"},{"floor":16,"key":"DistilledChaos"},{"floor":19,"key":"SpeedPotion"},{"floor":20,"key":"Swift Potion"},{"floor":31,"key":"ColorlessPotion"}],"is_trial":false,"path_per_floor":["M","?","M","M","M","E","?","?","T","M","R","M","$","?","R","B",null,"M","M","M","$","?","E","M","R","T","?","?","R","?","E","R","B"],"character_chosen":"THE_SILENT","items_purchased":["Footwork","Glass Knife","Oddly Smooth Stone","Fruit Juice"],"campfire_rested":0,"item_purchase_floors":[13,13,21,21],"current_hp_per_floor":[70,70,65,65,65,51,51,41,41,41,50,43,43,37,49,21,70,70,60,44,49,37,32,32,47,47,47,37,52,41,36,51,0,0],"gold":124,"neow_bonus":"ONE_RARE_RELIC","is_daily":false,"chose_seed":false,"campfire_upgraded":5,"win_rate":0.0,"timestamp":1613321974,"path_taken":["M","?","M","?","M","E","?","?","T","M","R","M","$","?","R","BOSS","M","M","M","$","?","E","M","R","T","?","?","R","?","E","R","BOSS"],"items_purchased_type":["Card","Card","Relic","Potion"],"build_version":"2020-12-22","purchased_purges":1,"victory":false,"max_hp_per_floor":[70,70,70,70,70,70,70,70,70,70,70,70,70,70,70,70,70,70,70,70,75,75,85,85,85,85,85,85,85,85,85,85,85,85],"relic_stats":{"Busted Crown":14,"Torii":27,"counters":[16,74],"Bronze Scales":[15],"Eternal Feather":66,"Tiny Chest":0,"Juzu Bracelet":2,"Necronomicon":[5],"obtain_stats":[{"Busted Crown":17,"Pear":23,"Torii":2,"Bronze Scales":31,"Oddly Smooth Stone":21,"Eternal Feather":9,"Tiny Chest":27,"Juzu Bracelet":6,"Necronomicon":22,"Red Mask":30,"TungstenRod":0,"Ring of the Snake":0},{"Busted Crown":8,"Pear":12,"Torii":1,"Bronze Scales":15,"Oddly Smooth Stone":11,"Eternal Feather":5,"Tiny Chest":13,"Juzu Bracelet":5,"Necronomicon":11,"Red Mask":14,"TungstenRod":0,"Ring of the Snake":0},{"Busted Crown":37,"Pear":55,"Torii":5,"Bronze Scales":66,"Oddly Smooth Stone":49,"Eternal Feather":20,"Tiny Chest":58,"Juzu Bracelet":20,"Necronomicon":49,"Red Mask":62,"TungstenRod":0,"Ring of the Snake":0}],"TungstenRod":40,"Ring of the Snake":[32]},"card_choices":[{"not_picked":["Deflect","Cloak And Dagger"],"picked":"PiercingWail","floor":1},{"not_picked":["Flying Knee","Dagger Throw"],"picked":"Quick Slash","floor":3},{"not_picked":["Deadly Poison","Flying Knee"],"picked":"Dagger Spray","floor":4},{"not_picked":["PiercingWail","Night Terror"],"picked":"Terror","floor":5},{"not_picked":["Underhanded Strike","Slice"],"picked":"Unload","floor":6},{"not_picked":["Dagger Throw","Skewer"],"picked":"Predator","floor":10},{"not_picked":["Crippling Poison","Expertise"],"picked":"Sucker Punch","floor":12},{"not_picked":["Venomology","Doppelganger"],"picked":"Phantasmal Killer","floor":16},{"not_picked":[],"picked":"Outmaneuver+1","floor":18},{"not_picked":["Dagger Throw+1"],"picked":"SKIP","floor":19},{"not_picked":[],"picked":"Backflip","floor":20},{"not_picked":["Blade Dance"],"picked":"SKIP","floor":23},{"not_picked":[],"picked":"Tools of the Trade","floor":24},{"not_picked":[],"picked":"Dodge and Roll","floor":31}],"player_experience":88170,"relics_obtained":[{"floor":6,"key":"Juzu Bracelet"},{"floor":9,"key":"Eternal Feather"},{"floor":22,"key":"Necronomicon"},{"floor":23,"key":"Pear"},{"floor":30,"key":"Red Mask"},{"floor":31,"key":"Bronze Scales"}],"event_choices":[{"cards_removed":["PiercingWail"],"damage_healed":0,"gold_gain":0,"player_choice":"Gave Card","damage_taken":0,"relics_obtained":["Torii"],"max_hp_gain":0,"max_hp_loss":0,"event_name":"WeMeetAgain","floor":2,"gold_loss":0},{"damage_healed":0,"gold_gain":175,"player_choice":"AGREE","damage_taken":0,"max_hp_gain":0,"max_hp_loss":0,"event_name":"Liars Game","floor":7,"gold_loss":0,"cards_obtained":["Doubt"]},{"damage_healed":0,"gold_gain":75,"player_choice":"Gather Gold","damage_taken":11,"max_hp_gain":0,"max_hp_loss":0,"event_name":"World of Goop","floor":8,"gold_loss":0},{"damage_healed":0,"gold_gain":0,"player_choice":"Damaged","damage_taken":7,"max_hp_gain":0,"max_hp_loss":0,"event_name":"Wheel of Change","floor":14,"gold_loss":0},{"damage_healed":0,"gold_gain":0,"player_choice":"Obtained Book","damage_taken":16,"max_hp_gain":0,"max_hp_loss":0,"event_name":"Cursed Tome","floor":22,"gold_loss":0},{"damage_healed":0,"gold_gain":0,"player_choice":"Obtained Relic","damage_taken":0,"relics_obtained":["Tiny Chest"],"max_hp_gain":0,"max_hp_loss":0,"event_name":"Addict","floor":27,"gold_loss":85},{"damage_healed":0,"gold_gain":0,"player_choice":"CARD ","damage_taken":12,"max_hp_gain":0,"max_hp_loss":0,"event_name":"Knowing Skull","floor":28,"potions_obtained":[],"gold_loss":0,"cards_obtained":["Deep Breath"]},{"damage_healed":0,"gold_gain":0,"player_choice":"Fought Bandits","damage_taken":0,"max_hp_gain":0,"max_hp_loss":0,"event_name":"Masked Bandits","floor":30,"gold_loss":0}],"is_beta":false,"boss_relics":[{"not_picked":["Runic Dome","Fusion Hammer"],"picked":"Busted Crown"}],"items_purged_floors":[13],"is_endless":false,"potions_floor_spawned":[3,5,16,19,20,31],"killed_by":"Champ","ascension_level":3}}