{"host":"mnpd8gh7cwxsn5kh","time":1613328681,"event":{"mods":["BaseMod","Bestiary","Block Reminder","Colored Map","Colored Powertips","Highlight Path","Minty Spire (QoL Compilation)","Relic Sorter","Relic Stats"],"gold_per_floor":[114,130,147,167,183,183,210,210,265,299,299,332,342,67,67,146,146,156,169,169,169,187,187,187],"floor_reached":23,"language":"ENG","playtime":1955,"items_purged":["Strike_G"],"score":487,"play_id":"b5117a58-bf22-4e1a-ae82-adc3f89d61ee","local_time":"20210214195121","is_ascension_mode":true,"campfire_choices":[{"data":"Predator","floor":6,"key":"SMITH"},{"floor":8,"key":"REST"},{"floor":15,"key":"REST"}],"circlet_count":0,"master_deck":["AscendersBane","Strike_G","Strike_G+1","Strike_G","Defend_G","Defend_G","Defend_G","Defend_G","Defend_G","Survivor","Neutralize+1","Predator+1","Cloak And Dagger","Dagger Spray","Bane","Flying Knee","Bouncing Flask","All Out Attack+1","Infinite Blades","Accuracy","Quick Slash","Unload","Backflip","Blade Dance","Decay","Blade Dance"],"relics":["Ring of the Snake","Lantern","Toy Ornithopter","Bottled Lightning","Whetstone","Happy Flower","Fusion Hammer"],"acts_visited":["Exordium","TheCity"],"potions_floor_usage":[12,16,23],"damage_taken":[{"damage":4,"enemies":"Small Slimes","floor":1,"turns":6},{"damage":0,"enemies":"2 Louse","floor":2,"turns":2},{"damage":0,"enemies":"Jaw Worm","floor":3,"turns":5},{"damage":20,"enemies":"Lots of Slimes","floor":4,"turns":4},{"damage":9,"enemies":"3 Louse","floor":5,"turns":4},{"damage":21,"enemies":"Lagavulin","floor":7,"turns":10},{"damage":10,"enemies":"3 Sentries","floor":10,"turns":8},{"damage":15,"enemies":"Lagavulin","floor":12,"turns":4},{"damage":0,"enemies":"Red Slaver","floor":13,"turns":3},{"damage":0,"enemies":"Slime Boss","floor":16,"turns":7},{"damage":31,"enemies":"Chosen","floor":18,"turns":4},{"damage":3,"enemies":"3 Byrds","floor":19,"turns":4},{"damage":15,"enemies":"Centurion and Healer","floor":22,"turns":6},{"damage":47,"enemies":"Book of Stabbing","floor":23,"turns":3}],"seed_played":"865454832158953759","potions_obtained":[{"floor":3,"key":"FairyPotion"},{"floor":10,"key":"Block Potion"},{"floor":12,"key":"AttackPotion"},{"floor":19,"key":"Strength Potion"}],"is_trial":false,"path_per_floor":["M","M","M","M","M","R","E","R","T","E","?","E","M","$","R","B",null,"M","M","?","?","M","E"],"character_chosen":"THE_SILENT","items_purchased":["Happy Flower","Quick Slash"],"campfire_rested":2,"item_purchase_floors":[14,14],"current_hp_per_floor":[55,55,55,35,26,26,5,24,24,14,14,4,4,4,23,28,57,26,23,23,23,8,0,0],"gold":187,"neow_bonus":"UPGRADE_CARD","is_daily":false,"chose_seed":false,"campfire_upgraded":1,"win_rate":0.0,"timestamp":1613328681,"path_taken":["M","M","M","M","M","R","E","R","T","E","?","E","M","$","R","BOSS","M","M","?","?","?","E"],"items_purchased_type":["Relic","Card"],"build_version":"2020-12-22","purchased_purges":1,"victory":false,"max_hp_per_floor":[66,66,66,66,66,66,66,66,66,66,66,66,66,66,66,66,66,66,66,66,66,66,66,66],"relic_stats":{"Happy Flower":[8],"counters":[14,70],"Whetstone":["All Out Attack","Strike_G"],"obtain_stats":[{"Lantern":7,"Happy Flower":14,"Fusion Hammer":17,"Bottled Lightning":10,"Whetstone":12,"Toy Ornithopter":9,"Ring of the Snake":0},{"Lantern":6,"Happy Flower":9,"Fusion Hammer":10,"Bottled Lightning":7,"Whetstone":8,"Toy Ornithopter":6,"Ring of the Snake":0},{"Lantern":31,"Happy Flower":46,"Fusion Hammer":53,"Bottled Lightning":39,"Whetstone":43,"Toy Ornithopter":31,"Ring of the Snake":0}],"Toy Ornithopter":15,"Ring of the Snake":[28]},"card_choices":[{"not_picked":["Sucker Punch","Dodge and Roll"],"picked":"Predator","floor":1},{"not_picked":["Bane","Distraction"],"picked":"Cloak And Dagger","floor":2},{"not_picked":["Outmaneuver","Slice"],"picked":"Dagger Spray","floor":3},{"not_picked":["Escape Plan","Prepared"],"picked":"Bane","floor":4},{"not_picked":["Setup","Outmaneuver"],"picked":"Flying Knee","floor":5},{"not_picked":["Eviscerate","Prepared","Setup"],"picked":"SKIP","floor":7},{"not_picked":["Acrobatics","Underhanded Strike"],"picked":"Bouncing Flask","floor":10},{"not_picked":["Storm of Steel","Reflex"],"picked":"Infinite Blades","floor":12},{"not_picked":["Heel Hook","Dagger Spray"],"picked":"Accuracy","floor":13},{"not_picked":["Doppelganger","Burst"],"picked":"Unload","floor":16},{"not_picked":["Bane","Dagger Throw"],"picked":"Backflip","floor":18},{"not_picked":["Masterful Stab","Cloak And Dagger"],"picked":"Blade Dance","floor":19},{"not_picked":["Prepared","Concentrate","Dodge and Roll"],"picked":"SKIP","floor":22}],"player_experience":537111,"relics_obtained":[{"floor":7,"key":"Lantern"},{"floor":9,"key":"Toy Ornithopter"},{"floor":10,"key":"Bottled Lightning"},{"floor":12,"key":"Whetstone"}],"event_choices":[{"damage_healed":0,"gold_gain":0,"cards_transformed":["Strike_G"],"player_choice":"Change","damage_taken":0,"max_hp_gain":0,"max_hp_loss":0,"event_name":"Living Wall","floor":11,"gold_loss":0,"cards_obtained":["All Out Attack"]},{"damage_healed":0,"gold_gain":0,"player_choice":"Smashed Altar","damage_taken":0,"max_hp_gain":0,"max_hp_loss":0,"event_name":"Forgotten Altar","floor":20,"gold_loss":0,"cards_obtained":["Decay"]},{"damage_healed":0,"gold_gain":0,"player_choice":"Copied","damage_taken":0,"max_hp_gain":0,"max_hp_loss":0,"event_name":"Duplicator","floor":21,"gold_loss":0,"cards_obtained":["Blade Dance"]}],"is_beta":false,"boss_relics":[{"not_picked":["HoveringKite","Philosopher\u0027s Stone"],"picked":"Fusion Hammer"}],"items_purged_floors":[14],"is_endless":false,"potions_floor_spawned":[3,10,12,13,19],"killed_by":"Book of Stabbing","ascension_level":17}}