{"host":"0odppg4bt6vnny3n","time":1613291690,"event":{"mods":["BaseMod","Colored Map","Colored Powertips","Minty Spire (QoL Compilation)","Quick Restart","Relic Stats","StSLib"],"gold_per_floor":[112,132,82,82,93,93,123,123,171,171,199,199,209,235,235,339,339,351,56,56,68,68,68,121,121,146,146,146],"floor_reached":27,"language":"ZHS","playtime":2088,"items_purged":[],"score":227,"play_id":"b55cf322-3c5f-4798-8266-cfb210bacd06","local_time":"20210214163450","is_ascension_mode":false,"campfire_choices":[{"floor":6.0,"key":"RECALL"},{"floor":8.0,"key":"REST"},{"floor":10.0,"key":"REST"},{"floor":15,"key":"REST"},{"floor":23,"key":"REST"},{"floor":25,"key":"REST"}],"circlet_count":0,"master_deck":["Strike_B+1","Strike_B","Strike_B+1","Defend_B","Defend_B","Defend_B","Defend_B","Zap","Dualcast","Conserve Battery","Rebound","Stack","Redo","Rainbow+1","Heatsinks","Conserve Battery","Creative AI","Fusion","Ball Lightning"],"relics":["FrozenCore","Tiny Chest","Shuriken","Oddly Smooth Stone","Regal Pillow","Juzu Bracelet","Bag of Marbles","Whetstone"],"acts_visited":["Exordium","TheCity"],"potions_floor_usage":[14,16,16],"damage_taken":[{"damage":0.0,"enemies":"2 Louse","floor":1.0,"turns":2.0},{"damage":5.0,"enemies":"Small Slimes","floor":2.0,"turns":3.0},{"damage":0.0,"enemies":"Cultist","floor":5.0,"turns":3.0},{"damage":46.0,"enemies":"Lagavulin","floor":7.0,"turns":9.0},{"damage":18.0,"enemies":"3 Sentries","floor":11.0,"turns":9.0},{"damage":3.0,"enemies":"Looter","floor":13.0,"turns":3.0},{"damage":31,"enemies":"Gremlin Nob","floor":14,"turns":4},{"damage":29,"enemies":"Slime Boss","floor":16,"turns":9},{"damage":23,"enemies":"Chosen","floor":18,"turns":6},{"damage":25,"enemies":"Spheric Guardian","floor":21,"turns":11},{"damage":58,"enemies":"Book of Stabbing","floor":27,"turns":7}],"seed_played":"-8338951096878774382","potions_obtained":[{"floor":1.0,"key":"PotionOfCapacity"},{"floor":7.0,"key":"Block Potion"},{"floor":11.0,"key":"DuplicationPotion"}],"is_trial":false,"path_per_floor":["M","M","?","?","M","R","E","R","T","R","E","?","M","E","R","B",null,"M","$","?","M","?","R","T","R","T","E"],"character_chosen":"DEFECT","items_purchased":["Regal Pillow","Juzu Bracelet"],"campfire_rested":5,"item_purchase_floors":[19,19],"current_hp_per_floor":[82,77,77,77,77,77,31,55,55,79,61,61,58,27,51,22,82,59,59,43,18,18,59,59,87,87,29,29],"gold":146,"neow_bonus":"TEN_PERCENT_HP_BONUS","is_daily":false,"chose_seed":false,"campfire_upgraded":0,"win_rate":0.0,"timestamp":1613291690,"path_taken":["M","M","?","?","M","R","E","R","T","R","E","?","M","E","R","BOSS","M","$","?","M","?","R","?","R","T","E"],"items_purchased_type":["Relic","Relic"],"build_version":"2020-12-22","purchased_purges":0,"victory":false,"max_hp_per_floor":[82,82,82,82,82,82,82,82,82,82,82,82,82,82,82,82,82,82,82,87,87,87,87,87,87,87,87,87],"relic_stats":{"Regal Pillow":17,"counters":[11,66],"Shuriken":[0],"Tiny Chest":1,"Juzu Bracelet":0,"Whetstone":["Strike_B","Strike_B"],"obtain_stats":[{"Regal Pillow":19,"Shuriken":11,"Oddly Smooth Stone":14,"Tiny Chest":7,"Juzu Bracelet":19,"Bag of Marbles":24,"Whetstone":26,"Cracked Core":0,"FrozenCore":17},{"Regal Pillow":9,"Shuriken":5,"Oddly Smooth Stone":7,"Tiny Chest":4,"Juzu Bracelet":9,"Bag of Marbles":10,"Whetstone":10,"Cracked Core":0,"FrozenCore":8},{"Regal Pillow":48,"Shuriken":26,"Oddly Smooth Stone":33,"Tiny Chest":17,"Juzu Bracelet":48,"Bag of Marbles":59,"Whetstone":59,"Cracked Core":0,"FrozenCore":42}],"FrozenCore":[8]},"card_choices":[{"not_picked":["Reprogram","Cold Snap"],"picked":"Conserve Battery","floor":1.0},{"not_picked":["Streamline","Go for the Eyes"],"picked":"Rebound","floor":2.0},{"not_picked":["Go for the Eyes","White Noise"],"picked":"Stack","floor":5.0},{"not_picked":["Conserve Battery","FTL"],"picked":"Redo","floor":7.0},{"not_picked":["Chaos","Aggregate"],"picked":"Rainbow","floor":11.0},{"not_picked":["Turbo","Undo"],"picked":"Heatsinks","floor":13.0},{"not_picked":["Rip and Tear","Gash"],"picked":"Conserve Battery","floor":14},{"not_picked":["Multi-Cast","Seek"],"picked":"Creative AI","floor":16},{"not_picked":["Scrape","Steam Power"],"picked":"Fusion","floor":18},{"not_picked":["Go for the Eyes","Stack+1"],"picked":"Ball Lightning","floor":21}],"player_experience":19094,"relics_obtained":[{"floor":7.0,"key":"Tiny Chest"},{"floor":11.0,"key":"Shuriken"},{"floor":14,"key":"Oddly Smooth Stone"},{"floor":24,"key":"Bag of Marbles"},{"floor":26,"key":"Whetstone"}],"event_choices":[{"cards_removed":["Strike_B"],"damage_healed":0.0,"max_hp_gain":0.0,"max_hp_loss":0.0,"gold_gain":0.0,"event_name":"The Cleric","player_choice":"Card Removal","floor":3.0,"gold_loss":50.0,"damage_taken":0.0},{"damage_healed":0.0,"max_hp_gain":0.0,"max_hp_loss":0.0,"gold_gain":0.0,"event_name":"Liars Game","player_choice":"Ignored","floor":4.0,"gold_loss":0.0,"damage_taken":0.0},{"damage_healed":0.0,"max_hp_gain":0.0,"max_hp_loss":0.0,"gold_gain":0.0,"event_name":"Accursed Blacksmith","player_choice":"Forge","floor":12.0,"gold_loss":0.0,"damage_taken":0.0,"cards_upgraded":["Rainbow"]},{"damage_healed":0,"gold_gain":0,"player_choice":"Shed Blood","damage_taken":21,"max_hp_gain":5,"max_hp_loss":0,"event_name":"Forgotten Altar","floor":20,"gold_loss":0},{"damage_healed":0,"gold_gain":0,"player_choice":"Ignored","damage_taken":0,"max_hp_gain":0,"max_hp_loss":0,"event_name":"Vampires","floor":22,"gold_loss":0}],"is_beta":false,"boss_relics":[{"not_picked":["Fusion Hammer","Calling Bell"],"picked":"FrozenCore"}],"items_purged_floors":[],"is_endless":false,"potions_floor_spawned":[1,7,11],"killed_by":"Book of Stabbing","ascension_level":0}}