{"host":"v2b7co6515hwzfig","time":1613276887,"event":{"mods":["BaseMod","Colored Powertips","Downfall","KinomotoSakuraMod(????)","Marisa????????","Minty Spire (QoL Compilation)","Quick Restart","Rare Cards Sparkle","StSLib","The Bug Knight","The Senshi"],"gold_per_floor":[113,113,188,208,226,253,272,272,272,287,287,287,321,347,347,449,449,465,465,117,117,129,161,161,161,161,172,190,190,217,233,233,332,332,349,1348,1348,1348,544,544,544],"floor_reached":40,"language":"ENG","playtime":2013,"items_purged":["Normality"],"score":459,"play_id":"94659895-c356-4df6-963a-6ea271c4a707","local_time":"20210214052807","is_ascension_mode":false,"campfire_choices":[{"floor":8,"key":"REST"},{"floor":12,"key":"REST"},{"floor":15,"key":"REST"},{"floor":24,"key":"REST"},{"floor":32,"key":"REST"}],"circlet_count":0,"master_deck":["Strike_R+1","Strike_R+1","Strike_R+1","Strike_R+1","Strike_R+1","Defend_R+1","Defend_R+1","Defend_R+1","Bash+1","Flex","Clothesline","Sword Boomerang","Heavy Blade","Fire Breathing","Body Slam+1","Heavy Blade+1","Demon Form","Anger+1","Body Slam+1","RitualDagger+1","Rampage+1","Anger+1","Power Through+1","Iron Wave+1","downfall:Bewildered","Limit Break","Flex","Barricade","Thunderclap+1","Normality","Wraith","Apotheosis","Blood for Blood+1"],"relics":["Black Blood","Bag of Marbles","Red Skull","Molten Egg 2","HollowMod:LifeEnderRelic","Blood Vial","Mark of Pain","Regal Pillow","TheAbacus","Ginger","Bottled Flame","sneckomod:BabySnecko","Bottled Tornado","Nunchaku","Oddly Smooth Stone","Cauldron"],"acts_visited":["Exordium","TheCity","TheBeyond"],"potions_floor_usage":[6,16,16,25,27,28,31,40,40,40],"damage_taken":[{"damage":8,"enemies":"2 Louse","floor":1,"turns":2},{"damage":6,"enemies":"Jaw Worm","floor":4,"turns":2},{"damage":9,"enemies":"Small Slimes","floor":5,"turns":5},{"damage":47,"enemies":"3 Sentries","floor":6,"turns":10},{"damage":0,"enemies":"2 Fungi Beasts","floor":7,"turns":2},{"damage":16,"enemies":"Large Slime","floor":10,"turns":4},{"damage":26,"enemies":"Lagavulin","floor":13,"turns":5},{"damage":26,"enemies":"Slime Boss","floor":16,"turns":7},{"damage":30,"enemies":"2 Thieves","floor":18,"turns":4},{"damage":17,"enemies":"3 Byrds","floor":22,"turns":4},{"damage":33,"enemies":"Book of Stabbing","floor":23,"turns":5},{"damage":0,"enemies":"Sentry and Sphere","floor":25,"turns":1},{"damage":0,"enemies":"Snake Plant","floor":27,"turns":3},{"damage":21,"enemies":"Centurion and Healer","floor":28,"turns":5},{"damage":50,"enemies":"Gremlin Leader","floor":30,"turns":4},{"damage":0,"enemies":"3 Cultists","floor":31,"turns":3},{"damage":72,"enemies":"Automaton","floor":33,"turns":9},{"damage":32,"enemies":"3 Shapes","floor":35,"turns":4},{"damage":65,"enemies":"Giant Head","floor":40,"turns":7}],"seed_played":"1272771277678040653","potions_obtained":[{"floor":4,"key":"bronze:BurnAndBuffPotion"},{"floor":5,"key":"Ancient Potion"},{"floor":13,"key":"LiquidMemories"},{"floor":22,"key":"SmokeBomb"},{"floor":23,"key":"Dexterity Potion"},{"floor":27,"key":"BloodPotion"},{"floor":30,"key":"Swift Potion"},{"floor":39,"key":"Explosive Potion"},{"floor":39,"key":"Explosive Potion"},{"floor":39,"key":"LiquidBronze"}],"is_trial":false,"path_per_floor":["M","?","?","M","M","E","M","R","T","M","?","R","E","T","R","B",null,"M","?","$","?","M","E","R","M","T","M","M","?","E","M","R","B",null,"M","?","?","?","$","E"],"character_chosen":"IRONCLAD","items_purchased":["Regal Pillow","TheAbacus","Body Slam+1","Nunchaku","Oddly Smooth Stone","Apotheosis","Blood for Blood+1","Cauldron"],"campfire_rested":5,"item_purchase_floors":[20,20,20,39,39,39,39,39],"current_hp_per_floor":[78,78,67,67,64,23,29,53,53,43,27,51,31,31,55,37,80,56,56,56,50,41,16,55,63,63,71,74,74,32,40,79,14,80,60,60,60,60,60,0,0],"gold":544,"neow_bonus":"RANDOM_COMMON_RELIC","is_daily":false,"chose_seed":false,"campfire_upgraded":0,"win_rate":0.0,"timestamp":1613276887,"path_taken":["M","?","?","M","M","E","M","R","T","M","?","R","E","?","R","BOSS","M","?","$","?","M","E","R","M","T","M","M","?","E","M","R","BOSS","M","?","?","?","$","E"],"items_purchased_type":["Relic","Relic","Card","Relic","Relic","Card","Card","Relic"],"build_version":"2020-12-13","purchased_purges":1,"victory":false,"max_hp_per_floor":[80,80,80,80,80,80,80,80,80,80,80,80,80,80,80,80,80,80,80,80,80,80,80,80,80,80,80,80,80,80,80,80,80,80,80,80,80,80,80,80,80],"card_choices":[{"not_picked":["Twin Strike","Body Slam"],"picked":"Flex","floor":1},{"not_picked":["Warcry","Ghostly Armor"],"picked":"Clothesline","floor":4},{"not_picked":["Carnage","Clash"],"picked":"Sword Boomerang","floor":5},{"not_picked":["Bloodletting","Entrench"],"picked":"Heavy Blade","floor":6},{"not_picked":["Pommel Strike","Power Through"],"picked":"Fire Breathing","floor":7},{"not_picked":["Spot Weakness","Flame Barrier"],"picked":"Body Slam+1","floor":10},{"not_picked":["Dual Wield","Pommel Strike+1"],"picked":"Heavy Blade+1","floor":13},{"not_picked":["Impervious","Juggernaut"],"picked":"Demon Form","floor":16},{"not_picked":["Heavy Blade+1","Thunderclap+1"],"picked":"Anger+1","floor":18},{"not_picked":["Warcry+1","Thunderclap+1"],"picked":"Rampage+1","floor":22},{"not_picked":["Dark Embrace+1","Flex"],"picked":"Anger+1","floor":23},{"not_picked":["Perfected Strike+1","Clash+1"],"picked":"Power Through+1","floor":27},{"not_picked":["Berserk","Anger+1"],"picked":"Iron Wave+1","floor":28},{"not_picked":["Sword Boomerang+1","Warcry"],"picked":"Limit Break","floor":30},{"not_picked":["Clothesline+1","Berserk"],"picked":"Flex","floor":31},{"not_picked":["Immolate+1","Impervious"],"picked":"Barricade","floor":33},{"not_picked":["Clash+1","Battle Trance"],"picked":"Thunderclap+1","floor":35}],"player_experience":13641,"relics_obtained":[{"floor":6,"key":"Red Skull"},{"floor":9,"key":"Molten Egg 2"},{"floor":13,"key":"HollowMod:LifeEnderRelic"},{"floor":14,"key":"Blood Vial"},{"floor":23,"key":"Ginger"},{"floor":26,"key":"Bottled Flame"},{"floor":30,"key":"Bottled Tornado"}],"event_choices":[{"damage_healed":0,"gold_gain":0,"player_choice":"Leave","damage_taken":0,"max_hp_gain":0,"max_hp_loss":0,"event_name":"The Cleric","floor":2,"gold_loss":0},{"damage_healed":0,"gold_gain":75,"player_choice":"Gather Gold","damage_taken":11,"max_hp_gain":0,"max_hp_loss":0,"event_name":"World of Goop","floor":3,"gold_loss":0},{"damage_healed":0,"gold_gain":0,"player_choice":"Entered Light","damage_taken":16,"max_hp_gain":0,"max_hp_loss":0,"event_name":"Shining Light","floor":11,"gold_loss":0,"cards_upgraded":["Strike_R","Bash"]},{"damage_healed":0,"gold_gain":0,"player_choice":"Simplicity","damage_taken":0,"max_hp_gain":0,"max_hp_loss":0,"event_name":"Back to Basics","floor":19,"gold_loss":0,"cards_upgraded":["Strike_R","Strike_R","Strike_R","Strike_R","Defend_R","Defend_R","Defend_R","Defend_R"]},{"damage_healed":0,"gold_gain":0,"player_choice":"Joined the Cult","damage_taken":6,"max_hp_gain":0,"max_hp_loss":0,"event_name":"Nest","floor":21,"gold_loss":0,"cards_obtained":["RitualDagger"]},{"damage_healed":0,"gold_gain":999,"player_choice":"Gold","damage_taken":0,"max_hp_gain":0,"max_hp_loss":0,"event_name":"MindBloom","floor":36,"gold_loss":0,"cards_obtained":["Normality","Normality"]},{"cards_removed":["Defend_R"],"damage_healed":0,"gold_gain":0,"player_choice":"Removed Skill","damage_taken":0,"max_hp_gain":0,"max_hp_loss":0,"event_name":"Falling","floor":37,"gold_loss":0},{"damage_healed":0,"gold_gain":0,"player_choice":"Ignored","damage_taken":0,"max_hp_gain":0,"max_hp_loss":0,"event_name":"OrinTheCat","floor":38,"gold_loss":0}],"is_beta":false,"boss_relics":[{"not_picked":["Empty Cage","Cursed Key"],"picked":"Mark of Pain"},{"not_picked":["bronze:MakeshiftBattery","Philosopher\u0027s Stone"],"picked":"Black Blood"}],"items_purged_floors":[39],"is_endless":false,"potions_floor_spawned":[4,5,13,22,23,27,30],"killed_by":"Giant Head","ascension_level":0}}