{"host":"gaqyve1328ta0etl","time":1613266914,"event":{"mods":["BaseMod","Colored Map","Colored Powertips","Duelist Mod","Googly Eyes","Hero for Fun","Minty Spire (QoL Compilation)","Shop Mod","StSLib","SuperFastMode","The Hierophant","The Runesmith"],"gold_per_floor":[143,50,50,50,50,50,50,73,148,148,164,164,164,188,188,317,317,336,336,261,261,261],"floor_reached":21,"language":"ENG","playtime":652,"items_purged":["theDuelist:CastleWalls"],"score":248,"play_id":"d8e2528f-4f08-4493-a756-1ad1bcdd87b7","local_time":"20210213174154","is_ascension_mode":true,"campfire_choices":[{"data":"theDuelist:YamiForm","floor":6.0,"key":"SMITH"},{"data":"theDuelist:AmuletAmbition","floor":10.0,"key":"SMITH"},{"floor":15,"key":"REST"}],"circlet_count":0,"master_deck":["theDuelist:MagicSparks+1","theDuelist:FinalFlame","theDuelist:BeaverWarrior","theDuelist:GiantSoldier","theDuelist:AmuletAmbition+1","theDuelist:RainbowNeos","theDuelist:YamiForm+1","AscendersBane","theDuelist:CastleWalls","theDuelist:BeaverWarrior","theDuelist:ScrapFactory","theDuelist:WingedKuriboh","theDuelist:GiantSoldier","theDuelist:RainbowNeos","theDuelist:RainbowKuriboh","theDuelist:Tuningware"],"relics":["theDuelist:MillenniumPuzzle","theDuelist:CardPoolRelic","theDuelist:CardPoolBasicRelic","theDuelist:BoosterPackPoolRelic","theDuelist:CardPoolAddRelic","theDuelist:CardPoolMinusRelic","theDuelist:CardPoolSaveRelic","theDuelist:CardPoolOptionsRelic","NeowsBlessing","Golden Idol","theDuelist:SolderToken","theDuelist:MillenniumArmor","SacredBark"],"acts_visited":["Exordium","TheCity"],"potions_floor_usage":[16,18],"damage_taken":[{"damage":0.0,"enemies":"Small Slimes","floor":1.0,"turns":1.0},{"damage":0.0,"enemies":"Jaw Worm","floor":8.0,"turns":1.0},{"damage":0.0,"enemies":"2 Louse","floor":11.0,"turns":1.0},{"damage":0,"enemies":"Blue Slaver","floor":14,"turns":5},{"damage":14,"enemies":"Slime Boss","floor":16,"turns":8},{"damage":0,"enemies":"Chosen","floor":18,"turns":5},{"damage":88,"enemies":"Chosen","floor":21,"turns":11}],"seed_played":"9129579034430008374","potions_obtained":[{"floor":8.0,"key":"BlessingOfTheForge"},{"floor":14,"key":"Block Potion"},{"floor":16,"key":"theDuelist:FlamingBottle"},{"floor":18,"key":"theDuelist:BottledKuriboh"}],"is_trial":false,"path_per_floor":["M","?","?","$","?","R","$","M","T","R","M","?","?","M","R","B",null,"M","?","$","?"],"character_chosen":"THE_DUELIST","items_purchased":[],"campfire_rested":1,"item_purchase_floors":[],"current_hp_per_floor":[72,72,52,52,52,52,52,52,52,52,52,46,46,46,70,56,74,74,74,74,0,0],"gold":261,"neow_bonus":"THREE_ENEMY_KILL","is_daily":false,"chose_seed":false,"campfire_upgraded":2,"win_rate":0.0,"timestamp":1613266914,"path_taken":["M","?","?","?","?","R","?","?","T","R","M","?","?","M","R","BOSS","M","?","$","?"],"items_purchased_type":[],"build_version":"2020-12-22","purchased_purges":1,"victory":false,"max_hp_per_floor":[80,80,80,80,80,80,80,80,80,80,80,80,80,80,80,80,80,80,80,80,80,80],"card_choices":[{"not_picked":["theDuelist:SpiritHarp","theDuelist:WormApocalypse","theDuelist:MagnumShield","theDuelist:SilentDoom"],"picked":"theDuelist:RainbowNeos","floor":1.0},{"not_picked":["theDuelist:Wildfire","theDuelist:SwordsConcealing"],"picked":"theDuelist:AmuletAmbition","floor":8.0},{"not_picked":["theDuelist:ScrapFactory","theDuelist:WormApocalypse","theDuelist:MeteorDestruction","theDuelist:Invigoration"],"picked":"theDuelist:RainbowNeos","floor":11.0},{"not_picked":["theDuelist:DianKeto","theDuelist:WormWarlord","theDuelist:ChangeHeart","theDuelist:RedHeadedOni"],"picked":"theDuelist:WingedKuriboh","floor":14},{"not_picked":["theDuelist:RainbowNeos","theDuelist:KamionTimelord","theDuelist:Eva","theDuelist:RainbowOverdragon"],"picked":"theDuelist:RainbowKuriboh","floor":16},{"not_picked":["theDuelist:Predaponics","theDuelist:DeltaAttacker","theDuelist:ChaosSeed","theDuelist:EgoBoost+1"],"picked":"theDuelist:Tuningware","floor":18}],"player_experience":2193821,"relics_obtained":[{"floor":9.0,"key":"theDuelist:SolderToken"}],"event_choices":[{"damage_healed":0.0,"max_hp_gain":0.0,"max_hp_loss":0.0,"gold_gain":0.0,"event_name":"Card Trader","player_choice":"Purchased Yami Form for 93 Gold.","duelist":true,"floor":2.0,"gold_loss":0.0,"damage_taken":0.0},{"damage_healed":0.0,"max_hp_gain":0.0,"max_hp_loss":0.0,"gold_gain":0.0,"event_name":"Golden Idol","player_choice":"Take Damage","floor":3.0,"gold_loss":0.0,"damage_taken":20.0,"relics_obtained":["Golden Idol"]},{"total_magic_score":36.0,"gold_gain":0.0,"duelist":true,"damage_taken":0.0,"relics_obtained":[],"points":6.0,"max_hp_gain":0.0,"max_hp_loss":0.0,"spent_points":{"magic":0.0,"greed":0.0,"war":3.0,"power":1.0,"hunger":2.0},"event_name":"Nameless Tomb","floor":5.0,"gold_loss":0.0,"cards_obtained":[]},{"damage_healed":0.0,"max_hp_gain":0.0,"max_hp_loss":0.0,"gold_gain":0.0,"event_name":"Aknamkanon\u0027s Tomb","player_choice":"Dig - random Duelist relic","duelist":true,"floor":12.0,"gold_loss":0.0,"damage_taken":0.0},{"damage_healed":0,"gold_gain":0,"player_choice":"Ignored","damage_taken":0,"max_hp_gain":0,"max_hp_loss":0,"event_name":"Liars Game","floor":13,"gold_loss":0},{"cards_removed":["theDuelist:Sparks"],"damage_healed":0,"gold_gain":0,"player_choice":"Elegance","damage_taken":0,"max_hp_gain":0,"max_hp_loss":0,"event_name":"Back to Basics","floor":19,"gold_loss":0},{"damage_healed":0,"gold_gain":0,"player_choice":"Fight","duelist":true,"damage_taken":0,"max_hp_gain":0,"max_hp_loss":0,"event_name":"Battle City","floor":21,"gold_loss":0}],"is_beta":false,"boss_relics":[{"not_picked":["Ectoplasm","Velvet Choker"],"picked":"SacredBark"}],"items_purged_floors":[20],"is_endless":false,"potions_floor_spawned":[8,14,16,18],"killed_by":"Chosen","ascension_level":10}}