{"host":"0s686iw3hprdrk8c","time":1613273938,"event":{"mods":["BaseMod","Bestiary","Downfall","Marisa????????","Minty Spire (QoL Compilation)","Replay The Spire","StSLib","The Hierophant","The Servant 0.9.4"],"gold_per_floor":[117,135,150,150,150,150,171,171,225,250,325,325,344,375,375,374,374,387,387,72,88,28,28,28,60,86,86,86,86,103,122,122,225,225,243,260,0,0,15,15,47,96,122,169,218,233,32,52,52,52,52,52,13,38,38],"floor_reached":56,"language":"ENG","playtime":6870,"items_purged":[],"score":1464,"play_id":"3f3ddc70-4bbf-4ebc-8e89-c24aa0ea6b78","local_time":"20210213223858","is_ascension_mode":true,"campfire_choices":[{"floor":6.0,"key":"RECALL"},{"data":"Mayhem","floor":8.0,"key":"SMITH"},{"floor":12.0,"key":"REST"},{"data":"Poison Darts","floor":23.0,"key":"SMITH"},{"floor":27.0,"key":"REST"},{"floor":29.0,"key":"REST"},{"floor":40.0,"key":"REST"},{"floor":49,"key":"REST"},{"data":"ReplayTheSpireMod:Necrosis","floor":52,"key":"SMITH"}],"circlet_count":0,"master_deck":["Survivor","Neutralize","Blur","ReplayTheSpireMod:Brewmster+1","Blind","Mayhem+1","Deflect","Quick Slash","Cloak And Dagger","Dodge and Roll+1","Sucker Punch","Corpse Explosion","Phantasmal Killer","Envenom","Deflect","Poison Darts+1","All Out Attack","Endless Agony","Catalyst","Tools of the Trade","Poisoned Stab","Blade Dance+1","Prepared","Backflip","Infinite Blades","ReplayTheSpireMod:Scrap Shanks","ReplayTheSpireMod:Scrap Shanks","Outmaneuver","Malaise","Bullet Time","Cloak And Dagger+1","Fluid Movement","Cloak And Dagger+1","Flying Knee","Slice","Underhanded Strike+1","ReplayTheSpireMod:Necrosis+1","Hidden Blade+1"],"relics":["Ring of the Snake","NeowsBlessing","Replay:Wax Seal","ReplayTheSpireMod:ShopPack","Odd Mushroom","Blood Vial","Unceasing Top","The Courier","Pandora\u0027s Box","Iron Hammer","Potion Belt","Basket Of Snakes","Snecko Scales","Red Mask","Replay:Kaleidoscope","Thread and Needle","Strawberry","CatCart","Replay:Mystery Machine","Lantern","Bag of Preparation"],"acts_visited":["Exordium","TheCity","TheBeyond","TheEnding"],"potions_floor_usage":[44,44,44,46,46,46,48,50,50,50,50,50,54,54,55,55,55,55,55],"damage_taken":[{"damage":0.0,"enemies":"Small Slimes","floor":1.0,"turns":1.0},{"damage":0.0,"enemies":"2 Louse","floor":3.0,"turns":1.0},{"damage":0.0,"enemies":"The Mushroom Lair","floor":7.0,"turns":2.0},{"damage":0.0,"enemies":"Lagavulin","floor":10.0,"turns":5.0},{"damage":3.0,"enemies":"Cultist","floor":13.0,"turns":4.0},{"damage":17.0,"enemies":"3 Sentries","floor":14.0,"turns":8.0},{"damage":12.0,"enemies":"Slime Boss","floor":16.0,"turns":16.0},{"damage":6.0,"enemies":"3 Byrds","floor":18.0,"turns":3.0},{"damage":9.0,"enemies":"Shell Parasite","floor":21.0,"turns":3.0},{"damage":38.0,"enemies":"Slavers","floor":25.0,"turns":3.0},{"damage":22.0,"enemies":"Centurion and Healer","floor":30.0,"turns":5.0},{"damage":8.0,"enemies":"Snake Plant","floor":31.0,"turns":4.0},{"damage":13.0,"enemies":"Champ","floor":33.0,"turns":9.0},{"damage":9.0,"enemies":"3 Darklings","floor":35.0,"turns":4.0},{"damage":4.0,"enemies":"3 Shapes","floor":36.0,"turns":3.0},{"damage":22.0,"enemies":"Jaw Worm Horde","floor":39.0,"turns":3.0},{"damage":9.0,"enemies":"Giant Head","floor":41.0,"turns":6.0},{"damage":12,"enemies":"2 Orb Walkers","floor":42,"turns":4},{"damage":1,"enemies":"Orin","floor":44,"turns":4},{"damage":23,"enemies":"Writhing Mass","floor":46,"turns":4},{"damage":0,"enemies":"Transient","floor":48,"turns":4},{"damage":64,"enemies":"Time Eater","floor":50,"turns":7},{"damage":39,"enemies":"Shield and Spear","floor":54,"turns":4},{"damage":97,"enemies":"The Heart","floor":55,"turns":7}],"seed_played":"-2058035039224402019","potions_obtained":[{"floor":1.0,"key":"SpeedPotion"},{"floor":3.0,"key":"Slimebound:ThreeZeroPotion"},{"floor":13.0,"key":"Strength Potion"},{"floor":30.0,"key":"ColorlessPotion"},{"floor":32.0,"key":"AttackPotion"},{"floor":36.0,"key":"LiquidBronze"},{"floor":44,"key":"ColorlessPotion"},{"floor":46,"key":"Poison Potion"},{"floor":48,"key":"Strength Potion"},{"floor":54,"key":"ColorlessPotion"}],"is_trial":false,"path_per_floor":["M","$","M","?","?","R","?","R","T","E","?","R","M","E","R","B",null,"M","?","$","M","$","R","?","E","T","R","?","R","M","M","R","B",null,"M","M","?","?","M","R","E","?","T","?","T","M","$","M","R","B",null,"R","$","E","B",null],"character_chosen":"THE_SILENT","items_purchased":["Replay:Wax Seal","ReplayTheSpireMod:ShopPack","Iron Hammer","Potion Belt","Infinite Blades","Lantern","FairyPotion","champ:CounterPotion"],"campfire_rested":5,"item_purchase_floors":[2,2,20,20,22,47,47,53],"current_hp_per_floor":[70,70,70,56,56,56,56,56,56,58,47,68,67,52,70,58,70,64,64,64,57,57,57,57,21,21,42,42,63,43,37,37,40,70,61,59,59,59,39,60,53,43,50,51,51,30,30,32,55,23,77,77,77,38,22],"gold":38,"neow_bonus":"THREE_ENEMY_KILL","is_daily":false,"chose_seed":false,"campfire_upgraded":3,"win_rate":0.0,"timestamp":1613273938,"path_taken":["M","$","M","?","?","R","?","R","T","E","?","R","M","E","R","BOSS","M","?","?","M","$","R","?","E","T","R","?","R","?","M","R","BOSS","M","M","?","?","M","R","E","?","T","?","?","M","$","?","R","BOSS","R","$","E","BOSS"],"items_purchased_type":["Relic","Relic","Relic","Relic","Card","Relic","Potion","Potion"],"build_version":"2020-12-22","purchased_purges":0,"victory":true,"max_hp_per_floor":[70,70,70,70,70,70,70,70,70,70,70,70,70,70,70,70,70,70,70,70,70,70,70,70,70,70,70,70,70,70,70,70,70,70,70,70,70,70,70,70,70,70,77,77,77,77,77,77,77,77,77,77,77,77,77],"card_choices":[{"not_picked":["Backflip","Leg Sweep"],"picked":"Blur","floor":1.0},{"not_picked":["Crow Ritual","Violence"],"picked":"ReplayTheSpireMod:Brewmster","floor":2.0},{"not_picked":["Crow Ritual","Good Instincts"],"picked":"Blind","floor":2.0},{"not_picked":["ReplayTheSpireMod:Necrogeddon","Swift Strike"],"picked":"Mayhem","floor":2.0},{"not_picked":["Endless Agony","Backflip"],"picked":"Deflect","floor":3.0},{"not_picked":["Deadly Poison","Backflip"],"picked":"Quick Slash","floor":7.0},{"not_picked":["Backflip","PiercingWail"],"picked":"Cloak And Dagger","floor":10.0},{"not_picked":["Glass Knife","Backflip"],"picked":"Dodge and Roll","floor":13.0},{"not_picked":["Dodge and Roll","Crippling Poison"],"picked":"Sucker Punch","floor":14.0},{"not_picked":["Malaise","Adrenaline"],"picked":"Corpse Explosion","floor":16.0},{"not_picked":["Dagger Throw+1","Acrobatics"],"picked":"Blade Dance+1","floor":18.0},{"not_picked":["Bane","Dagger Spray+1"],"picked":"Backflip","floor":21.0},{"not_picked":["Backflip","Outmaneuver+1"],"picked":"ReplayTheSpireMod:Scrap Shanks","floor":25.0},{"not_picked":["Finisher+1","Sneak Up"],"picked":"Outmaneuver","floor":30.0},{"not_picked":["Bane+1","Deflect"],"picked":"Malaise","floor":31.0},{"not_picked":["Atom Bomb","Glass Knife"],"picked":"Bullet Time","floor":33.0},{"not_picked":["Terror+1","Hidden Blade"],"picked":"Cloak And Dagger+1","floor":35.0},{"not_picked":["Bouncing Flask","Hidden Blade"],"picked":"Fluid Movement","floor":36.0},{"not_picked":["Dagger Throw+1","Blade Dance+1"],"picked":"Cloak And Dagger+1","floor":39.0},{"not_picked":["Bane","Dodge and Roll","Dagger Throw+1"],"picked":"SKIP","floor":41.0},{"not_picked":["Sneak Up","Backstab"],"picked":"Flying Knee","floor":42},{"not_picked":["Skewer","Terror"],"picked":"Slice","floor":44},{"not_picked":["Blade Dance","Sucker Punch+1"],"picked":"Underhanded Strike+1","floor":46},{"not_picked":["Dagger Throw","Dodge and Roll"],"picked":"ReplayTheSpireMod:Necrosis","floor":48},{"not_picked":["Dodge and Roll+1","Escape Plan+1"],"picked":"Hidden Blade+1","floor":54}],"player_experience":237953,"relics_obtained":[{"floor":7.0,"key":"Odd Mushroom"},{"floor":9.0,"key":"Blood Vial"},{"floor":10.0,"key":"Unceasing Top"},{"floor":14.0,"key":"The Courier"},{"floor":25.0,"key":"Basket Of Snakes"},{"floor":41.0,"key":"Replay:Kaleidoscope"},{"floor":42,"key":"Thread and Needle"},{"floor":43,"key":"Strawberry"},{"floor":44,"key":"CatCart"},{"floor":45,"key":"Replay:Mystery Machine"},{"floor":54,"key":"Bag of Preparation"}],"event_choices":[{"damage_healed":0.0,"max_hp_gain":0.0,"max_hp_loss":0.0,"gold_gain":0.0,"event_name":"Shining Light","player_choice":"Entered Light","floor":4.0,"gold_loss":0.0,"damage_taken":14.0,"cards_upgraded":["Strike_G","Strike_G"]},{"damage_healed":0.0,"max_hp_gain":0.0,"max_hp_loss":0.0,"gold_gain":0.0,"event_name":"Living Wall","player_choice":"Grow","floor":5.0,"gold_loss":0.0,"damage_taken":0.0,"cards_upgraded":["ReplayTheSpireMod:Brewmster"]},{"damage_healed":0.0,"max_hp_gain":0.0,"max_hp_loss":0.0,"gold_gain":0.0,"event_name":"Mushrooms","player_choice":"Fought Mushrooms","floor":7.0,"gold_loss":0.0,"damage_taken":0.0},{"damage_healed":0.0,"max_hp_gain":0.0,"max_hp_loss":0.0,"gold_gain":75.0,"event_name":"World of Goop","player_choice":"Gather Gold","floor":11.0,"gold_loss":0.0,"damage_taken":11.0},{"damage_healed":0.0,"max_hp_gain":0.0,"max_hp_loss":0.0,"gold_gain":0.0,"cards_transformed":["Setup"],"event_name":"Transmorgrifier","player_choice":"Transformed","floor":19.0,"gold_loss":0.0,"damage_taken":0.0,"cards_obtained":["Prepared"]},{"damage_healed":0.0,"max_hp_gain":0.0,"max_hp_loss":0.0,"gold_gain":0.0,"event_name":"Duplicator","player_choice":"Copied","floor":28.0,"gold_loss":0.0,"damage_taken":0.0,"cards_obtained":["ReplayTheSpireMod:Scrap Shanks"]},{"damage_healed":0.0,"max_hp_gain":0.0,"max_hp_loss":0.0,"gold_gain":0.0,"event_name":"Tomb of Lord Red Mask","player_choice":"Paid","floor":37.0,"gold_loss":260.0,"damage_taken":0.0,"relics_obtained":["Red Mask"]},{"damage_healed":0,"gold_gain":0,"player_choice":"Fight","damage_taken":0,"max_hp_gain":0,"max_hp_loss":0,"event_name":"Mysterious Sphere","floor":42,"gold_loss":0},{"damage_healed":0,"gold_gain":0,"player_choice":"Fight","damage_taken":0,"max_hp_gain":0,"max_hp_loss":0,"event_name":"OrinTheCat","floor":44,"gold_loss":0}],"is_beta":false,"boss_relics":[{"not_picked":["Philosopher\u0027s Stone","ReplayTheSpireMod:DimensionalGlitch"],"picked":"Pandora\u0027s Box"},{"not_picked":["Cursed Key","Painkiller Herb"],"picked":"Snecko Scales"}],"items_purged_floors":[],"is_endless":false,"potions_floor_spawned":[1,3,13,30,31,36,44,46,48,54],"ascension_level":4}}