{"host":"b6kqr6ulwax9qd8q","time":1613271795,"event":{"mods":["BaseMod","Minty Spire (QoL Compilation)"],"gold_per_floor":[118,138,149,168,343,343,356,387,387,387,387],"floor_reached":10,"language":"ENG","playtime":572,"items_purged":[],"score":84,"play_id":"695241c9-37ef-4bc2-8953-10c0cb67e3b7","local_time":"20210213220315","is_ascension_mode":true,"campfire_choices":[{"data":"Genetic Algorithm","floor":6,"key":"SMITH"}],"circlet_count":0,"master_deck":["Strike_B","Strike_B","Strike_B","Strike_B","Defend_B","Defend_B","Defend_B","Defend_B","Zap","Dualcast","Leap","Genetic Algorithm+1","Darkness","Thunder Strike","Doubt","Cold Snap","Redo"],"relics":["Cracked Core","NeowsBlessing","Frozen Egg 2","Kunai"],"acts_visited":["Exordium"],"potions_floor_usage":[8,8],"damage_taken":[{"damage":0,"enemies":"Cultist","floor":1,"turns":1},{"damage":0,"enemies":"Small Slimes","floor":2,"turns":1},{"damage":0,"enemies":"2 Louse","floor":3,"turns":1},{"damage":35,"enemies":"Gremlin Gang","floor":4,"turns":5},{"damage":3,"enemies":"Exordium Wildlife","floor":7,"turns":5},{"damage":31,"enemies":"3 Sentries","floor":8,"turns":8},{"damage":16,"enemies":"Lagavulin","floor":10,"turns":5}],"seed_played":"-6451489653008849836","potions_obtained":[{"floor":4,"key":"Fruit Juice"},{"floor":7,"key":"LiquidMemories"}],"is_trial":false,"path_per_floor":["M","M","M","M","?","R","M","E","T","E"],"character_chosen":"DEFECT","items_purchased":[],"campfire_rested":0,"item_purchase_floors":[],"current_hp_per_floor":[75,75,75,40,40,40,37,11,11,0,0],"gold":387,"neow_bonus":"THREE_ENEMY_KILL","is_daily":false,"chose_seed":false,"campfire_upgraded":1,"win_rate":0.0,"timestamp":1613271795,"path_taken":["M","M","M","?","?","R","M","E","T","E"],"items_purchased_type":[],"build_version":"2020-12-22","purchased_purges":0,"victory":false,"max_hp_per_floor":[75,75,75,75,75,75,75,80,80,80,80],"card_choices":[{"not_picked":["Barrage","Turbo"],"picked":"Leap","floor":1},{"not_picked":["Gash","Streamline"],"picked":"Genetic Algorithm","floor":2},{"not_picked":["Conserve Battery","Hologram"],"picked":"Darkness","floor":3},{"not_picked":["Double Energy","Sweeping Beam"],"picked":"Thunder Strike","floor":4},{"not_picked":["Streamline","Rebound"],"picked":"Cold Snap","floor":7},{"not_picked":["Beam Cell","Gash"],"picked":"Redo","floor":8}],"player_experience":592249,"relics_obtained":[{"floor":8,"key":"Frozen Egg 2"},{"floor":9,"key":"Kunai"}],"event_choices":[{"damage_healed":0,"gold_gain":175,"player_choice":"AGREE","damage_taken":0,"max_hp_gain":0,"max_hp_loss":0,"event_name":"Liars Game","floor":5,"gold_loss":0,"cards_obtained":["Doubt"]}],"is_beta":false,"boss_relics":[],"items_purged_floors":[],"is_endless":false,"potions_floor_spawned":[4,7],"killed_by":"Lagavulin","ascension_level":4}}