{"host":"0azimyi6n3ugndj4","time":1613263264,"event":{"mods":["2.2 Compatiblity","BaseMod","Bestiary","Conspire","Curses Come First","Defuse TimeMaze Blight","Downfall","Hermit","Hubris","Hyrulean Relics","Infinite Spire","Keyboard Shortcuts","Minty Spire (QoL Compilation)","Relic Filter Mod","Relic Stats","Reliquary","Replay The Spire","StSLib","SuperFastMode","The Cursed","The Hierophant","Uncapped","¡¼?Úª?ø«¡½REMEMod"],"gold_per_floor":[149,149,149,213,269,269,269,316,343,343,343,468,468,128,128,355,455,519,519,519,499,499],"floor_reached":21,"language":"ENG","playtime":350,"items_purged":[],"score":530,"play_id":"5405918c-795d-4cff-85f7-05e58c169886","local_time":"20210214094104","daily_mods":["Draft","Hoarder","Insanity","Chimera","Specialized","Vintage","ControlledChaos","Allstar","Diverse","Colorless Cards","Heirloom","Time Dilation","Flight","downfall:Jewelcrafting","downfall:ChampStances","downfall:Improvised","Elite Swarm","Lethality","Midas","downfall:WorldOfGoo","downfall:Enraging","Binary"],"is_ascension_mode":true,"campfire_choices":[{"floor":10.0,"key":"REST"},{"floor":15.0,"key":"REST"}],"circlet_count":0,"master_deck":["bronze:Strike","bronze:Strike","bronze:Strike","bronze:Defend","bronze:Defend","bronze:Defend","Demon Form","Wraith Form v2","Echo Form","DevaForm","bronze:Verify","Guardian:ConstructionForm","Slimebound:DuplicatedForm","sneckomod:SerpentMind","hexamod:HexaLevel","champ:GladiatorForm","AscendersBane","Survivor","Zap","hierophant:Patience","Coolheaded","Dagger Throw","hierophant:RustyCrate","TheCursedMod:SpreadPlague","hermit:Scavenge","bronze:CutThrough","sneckomod:UnknownClassGUARDIAN","Barrage","hierophant:Zeal","Caltrops","TheCursedMod:SoulCrush","hierophant:OrnateBuckler","Wild Strike","hubris:ReadiedAction","Guardian:TemporalShield","bronze:BronzeOrb","hexamod:Rewind","champ:TornadoPunch","champ:ShieldSlam","hierophant:Endure","bronze:BitShift","EmptyFist","champ:ShieldWall","bronze:BitShift","hermit:NoHoldsBarred","hexamod:AdvancingGuard","Conserve Battery","Ball Lightning","FollowUp","sneckomod:UnknownDraw","REME_ShadowStrike","hermit:Roulette","TheCursedMod:CursedShiv","Compile Driver","Replay:BluntJabs","TheCursedMod:SpitefulStrike","Bane","hermit:Dive","WreathOfFlame","Protect","REME_ShortnessOfBreath","CrushJoints","Slimebound:FlameTackle","hermit:Headshot","hierophant:Shelter","conspire:Banana","Guardian:CrystalBeam","Catalyst","Guardian:ExploitGems","Guardian:ExploitGems","sneckomod:UnknownCommonAttack","sneckomod:UnknownCommonAttack","sneckomod:UnknownCommonAttack","sneckomod:UnknownCommonSkill","sneckomod:UnknownCommonSkill","sneckomod:UnknownCommonSkill","sneckomod:UnknownUncommonAttack","sneckomod:UnknownUncommonSkill","sneckomod:UnknownUncommonPower","sneckomod:Unknown","sneckomod:UnknownUncommonSkill","sneckomod:UnknownUncommonSkill","sneckomod:UnknownUncommonSkill","sneckomod:UnknownUncommonSkill","sneckomod:UnknownUncommonSkill","sneckomod:UnknownUncommonSkill","sneckomod:UnknownUncommonSkill","sneckomod:UnknownUncommonSkill","sneckomod:UnknownUncommonSkill","sneckomod:UnknownUncommonSkill","sneckomod:UnknownUncommonSkill","sneckomod:UnknownUncommonSkill","sneckomod:UnknownUncommonSkill","sneckomod:UnknownUncommonSkill","sneckomod:UnknownUncommonSkill","Guardian:RollAttack","Guardian:RollAttack","Guardian:RollAttack","hexamod:StepThrough","hexamod:StepThrough","hexamod:StepThrough","bronze:Frontload","bronze:Frontload","bronze:Frontload","Prepared","Prepared","Prepared","Indignation","Indignation","Indignation","Dual Wield","Dual Wield","Dual Wield","hubris:Ssssneak","hubris:Ssssneak","hubris:Ssssneak","Thunderclap","Thunderclap","Thunderclap","hermit:HoleUp","hermit:HoleUp","hermit:HoleUp","hierophant:HammerAndAnvil","hierophant:HammerAndAnvil","hierophant:HammerAndAnvil","Barrage","Barrage","Barrage","BasicCrystalCard","BasicCrystalCard","BasicCrystalCard","Panic Button","Panic Button","Panic Button","hubris:PowerSurge","hubris:PowerSurge","hubris:PowerSurge","Guardian:ChargeCore","Guardian:ChargeCore","Guardian:ChargeCore","Grand Finale","Grand Finale","Grand Finale","Bash","Bash","Bash","sneckomod:Mudshield","sneckomod:Mudshield","sneckomod:Mudshield","Guardian:Gem_Lightblue","Guardian:Gem_Lightblue","Eruption","Eruption","Eruption"],"relics":["Frozen Eye","Busted Crown","REME_ComplimentaryCards","Guardian:PickAxe","champ:ChampStancesModRelic","bronze:AnalyticalCore","Guardian:GemstoneGun","Blue Doll","Blue Candle","Centennial Puzzle","Replay:M_SmolderingBlood","Kunai","zeldaRelics:CouragePiece","infinitespire:CheckeredPen","hubris:Towel","Chemical X","Toy Ornithopter","Replay:Wanted Poster","Sundial"],"acts_visited":["Exordium","TheCity"],"potions_floor_usage":[18,21],"damage_taken":[{"damage":0.0,"enemies":"Jaw Worm","floor":1.0,"turns":2.0},{"damage":0.0,"enemies":"Cultist","floor":4.0,"turns":2.0},{"damage":7.0,"enemies":"Small Slimes","floor":5.0,"turns":3.0},{"damage":0.0,"enemies":"2 Fungi Beasts","floor":8.0,"turns":2.0},{"damage":18.0,"enemies":"Lagavulin Event","floor":12.0,"turns":5.0},{"damage":0,"enemies":"Slime Boss","floor":16,"turns":3},{"damage":85,"enemies":"conspire:FuzzyDice","floor":18,"turns":4},{"damage":12,"enemies":"2 Thieves","floor":21,"turns":1}],"seed_played":"-3604594307926987163","potions_obtained":[{"floor":1.0,"key":"GamblersBrew"},{"floor":5.0,"key":"Swift Potion"}],"is_trial":true,"path_per_floor":["M","?","?","M","M","R","?","M","T","R","?","?","?","$","R","B",null,"M","?","?","M"],"character_chosen":"IRONCLAD","items_purchased":["Chemical X","Toy Ornithopter"],"campfire_rested":2,"item_purchase_floors":[14,14],"current_hp_per_floor":[74,70,70,75,74,74,74,74,74,75,80,62,62,62,80,81,81,1,1,1,0,0],"gold":499,"neow_bonus":"","is_daily":false,"chose_seed":false,"campfire_upgraded":0,"win_rate":0.0,"timestamp":1613263264,"path_taken":["M","?","?","M","?","R","?","M","T","R","?","?","?","$","R","BOSS","M","?","?","?"],"items_purchased_type":["Relic","Relic"],"build_version":"2020-12-22","purchased_purges":0,"victory":false,"max_hp_per_floor":[75,75,75,75,75,75,75,75,75,75,80,80,80,80,80,81,81,81,81,81,81,81],"relic_stats":{"Centennial Puzzle":[6],"Busted Crown":24,"counters":[8,22],"Sundial":[0],"Blue Candle":[0],"Kunai":[4],"Chemical X":[2],"obtain_stats":[{"champ:ChampStancesModRelic":0,"Guardian:GemstoneGun":0,"Blue Candle":4,"Blue Doll":1,"infinitespire:CheckeredPen":12,"hubris:Towel":13,"Burning Blood":0,"Guardian:PickAxe":0,"Replay:Wanted Poster":17,"Frozen Eye":0,"Centennial Puzzle":5,"Busted Crown":0,"bronze:AnalyticalCore":0,"Replay:M_SmolderingBlood":7,"Sundial":18,"zeldaRelics:CouragePiece":9,"Kunai":8,"Chemical X":14,"Toy Ornithopter":14,"REME_ComplimentaryCards":0},{"champ:ChampStancesModRelic":0,"Guardian:GemstoneGun":0,"Blue Candle":2,"Blue Doll":1,"infinitespire:CheckeredPen":5,"hubris:Towel":5,"Burning Blood":0,"Guardian:PickAxe":0,"Replay:Wanted Poster":6,"Frozen Eye":0,"Centennial Puzzle":3,"Busted Crown":0,"bronze:AnalyticalCore":0,"Replay:M_SmolderingBlood":3,"Sundial":7,"zeldaRelics:CouragePiece":4,"Kunai":4,"Chemical X":5,"Toy Ornithopter":5,"REME_ComplimentaryCards":0},{"champ:ChampStancesModRelic":0,"Guardian:GemstoneGun":0,"Blue Candle":4,"Blue Doll":2,"infinitespire:CheckeredPen":14,"hubris:Towel":14,"Burning Blood":0,"Guardian:PickAxe":0,"Replay:Wanted Poster":17,"Frozen Eye":0,"Centennial Puzzle":7,"Busted Crown":0,"bronze:AnalyticalCore":0,"Replay:M_SmolderingBlood":7,"Sundial":21,"zeldaRelics:CouragePiece":9,"Kunai":9,"Chemical X":14,"Toy Ornithopter":14,"REME_ComplimentaryCards":0}],"Toy Ornithopter":10},"card_choices":[{"not_picked":["Guardian:PrimingBeam","TheCursedMod:Stigma"],"picked":"Guardian:RollAttack","floor":0.0},{"not_picked":["sneckomod:UnknownCommonSkill","sneckomod:IronFang"],"picked":"hexamod:StepThrough","floor":0.0},{"not_picked":["TheCursedMod:CursedAmulet","hierophant:Remorse"],"picked":"bronze:Frontload","floor":0.0},{"not_picked":["hermit:GoldenBullet","hermit:TakeAim"],"picked":"Prepared","floor":0.0},{"not_picked":["Slimebound:GrowthPunch","sneckomod:UnknownClassHEXA_GHOST_PURPLE"],"picked":"Indignation","floor":0.0},{"not_picked":["BasicCrystalCard","TheCursedMod:CursedAmulet"],"picked":"Dual Wield","floor":0.0},{"not_picked":["Armaments","Guardian:WalkerClaw"],"picked":"hubris:Ssssneak","floor":0.0},{"not_picked":["bronze:OilSpill","REME_Repentance"],"picked":"Thunderclap","floor":0.0},{"not_picked":["Slimebound:SplitMire","sneckomod:Unknown1Cost"],"picked":"hermit:HoleUp","floor":0.0},{"not_picked":["Gash","Beam Cell"],"picked":"hierophant:HammerAndAnvil","floor":0.0},{"not_picked":["hierophant:RepressedViolence","TheCursedMod:SpitefulPlan"],"picked":"Barrage","floor":0.0},{"not_picked":["champ:FanOfKnives","hierophant:PassingBell"],"picked":"BasicCrystalCard","floor":0.0},{"not_picked":["Backflip","sneckomod:UnknownClassPURPLE"],"picked":"Panic Button","floor":0.0},{"not_picked":["sneckomod:ImprovisedAttack","Conserve Battery"],"picked":"hubris:PowerSurge","floor":0.0},{"not_picked":["Guardian:PrimingBeam","Sword Boomerang"],"picked":"Guardian:ChargeCore","floor":0.0}],"player_experience":1578755,"relics_obtained":[{"floor":1.0,"key":"Blue Doll"},{"floor":4.0,"key":"Blue Candle"},{"floor":5.0,"key":"Centennial Puzzle"},{"floor":8.0,"key":"Kunai"},{"floor":9.0,"key":"zeldaRelics:CouragePiece"},{"floor":12.0,"key":"infinitespire:CheckeredPen"},{"floor":18,"key":"Sundial"}],"event_choices":[{"damage_healed":0.0,"max_hp_gain":0.0,"max_hp_loss":0.0,"gold_gain":0.0,"event_name":"conspire:Investor","player_choice":"Leave","floor":2.0,"gold_loss":0.0,"damage_taken":0.0},{"damage_healed":0.0,"max_hp_gain":0.0,"max_hp_loss":0.0,"gold_gain":0.0,"event_name":"Match and Keep!","player_choice":"2 cards matched","floor":3.0,"gold_loss":0.0,"damage_taken":0.0,"cards_obtained":["Bash","sneckomod:Mudshield"]},{"damage_healed":0.0,"max_hp_gain":5.0,"max_hp_loss":0.0,"gold_gain":0.0,"event_name":"Big Fish","player_choice":"Donut","floor":11.0,"gold_loss":0.0,"damage_taken":0.0},{"damage_healed":0.0,"max_hp_gain":0.0,"max_hp_loss":0.0,"gold_gain":30.0,"event_name":"Dead Adventurer","player_choice":"Searched \u00272\u0027 times","floor":12.0,"gold_loss":0.0,"damage_taken":0.0},{"cards_removed":["Eruption"],"damage_healed":0,"gold_gain":0,"player_choice":"Elegance","damage_taken":0,"max_hp_gain":0,"max_hp_loss":0,"event_name":"Back to Basics","floor":19,"gold_loss":0},{"cards_removed":["Crescendo"],"damage_healed":0,"gold_gain":0,"player_choice":"Purged","damage_taken":0,"max_hp_gain":0,"max_hp_loss":0,"event_name":"Purifier","floor":20,"gold_loss":0}],"is_beta":false,"boss_relics":[{"not_picked":["conspire:SlowCooker","REME_LowDesire"],"picked":"Replay:Wanted Poster"}],"items_purged_floors":[],"is_endless":false,"potions_floor_spawned":[1,5],"killed_by":"2 Thieves","ascension_level":20}}