{"host":"q8mjpf3krl0t4p3x","time":1613270348,"event":{"mods":["BaseMod","Colored Map","Colored Powertips","Googly Eyes","Minty Spire (QoL Compilation)","Quick Restart","StSLib","everything is the same but u backflip on backflip","slay the spire mod where everything is the same but ironclad has a cowboy hat"],"gold_per_floor":[113,124,124,142,67,101,127,127,127,127,204,229,229,244,244,323,373,393,393,406,406,432,432,531,531,531],"floor_reached":25,"language":"ENG","playtime":740,"items_purged":[],"score":377,"play_id":"8993b8a1-86fb-48b0-83e2-fedf454446b0","local_time":"20210213183908","is_ascension_mode":true,"campfire_choices":[{"data":"Whirlwind","floor":8,"key":"SMITH"},{"data":"Bash","floor":13,"key":"SMITH"},{"floor":15,"key":"REST"},{"floor":23,"key":"REST"}],"circlet_count":0,"master_deck":["AscendersBane","Strike_R","Strike_R","Strike_R","Strike_R","Strike_R+1","Defend_R","Defend_R","Defend_R","Defend_R","Bash+1","Whirlwind+1","Flame Barrier","Clothesline","Combust+1","Demon Form"],"relics":["Burning Blood","Bottled Flame","Odd Mushroom","Shuriken","Singing Bowl","Tiny House","MealTicket"],"acts_visited":["Exordium","TheCity"],"potions_floor_usage":[16,16,16,16,20,20],"damage_taken":[{"damage":16,"enemies":"Small Slimes","floor":1,"turns":4},{"damage":8,"enemies":"Jaw Worm","floor":2,"turns":4},{"damage":1,"enemies":"2 Louse","floor":4,"turns":3},{"damage":19,"enemies":"3 Sentries","floor":6,"turns":6},{"damage":17,"enemies":"The Mushroom Lair","floor":7,"turns":3},{"damage":23,"enemies":"Gremlin Nob","floor":12,"turns":4},{"damage":2,"enemies":"2 Fungi Beasts","floor":14,"turns":2},{"damage":31,"enemies":"Hexaghost","floor":16,"turns":7},{"damage":71,"enemies":"Spheric Guardian","floor":18,"turns":8},{"damage":11,"enemies":"2 Thieves","floor":20,"turns":2},{"damage":32,"enemies":"Book of Stabbing","floor":25,"turns":4}],"seed_played":"-8207261979822115532","potions_obtained":[{"floor":1,"key":"Strength Potion"},{"floor":6,"key":"EntropicBrew"},{"floor":16,"key":"ColorlessPotion"},{"floor":17,"key":"AttackPotion"}],"is_trial":false,"path_per_floor":["M","M","?","M","$","E","?","R","T","?","?","E","R","M","R","B",null,"M","?","M","?","T","R","?","E"],"character_chosen":"IRONCLAD","items_purchased":["Combust"],"campfire_rested":2,"item_purchase_floors":[5],"current_hp_per_floor":[65,63,63,68,68,55,44,44,44,44,44,29,29,35,60,35,80,17,17,14,14,14,43,43,11,11],"gold":531,"neow_bonus":"TEN_PERCENT_HP_BONUS","is_daily":false,"chose_seed":false,"campfire_upgraded":2,"win_rate":0.0,"timestamp":1613270348,"path_taken":[],"items_purchased_type":["Card"],"build_version":"2020-12-22","purchased_purges":0,"victory":false,"max_hp_per_floor":[],"card_choices":[],"player_experience":348689,"relics_obtained":[],"event_choices":[],"is_beta":false,"boss_relics":[],"items_purged_floors":[],"is_endless":false,"potions_floor_spawned":[],"killed_by":"Book of Stabbing","ascension_level":14}}