{"host":"vrsxkkch9ccrec7k","time":1613272373,"event":{"mods":["Act Like it!","BaseMod","Bestiary","Better Altar","Better Match","Better Note","Better Sensory Stone","Better Skull","Better Third Choice","Better Vampires","Downfall","Minty Spire (QoL Compilation)","Permanent Neow","Relic Stats","Spicy Shops","StSLib"],"gold_per_floor":[99,118,129,129,139,169,192,192,292,312,325,325,56,71,85,85,85,85],"floor_reached":16,"language":"ENG","playtime":830,"items_purged":[],"score":166,"play_id":"3ef016c1-508d-49b3-8cac-f3472a44913b","local_time":"20210213221253","is_ascension_mode":true,"campfire_choices":[{"data":"bronze:Replicate","floor":1,"key":"SMITH"},{"floor":8,"key":"REST"},{"data":"bronze:Optimize","floor":12,"key":"SMITH"}],"circlet_count":0,"master_deck":["AscendersBane","bronze:Strike","bronze:Strike","bronze:Strike","bronze:Strike","bronze:Defend","bronze:Defend","bronze:Defend","bronze:Defend","bronze:Goto","bronze:Branch","bronze:ChildClass","bronze:Optimize+1","bronze:WhirlingStrike","bronze:Iterate","bronze:Constructor","bronze:Iterate","bronze:FunctionCard"],"relics":["bronze:BronzeCore","Tiny Chest","Meat on the Bone","Boot","Toy Ornithopter","Singing Bowl"],"acts_visited":["Exordium"],"potions_floor_usage":[9,10],"damage_taken":[{"damage":13,"enemies":"Jaw Worm","floor":2,"turns":4},{"damage":1,"enemies":"Small Slimes","floor":3,"turns":3},{"damage":1,"enemies":"Cultist","floor":5,"turns":4},{"damage":16,"enemies":"3 Sentries","floor":6,"turns":10},{"damage":0,"enemies":"downfall:LadyInBlue","floor":9,"turns":5},{"damage":1,"enemies":"Lots of Slimes","floor":10,"turns":4},{"damage":11,"enemies":"Exordium Thugs","floor":11,"turns":3},{"damage":0,"enemies":"downfall:FleeingMerchant","floor":13,"turns":4},{"damage":0,"enemies":"2 Fungi Beasts","floor":14,"turns":3},{"damage":9,"enemies":"Red Slaver","floor":15,"turns":3},{"damage":48,"enemies":"IC_STATUS_ARCHETYPE","floor":16,"turns":8}],"seed_played":"-3015854517402140999","potions_obtained":[{"floor":6,"key":"PowerPotion"},{"floor":9,"key":"FearPotion"},{"floor":9,"key":"ColorlessPotion"},{"floor":10,"key":"SpeedPotion"}],"is_trial":false,"path_per_floor":["R","M","M","?","M","E","T","R","?","M","M","R","$","M","M","B"],"character_chosen":"THE_AUTOMATON","items_purchased":["Singing Bowl"],"campfire_rested":1,"item_purchase_floors":[13],"current_hp_per_floor":[70,57,56,53,52,36,36,59,59,63,52,52,52,52,43,0,0,0],"gold":85,"neow_bonus":"TEN_PERCENT_HP_BONUS","is_daily":false,"chose_seed":false,"campfire_upgraded":2,"win_rate":0.0,"timestamp":1613272373,"path_taken":["R","M","M","?","M","E","T","R","?","M","?","R","$","M","M","BOSS"],"items_purchased_type":["Relic"],"build_version":"2020-12-22","purchased_purges":0,"victory":false,"max_hp_per_floor":[77,77,77,77,77,77,77,77,77,77,77,77,77,77,77,77,77,77],"relic_stats":{"Singing Bowl":0,"counters":[11,51],"Tiny Chest":0,"Boot":[130],"obtain_stats":[{"bronze:BronzeCore":0,"Singing Bowl":13,"Tiny Chest":4,"Boot":7,"Toy Ornithopter":9,"Meat on the Bone":6},{"bronze:BronzeCore":0,"Singing Bowl":8,"Tiny Chest":2,"Boot":4,"Toy Ornithopter":5,"Meat on the Bone":4},{"bronze:BronzeCore":0,"Singing Bowl":37,"Tiny Chest":7,"Boot":21,"Toy Ornithopter":26,"Meat on the Bone":21}],"Toy Ornithopter":5,"Meat on the Bone":0},"card_choices":[{"not_picked":["bronze:Deprecate","bronze:ChildClass"],"picked":"bronze:Branch","floor":2},{"not_picked":["bronze:DarkDash","bronze:Frontload"],"picked":"bronze:ChildClass","floor":3},{"not_picked":["bronze:OilSpill","bronze:Separator"],"picked":"bronze:Optimize","floor":5},{"not_picked":["bronze:BronzeArmor","bronze:Optimize"],"picked":"bronze:Shell","floor":6},{"not_picked":["bronze:FineTuning","bronze:Deprecate"],"picked":"bronze:WhirlingStrike","floor":10},{"not_picked":["bronze:FollowUp","bronze:TinkerersToolbox"],"picked":"bronze:Iterate","floor":11},{"not_picked":["bronze:DelayedGuard","bronze:OilSpill"],"picked":"bronze:Constructor","floor":13},{"not_picked":["bronze:OilSpill","bronze:Separator"],"picked":"bronze:Iterate","floor":14},{"not_picked":["bronze:ForLoop","bronze:Shield"],"picked":"bronze:Hardcode","floor":15}],"player_experience":1906449,"relics_obtained":[{"floor":6,"key":"Meat on the Bone"},{"floor":7,"key":"Boot"},{"floor":9,"key":"Toy Ornithopter"}],"event_choices":[{"damage_healed":0,"gold_gain":0,"player_choice":"Relic ","damage_taken":3,"max_hp_gain":0,"max_hp_loss":0,"event_name":"betterThird:BetterScrap","floor":4,"gold_loss":0,"cards_obtained":["WreathOfFlame"]}],"is_beta":false,"boss_relics":[],"items_purged_floors":[],"is_endless":false,"potions_floor_spawned":[6,9,10,14,15],"killed_by":"IC_STATUS_ARCHETYPE","ascension_level":12}}