{"host":"36qke0usa4c48kdx","time":1613273714,"event":{"mods":["AchievementEnabler","BaseMod","Colored Map","Downfall","Hermit","Hubris","Marisa????????","Minty Spire (QoL Compilation)","READ ME - Guardian Mod","Replay The Spire","Shop Mod","StSLib","The Bug Knight","The Cursed","The Disciple","The Servant 0.9.4"],"gold_per_floor":[132,132,168,168,202,202,238,313,313,330,362,362,362,397,397,496,496,507,522,583,583,54,79,79,95,118,118,118,147,147,197,209,321,333,357,389,311,12,46,90,90,45,45,84,121,75,60,110,110,34,34],"floor_reached":50,"language":"ENG","playtime":3244,"items_purged":["downfall:Icky","Shame"],"score":1533,"play_id":"8243e636-ea0f-4458-871d-1050c240130c","local_time":"20210214043514","is_ascension_mode":true,"campfire_choices":[{"data":"HandOfGreed","floor":6.0,"key":"SMITH"},{"data":"ReplayTheSpireMod:Strike From Hell","floor":13.0,"key":"SMITH"},{"data":"Pommel Strike","floor":15.0,"key":"SMITH"},{"floor":24.0,"key":"REST"},{"floor":28.0,"key":"REST"},{"floor":30.0,"key":"REST"},{"floor":32.0,"key":"REST"},{"floor":41.0,"key":"REST"},{"floor":49.0,"key":"RECALL"}],"circlet_count":0,"master_deck":["Strike_R+1","Strike_R+1","Defend_R","Bash+1","hubris:Defend_Merchant+1","HandOfGreed+1","Cleave","ReplayTheSpireMod:Strike From Hell+1","Power Through+1","Ghostly Armor","Pommel Strike+1","Demon Form+1","Metallicize+1","Dual Wield+1","Intimidate+1","Battle Trance+1","Flame Barrier","Feel No Pain","Pummel+1","Ghostly Armor","Sword Boomerang+1","Clumsy","Decay","Battle Trance+1","ReplayTheSpireMod:IOU","ReplayTheSpireMod:IOU","ReplayTheSpireMod:IOU","ReplayTheSpireMod:IOU","ReplayTheSpireMod:IOU","ReplayTheSpireMod:IOU","ReplayTheSpireMod:IOU","ReplayTheSpireMod:IOU","ReplayTheSpireMod:IOU","ReplayTheSpireMod:IOU","ReplayTheSpireMod:IOU","ReplayTheSpireMod:IOU","ReplayTheSpireMod:IOU","ReplayTheSpireMod:IOU","ReplayTheSpireMod:IOU","ReplayTheSpireMod:IOU","ReplayTheSpireMod:IOU","ReplayTheSpireMod:IOU","Massacre+1","Shrug It Off+1","Life Link","Anger+1","Feel No Pain+1","Massacre+1","Offering","Seeing Red+1","ReplayTheSpireMod:Limb From Limb+1","Poisoned Strike","Looming Evil"],"relics":["Burning Blood","Quantum Egg","hubris:AstralHammer","Ornamental Fan","Replay:WaspNest","Astrolabe","Replay:Baseball","hubris:GlazedTorus","Replay:Accelerometer","Du-Vu Doll","Replay:PocketPolymizer","Mirror","MawBank","Replay:Ancient Bell","Replay:Wax Seal","The Courier","Lizard Tail","Replay:Bottled Steam","Guide Book","Simple Rune","Ancient Tea Set","Blue Doll","hubris:CuriousFeather","Bottled Flame","Whetstone","TungstenRod","Shovel","Peace Pipe","Dream Catcher","Replay:Bandana","Bag of Preparation","hubris:TenFootPole","Happy Flower","Gambling Chip","Omamori","ReplayTheSpireMod:CursedCoin","Ring of Panic","Ring of Greed","MealTicket","Membership Card"],"acts_visited":["Exordium","TheCity","TheBeyond"],"potions_floor_usage":[50],"damage_taken":[{"damage":3.0,"enemies":"2 Louse","floor":1.0,"turns":2.0},{"damage":0.0,"enemies":"Small Slimes","floor":3.0,"turns":3.0},{"damage":6.0,"enemies":"Cultist","floor":5.0,"turns":3.0},{"damage":7.0,"enemies":"Looter","floor":7.0,"turns":3.0},{"damage":35.0,"enemies":"3 Sentries","floor":8.0,"turns":8.0},{"damage":4.0,"enemies":"Red Slaver","floor":10.0,"turns":3.0},{"damage":20.0,"enemies":"Lagavulin","floor":11.0,"turns":6.0},{"damage":27.0,"enemies":"Lots of Slimes","floor":14.0,"turns":3.0},{"damage":40.0,"enemies":"Fading Forest","floor":16.0,"turns":5.0},{"damage":11.0,"enemies":"Spheric Guardian","floor":18.0,"turns":5.0},{"damage":16.0,"enemies":"Shell Parasite","floor":19.0,"turns":5.0},{"damage":25.0,"enemies":"Shelled Parasite and Fungi","floor":20.0,"turns":6.0},{"damage":33.0,"enemies":"Slavers","floor":23.0,"turns":5.0},{"damage":16.0,"enemies":"Centurion and Healer","floor":25.0,"turns":4.0},{"damage":13.0,"enemies":"Gremlin Leader","floor":29.0,"turns":6.0},{"damage":57.0,"enemies":"Slavers","floor":31.0,"turns":4.0},{"damage":43.0,"enemies":"Pondfish","floor":33.0,"turns":5.0},{"damage":21.0,"enemies":"3 Shapes","floor":35.0,"turns":7.0},{"damage":32.0,"enemies":"3 Darklings","floor":36.0,"turns":5.0},{"damage":55.0,"enemies":"Transient","floor":39.0,"turns":5.0},{"damage":0.0,"enemies":"Giant Head","floor":40.0,"turns":4.0},{"damage":29.0,"enemies":"Reptomancer","floor":42.0,"turns":3.0},{"damage":0.0,"enemies":"Nemesis","floor":44.0,"turns":1.0},{"damage":9.0,"enemies":"4 Shapes","floor":45.0,"turns":3.0},{"damage":0.0,"enemies":"Maw","floor":46.0,"turns":4.0},{"damage":49,"enemies":"Awakened One","floor":50,"turns":4}],"seed_played":"-299357974858141365","potions_obtained":[{"floor":1.0,"key":"sneckomod:MuddlingPotion"},{"floor":11.0,"key":"Block Potion"},{"floor":14.0,"key":"SmokeBomb"},{"floor":25.0,"key":"Flashbang"},{"floor":29.0,"key":"Fire Potion"},{"floor":33.0,"key":"Cursed Concoction"},{"floor":40.0,"key":"LiquidMemories"},{"floor":42.0,"key":"SneckoOil"}],"is_trial":false,"path_per_floor":["M","?","M","?","M","R","M","E","T","M","E","?","R","M","R","B",null,"M","M","M","?","$","E","R","M","T","?","R","E","R","E","R","B",null,"M","M","?","$","M","E","R","E","T","E","M","M","$","?","R","B"],"character_chosen":"IRONCLAD","items_purchased":["hubris:GlazedTorus","Replay:Accelerometer","Replay:Bottled Steam","Guide Book","Simple Rune","Ancient Tea Set","Blue Doll","hubris:CuriousFeather","Bottled Flame","Whetstone","TungstenRod","Shovel","Peace Pipe","Dream Catcher","Replay:Bandana","Bag of Preparation","ReplayTheSpireMod:CursedCoin","ReplayTheSpireMod:Limb From Limb+1","Poisoned Strike"],"campfire_rested":5,"item_purchase_floors":[22,22,38,38,38,38,38,38,38,38,38,38,38,38,38,38,47,47,47],"current_hp_per_floor":[75,57,63,55,55,55,54,25,25,27,13,90,90,69,69,43,78,73,63,44,44,44,17,44,34,34,34,61,54,81,30,57,20,73,58,32,32,32,30,36,63,40,40,46,43,49,49,49,49,0,0],"gold":34,"neow_bonus":"RANDOM_COLORLESS_2","is_daily":false,"chose_seed":false,"campfire_upgraded":3,"win_rate":0.0,"timestamp":1613273714,"path_taken":["M","?","M","?","M","R","?","E","T","M","E","?","R","?","R","BOSS","M","?","M","?","$","E","R","M","T","?","R","E","R","E","R","BOSS","M","M","?","$","?","E","R","E","T","E","M","?","?","?","R","BOSS"],"items_purchased_type":["Relic","Relic","Relic","Relic","Relic","Relic","Relic","Relic","Relic","Relic","Relic","Relic","Relic","Relic","Relic","Relic","Relic","Card","Card"],"build_version":"2020-12-22","purchased_purges":2,"victory":false,"max_hp_per_floor":[80,80,80,80,80,80,80,80,80,80,80,90,90,90,90,90,90,90,90,90,90,90,90,90,90,90,90,90,90,90,90,90,90,90,90,90,90,90,90,90,90,90,90,90,90,90,90,90,90,90,90],"card_choices":[{"not_picked":["Mayhem","Secret Technique"],"picked":"HandOfGreed","floor":0.0},{"not_picked":["Wild Strike","Armaments"],"picked":"Cleave","floor":1.0},{"not_picked":["Warcry","Perfected Strike","Dual Wield"],"picked":"SKIP","floor":3.0},{"not_picked":["Dark Embrace","Heavy Blade"],"picked":"ReplayTheSpireMod:Strike From Hell","floor":5.0},{"not_picked":["Body Slam","Pommel Strike"],"picked":"Power Through","floor":7.0},{"not_picked":["Run Through","Flex"],"picked":"Ghostly Armor","floor":8.0},{"not_picked":["Flex","Havoc"],"picked":"Pommel Strike","floor":10.0},{"not_picked":["Warcry","Dark Embrace"],"picked":"Bludgeon","floor":11.0},{"not_picked":["Havoc","Warcry","Iron Wave"],"picked":"SKIP","floor":14.0},{"not_picked":["Bludgeon","Immolate"],"picked":"Demon Form","floor":16.0},{"not_picked":["Warcry","Sword Boomerang","Clothesline"],"picked":"SKIP","floor":18.0},{"not_picked":["Replay:Undeath\u0027s Touch","Sword Boomerang+1","True Grit"],"picked":"SKIP","floor":19.0},{"not_picked":["Blood for Blood","Warcry","Rupture"],"picked":"SKIP","floor":20.0},{"not_picked":["Entrench+1","Pommel Strike"],"picked":"Battle Trance+1","floor":23.0},{"not_picked":["Replay:Undeath\u0027s Touch+1","Wild Strike"],"picked":"Flame Barrier","floor":25.0},{"not_picked":["Demon Form","Thunderclap"],"picked":"Pummel+1","floor":29.0},{"not_picked":["Whirlwind","Ghostly Armor"],"picked":"Sword Boomerang","floor":31.0},{"not_picked":["SwitchConfidence","ReplayTheSpireMod:Doomed"],"picked":"Clumsy","floor":34.0},{"not_picked":["Sickly","Voices"],"picked":"Decay","floor":34.0},{"not_picked":["downfall:Malfunctioning","Parasite"],"picked":"downfall:Icky","floor":34.0},{"not_picked":["Juggernaut","Iron Wave+1"],"picked":"Battle Trance+1","floor":35.0},{"not_picked":["Twin Strike","Sever Soul","Clothesline+1"],"picked":"SKIP","floor":36.0},{"not_picked":["Carnage+1","Body Slam+1"],"picked":"Massacre+1","floor":39.0},{"not_picked":["Anger+1","Body Slam+1"],"picked":"Shrug It Off+1","floor":40.0},{"not_picked":["Clothesline","Flame Barrier+1"],"picked":"Anger+1","floor":41.0},{"not_picked":["Twin Strike","Rupture+1"],"picked":"Feel No Pain+1","floor":42.0},{"not_picked":["ReplayTheSpireMod:LeadingStrike","ReplayTheSpireMod:Muscle Training"],"picked":"Massacre+1","floor":44.0},{"not_picked":["Flex","Cleave+1"],"picked":"Offering","floor":45.0},{"not_picked":["Run Through","Twin Strike"],"picked":"Seeing Red+1","floor":46.0}],"player_experience":784247,"relics_obtained":[{"floor":8.0,"key":"hubris:AstralHammer"},{"floor":9.0,"key":"Ornamental Fan"},{"floor":11.0,"key":"Replay:WaspNest"},{"floor":23.0,"key":"Du-Vu Doll"},{"floor":29.0,"key":"Mirror"},{"floor":31.0,"key":"MawBank"},{"floor":40.0,"key":"hubris:TenFootPole"},{"floor":42.0,"key":"Happy Flower"},{"floor":43.0,"key":"Gambling Chip"},{"floor":44.0,"key":"Omamori"},{"floor":48.0,"key":"Ring of Panic"},{"floor":48.0,"key":"Ring of Greed"},{"floor":48.0,"key":"MealTicket"},{"floor":48.0,"key":"Membership Card"}],"event_choices":[{"damage_healed":0.0,"max_hp_gain":0.0,"max_hp_loss":0.0,"gold_gain":0.0,"event_name":"Scrap Ooze","player_choice":"Success","floor":2.0,"gold_loss":0.0,"damage_taken":18.0,"relics_obtained":["Quantum Egg"]},{"damage_healed":0.0,"max_hp_gain":0.0,"max_hp_loss":0.0,"gold_gain":0.0,"event_name":"Wheel of Change","player_choice":"Damaged","floor":4.0,"gold_loss":0.0,"damage_taken":8.0},{"cards_removed":["Bludgeon"],"damage_healed":67.0,"max_hp_gain":10.0,"max_hp_loss":0.0,"gold_gain":0.0,"event_name":"Bonfire Elementals","player_choice":"Offered Rare","floor":12.0,"gold_loss":0.0,"damage_taken":0.0},{"damage_healed":0.0,"max_hp_gain":0.0,"max_hp_loss":0.0,"gold_gain":0.0,"event_name":"Addict","player_choice":"Stole Relic","floor":21.0,"gold_loss":0.0,"damage_taken":0.0,"relics_obtained":["Replay:Baseball"],"cards_obtained":["Shame"]},{"damage_healed":0.0,"max_hp_gain":0.0,"max_hp_loss":0.0,"gold_gain":0.0,"event_name":"The Mausoleum","player_choice":"Opened","floor":27.0,"gold_loss":0.0,"damage_taken":0.0,"relics_obtained":["Replay:PocketPolymizer"]},{"cards_removed":["Life Link"],"damage_healed":0.0,"max_hp_gain":0.0,"max_hp_loss":0.0,"gold_gain":0.0,"event_name":"Designer","player_choice":"Upgrade and Remove","floor":37.0,"gold_loss":90.0,"damage_taken":0.0,"cards_upgraded":["Strike_R"]}],"is_beta":false,"boss_relics":[{"not_picked":["Painkiller Herb","bronze:MakeshiftBattery"],"picked":"Astrolabe"},{"not_picked":["Ooze Armor","Ring of Chaos"],"picked":"Replay:Ancient Bell"},{"not_picked":["Pet Ghost","Centennial Puzzle"],"picked":"Replay:Wax Seal"},{"not_picked":["hubris:MysteriousPyramids","hubris:TinFlute"],"picked":"The Courier"},{"not_picked":["Pocketwatch","Torii"],"picked":"Lizard Tail"}],"items_purged_floors":[38,47],"is_endless":false,"potions_floor_spawned":[1,11,14,16,19,25,29,33,36,40,42],"killed_by":"Awakened One","ascension_level":9}}