{"host":"vrsxkkch9ccrec7k","time":1613271530,"event":{"mods":["Act Like it!","BaseMod","Bestiary","Better Altar","Better Match","Better Note","Better Sensory Stone","Better Skull","Better Third Choice","Better Vampires","Downfall","Minty Spire (QoL Compilation)","Permanent Neow","Relic Stats","Spicy Shops","StSLib"],"gold_per_floor":[199,215,231,249,261,261,261,261,296,309,49,49,49,62,82,82,82,82],"floor_reached":16,"language":"ENG","playtime":782,"items_purged":[],"score":135,"play_id":"08e05b17-5c76-4a39-a8b1-96fd31e48085","local_time":"20210213215850","is_ascension_mode":true,"campfire_choices":[{"data":"sneckomod:TailWhip","floor":1,"key":"SMITH"},{"data":"sneckomod:SnekBite","floor":6,"key":"SMITH"},{"data":"sneckomod:UnendingSupply","floor":8,"key":"SMITH"},{"floor":13,"key":"REST"}],"circlet_count":0,"master_deck":["sneckomod:Strike","sneckomod:Strike","sneckomod:Strike","sneckomod:Defend","sneckomod:Defend","sneckomod:Defend","sneckomod:TailWhip+1","sneckomod:SnekBite+1","sneckomod:Unknown","sneckomod:Unknown","sneckomod:SoulRoll","sneckomod:UnendingSupply+1","sneckomod:WideSting","sneckomod:ImprovisedAttack","sneckomod:UnknownClassBLUE+1","sneckomod:UnknownClassRED+1","sneckomod:QuickBite","sneckomod:UnendingSupply+1","sneckomod:UnknownWeak+1","sneckomod:Unknown3Cost+1"],"relics":["sneckomod:SneckoSoul","sneckomod:UnknownEgg","Meat on the Bone"],"acts_visited":["Exordium"],"potions_floor_usage":[16],"damage_taken":[{"damage":0,"enemies":"Cultist","floor":2,"turns":2},{"damage":0,"enemies":"2 Louse","floor":3,"turns":2},{"damage":7,"enemies":"Jaw Worm","floor":4,"turns":3},{"damage":18,"enemies":"Exordium Thugs","floor":5,"turns":4},{"damage":15,"enemies":"Lagavulin","floor":9,"turns":4},{"damage":2,"enemies":"3 Louse","floor":10,"turns":3},{"damage":10,"enemies":"downfall:FleeingMerchant","floor":11,"turns":4},{"damage":16,"enemies":"Blue Slaver","floor":14,"turns":3},{"damage":16,"enemies":"Exordium Thugs","floor":15,"turns":3},{"damage":48,"enemies":"WA_ARCHETYPE_RETAIN","floor":16,"turns":6}],"seed_played":"-6153349620170368568","potions_obtained":[{"floor":10,"key":"Strength Potion"},{"floor":14,"key":"Ancient Potion"}],"is_trial":false,"path_per_floor":["R","M","M","M","M","R","T","R","E","M","$","?","R","M","M","B"],"character_chosen":"THE_SNECKO","items_purchased":["Meat on the Bone"],"campfire_rested":1,"item_purchase_floors":[11],"current_hp_per_floor":[81,81,81,74,56,56,56,56,41,39,29,29,56,52,48,0,0,0],"gold":82,"neow_bonus":"HUNDRED_GOLD","is_daily":false,"chose_seed":false,"campfire_upgraded":3,"win_rate":0.0,"timestamp":1613271530,"path_taken":["R","M","M","M","M","R","T","R","E","M","?","?","R","M","M","BOSS"],"items_purchased_type":["Relic"],"build_version":"2020-12-22","purchased_purges":0,"victory":false,"max_hp_per_floor":[90,90,90,90,90,90,90,90,90,90,90,90,90,90,90,90,90,90],"relic_stats":{"counters":[10,34],"obtain_stats":[{"sneckomod:UnknownEgg":7,"sneckomod:SneckoSoul":0,"Meat on the Bone":11},{"sneckomod:UnknownEgg":4,"sneckomod:SneckoSoul":0,"Meat on the Bone":7},{"sneckomod:UnknownEgg":11,"sneckomod:SneckoSoul":0,"Meat on the Bone":22}],"Meat on the Bone":24},"card_choices":[{"not_picked":["sneckomod:UnknownBlock","sneckomod:SoulDraw"],"picked":"sneckomod:SoulRoll","floor":2},{"not_picked":["sneckomod:UnknownCommonSkill","sneckomod:SerpentIdol"],"picked":"sneckomod:UnendingSupply","floor":3},{"not_picked":["sneckomod:UnknownUncommonAttack","sneckomod:UnknownClassSLIMEBOUND"],"picked":"sneckomod:WideSting","floor":4},{"not_picked":["sneckomod:UnknownCommonSkill","sneckomod:Restock"],"picked":"sneckomod:ImprovisedAttack","floor":5},{"not_picked":["sneckomod:Nope","sneckomod:UnknownClassTHE_CHAMP_GRAY+1"],"picked":"sneckomod:UnknownClassBLUE+1","floor":9},{"not_picked":["sneckomod:DefensiveFlair","sneckomod:UnknownClassTHE_BRONZE_AUTOMATON+1"],"picked":"sneckomod:UnknownClassRED+1","floor":10},{"not_picked":["sneckomod:Nope","sneckomod:UnknownBlock+1"],"picked":"sneckomod:QuickBite","floor":11},{"not_picked":["sneckomod:Nope","sneckomod:UnknownVulnerable+1"],"picked":"sneckomod:UnknownWeak+1","floor":14},{"not_picked":["sneckomod:SerpentIdol","sneckomod:UnknownClassTHE_BRONZE_AUTOMATON+1"],"picked":"sneckomod:Unknown3Cost+1","floor":15}],"player_experience":1905667,"relics_obtained":[{"floor":7,"key":"sneckomod:UnknownEgg"}],"event_choices":[],"is_beta":false,"boss_relics":[],"items_purged_floors":[],"is_endless":false,"potions_floor_spawned":[10,14],"killed_by":"WA_ARCHETYPE_RETAIN","ascension_level":6}}