{"host":"pqs17sqrgflf4eqa","time":1613346225,"event":{"mods":["AchievementEnabler","BaseMod","Bestiary","Better Altar","Better Match","Better Skull","Block Reminder","Bossed Relics","Colored Map","Colored Powertips","Curses Come First","Dark Map","DeckTracker","Defective Defect","Displayed Cursed Tome","Emptier Cage","Googly Eyes","Highlight Path","Minty Spire (QoL Compilation)","Quick Restart","Slay-I","StSLib","SuperFastMode","Synergy Search","Thieving Mod","Transform Curses","everything is the same but u backflip on backflip","slay the spire mod where everything is the same but ironclad has a cowboy hat"],"gold_per_floor":[112,128,9,9,25,60,70,70,93,121,133,133,75,94,94,189,189,207,221,35,35,35,63,75,100,192,204,242,109,109,126,126,230,230,248,248,208,208,258,258,0,14,67,99,117,117,117,117],"floor_reached":47,"language":"ENG","playtime":1133,"items_purged":[],"score":650,"play_id":"52d91d3b-755c-4007-8906-9e3202052c79","local_time":"20210214184345","is_ascension_mode":true,"campfire_choices":[{"floor":8.0,"key":"REST"},{"floor":12.0,"key":"REST"},{"data":"Corpse Explosion","floor":15.0,"key":"SMITH"},{"floor":24.0,"key":"RECALL"},{"floor":27.0,"key":"REST"},{"floor":32.0,"key":"REST"},{"floor":40,"key":"REST"},{"floor":46,"key":"REST"}],"circlet_count":0,"master_deck":["Strike_G","Strike_G","Strike_G","Strike_G","Strike_G","Defend_G","Defend_G+1","Defend_G+1","Defend_G","Survivor","Neutralize","Footwork","Sucker Punch","Bouncing Flask","Dash","Crippling Poison","Corpse Explosion+1","Wraith Form v2","Cloak And Dagger+1","Terror","Footwork","Wraith Form v2","After Image","Crippling Poison+1","Sucker Punch"],"relics":["Ring of the Snake","Bird Faced Urn","Spirit Poop","Art of War","Lantern","Nunchaku","Mummified Hand","Fusion Hammer","Juzu Bracelet","MawBank","Pantograph","Letter Opener","War Paint","SlaversCollar","CaptainsWheel","Red Mask","Dream Catcher","Unceasing Top"],"acts_visited":["Exordium","TheCity","TheBeyond"],"potions_floor_usage":[35,39,44,47,47],"damage_taken":[{"damage":6.0,"enemies":"Cultist","floor":1.0,"turns":5.0},{"damage":17.0,"enemies":"Small Slimes","floor":2.0,"turns":4.0},{"damage":4.0,"enemies":"Jaw Worm","floor":5.0,"turns":4.0},{"damage":29.0,"enemies":"Gremlin Nob","floor":6.0,"turns":6.0},{"damage":0.0,"enemies":"Red Slaver","floor":7.0,"turns":2.0},{"damage":20.0,"enemies":"Lagavulin","floor":10.0,"turns":9.0},{"damage":0.0,"enemies":"Lots of Slimes","floor":11.0,"turns":2.0},{"damage":2.0,"enemies":"Blue Slaver","floor":14.0,"turns":3.0},{"damage":8.0,"enemies":"The Guardian","floor":16.0,"turns":7.0},{"damage":14.0,"enemies":"Shell Parasite","floor":18.0,"turns":4.0},{"damage":18.0,"enemies":"Chosen","floor":19.0,"turns":5.0},{"damage":35.0,"enemies":"Slavers","floor":23.0,"turns":4.0},{"damage":8.0,"enemies":"Snake Plant","floor":25.0,"turns":4.0},{"damage":32.0,"enemies":"Book of Stabbing","floor":28.0,"turns":6.0},{"damage":3.0,"enemies":"3 Cultists","floor":31.0,"turns":4.0},{"damage":55,"enemies":"Collector","floor":33,"turns":11},{"damage":0,"enemies":"3 Darklings","floor":35,"turns":2},{"damage":1,"enemies":"Mind Bloom Boss Battle","floor":39,"turns":9},{"damage":7,"enemies":"Orb Walker","floor":42,"turns":4},{"damage":41,"enemies":"Reptomancer","floor":44,"turns":10},{"damage":26,"enemies":"Spire Growth","floor":45,"turns":6},{"damage":47,"enemies":"Nemesis","floor":47,"turns":5}],"seed_played":"-7338600324131616055","potions_obtained":[{"floor":5.0,"key":"SneckoOil"},{"floor":6.0,"key":"ColorlessPotion"},{"floor":7.0,"key":"Dexterity Potion"},{"floor":11.0,"key":"CunningPotion"},{"floor":16.0,"key":"PowerPotion"},{"floor":23.0,"key":"LiquidMemories"},{"floor":28.0,"key":"Fruit Juice"},{"floor":33,"key":"Fire Potion"},{"floor":35,"key":"SpeedPotion"},{"floor":37,"key":"DistilledChaos"},{"floor":37,"key":"SpeedPotion"},{"floor":39,"key":"SkillPotion"}],"is_trial":false,"path_per_floor":["M","M","$","?","M","E","M","R","T","E","M","R","?","M","R","B",null,"M","M","$","?","?","E","R","M","T","R","E","$","?","M","R","B",null,"M","?","?","?","?","R","?","M","T","E","M","R","E"],"character_chosen":"THE_SILENT","items_purchased":["Bouncing Flask","SteroidPotion","Juzu Bracelet","Terror","War Paint"],"campfire_rested":6,"item_purchase_floors":[3,3,20,20,29],"current_hp_per_floor":[57,42,42,42,40,13,13,34,34,16,18,39,39,39,39,33,61,49,37,37,37,70,39,39,37,37,58,37,37,37,42,64,26,63,65,65,65,65,71,71,71,70,70,37,19,40,0,0],"gold":117,"neow_bonus":"ONE_RARE_RELIC","is_daily":false,"chose_seed":false,"campfire_upgraded":1,"win_rate":0.0,"timestamp":1613346225,"path_taken":["M","?","$","?","?","E","M","R","T","E","M","R","?","M","R","BOSS","M","M","$","?","?","E","R","M","T","R","E","?","?","M","R","BOSS","M","?","?","?","?","R","?","M","T","E","M","R","E"],"items_purchased_type":["Card","Potion","Relic","Card","Relic"],"build_version":"2020-12-22","purchased_purges":0,"victory":false,"max_hp_per_floor":[70,70,70,70,70,70,70,70,70,70,70,70,70,70,70,70,70,70,70,70,70,70,70,70,70,70,70,75,75,75,75,75,75,75,75,75,75,71,71,71,71,71,71,71,71,71,71,71],"card_choices":[{"not_picked":["Dodge and Roll","Slice"],"picked":"Footwork","floor":1.0},{"not_picked":["Blade Dance","Dagger Spray"],"picked":"Sucker Punch","floor":2.0},{"not_picked":["Deflect","Dagger Spray"],"picked":"Dash","floor":5.0},{"not_picked":["Well Laid Plans","Predator","Reflex"],"picked":"SKIP","floor":6.0},{"not_picked":["Caltrops","Outmaneuver"],"picked":"Crippling Poison","floor":7.0},{"not_picked":["Skewer","Slice"],"picked":"Corpse Explosion","floor":10.0},{"not_picked":["Bane","Cloak And Dagger","Heel Hook"],"picked":"SKIP","floor":11.0},{"not_picked":["Poisoned Stab","Dagger Spray","Underhanded Strike"],"picked":"SKIP","floor":14.0},{"not_picked":["Malaise","Storm of Steel"],"picked":"Wraith Form v2","floor":16.0},{"not_picked":["Deadly Poison","Cloak And Dagger","Endless Agony"],"picked":"SKIP","floor":18.0},{"not_picked":["Slice","PiercingWail"],"picked":"Cloak And Dagger+1","floor":19.0},{"not_picked":["PiercingWail","Dagger Spray","Quick Slash"],"picked":"SKIP","floor":23.0},{"not_picked":["Slice","Quick Slash","Outmaneuver"],"picked":"SKIP","floor":25.0},{"not_picked":["Setup","Infinite Blades+1","Riddle With Holes+1"],"picked":"SKIP","floor":28.0},{"not_picked":["Acrobatics","Poisoned Stab","Bane"],"picked":"SKIP","floor":31.0},{"not_picked":["Storm of Steel","Die Die Die"],"picked":"After Image","floor":33},{"not_picked":["Cloak And Dagger","Poisoned Stab+1"],"picked":"Crippling Poison+1","floor":35},{"not_picked":["All Out Attack+1","Blade Dance"],"picked":"Sucker Punch","floor":39},{"not_picked":["Deflect","Dagger Spray","Blade Dance"],"picked":"SKIP","floor":42},{"not_picked":["Crippling Poison","All Out Attack+1","Tactician+1"],"picked":"SKIP","floor":44},{"not_picked":["Deadly Poison","Prepared","Distraction+1"],"picked":"SKIP","floor":45}],"player_experience":209194,"relics_obtained":[{"floor":6.0,"key":"Art of War"},{"floor":9.0,"key":"Lantern"},{"floor":10.0,"key":"Nunchaku"},{"floor":23.0,"key":"MawBank"},{"floor":26.0,"key":"Pantograph"},{"floor":28.0,"key":"Letter Opener"},{"floor":39,"key":"CaptainsWheel"},{"floor":43,"key":"Dream Catcher"},{"floor":44,"key":"Unceasing Top"}],"event_choices":[{"cards_removed":["Clumsy"],"damage_healed":0.0,"max_hp_gain":0.0,"max_hp_loss":0.0,"gold_gain":0.0,"event_name":"Bonfire Elementals","player_choice":"Offered Curse","floor":4.0,"gold_loss":0.0,"damage_taken":0.0,"relics_obtained":["Spirit Poop"]},{"damage_healed":0.0,"max_hp_gain":0.0,"max_hp_loss":0.0,"gold_gain":0.0,"event_name":"WeMeetAgain","player_choice":"Paid Gold","floor":13.0,"gold_loss":58.0,"damage_taken":0.0,"relics_obtained":["Mummified Hand"]},{"damage_healed":0.0,"max_hp_gain":0.0,"max_hp_loss":0.0,"gold_gain":0.0,"event_name":"Duplicator","player_choice":"Copied","floor":21.0,"gold_loss":0.0,"damage_taken":0.0,"cards_obtained":["Footwork"]},{"damage_healed":33.0,"max_hp_gain":0.0,"max_hp_loss":0.0,"gold_gain":0.0,"event_name":"Wheel of Change","player_choice":"Full Heal","floor":22.0,"gold_loss":0.0,"damage_taken":0.0},{"damage_healed":0.0,"max_hp_gain":0.0,"max_hp_loss":0.0,"gold_gain":0.0,"event_name":"The Library","player_choice":"Read","floor":30.0,"gold_loss":0.0,"damage_taken":0.0,"cards_obtained":["Wraith Form v2"]},{"cards_removed":["Defend_G"],"damage_healed":0,"gold_gain":0,"player_choice":"Removed Skill","damage_taken":0,"max_hp_gain":0,"max_hp_loss":0,"event_name":"Falling","floor":36,"gold_loss":0},{"damage_healed":0,"gold_gain":0,"player_choice":"Bought 3 Potions","damage_taken":0,"max_hp_gain":0,"max_hp_loss":0,"event_name":"The Woman in Blue","floor":37,"gold_loss":0},{"damage_healed":0,"gold_gain":0,"player_choice":"Max HP","damage_taken":0,"max_hp_gain":0,"max_hp_loss":4,"event_name":"Winding Halls","floor":38,"gold_loss":0},{"damage_healed":0,"gold_gain":0,"player_choice":"Fight","damage_taken":0,"max_hp_gain":0,"max_hp_loss":0,"event_name":"MindBloom","floor":39,"gold_loss":0},{"damage_healed":0,"gold_gain":0,"player_choice":"Paid","damage_taken":0,"relics_obtained":["Red Mask"],"max_hp_gain":0,"max_hp_loss":0,"event_name":"Tomb of Lord Red Mask","floor":41,"gold_loss":258}],"is_beta":false,"boss_relics":[{"not_picked":["Astrolabe","Busted Crown"],"picked":"Fusion Hammer"},{"not_picked":["Runic Pyramid","Runic Dome"],"picked":"SlaversCollar"}],"items_purged_floors":[],"is_endless":false,"potions_floor_spawned":[5,6,7,11,16,23,28,33,35,39,42],"killed_by":"Nemesis","ascension_level":6}}