{"host":"ndpbn7fqb3wjbd7p","time":1613342737,"event":{"mods":["AchievementEnabler","Act Like it!","AlwaysNeverKeys","BaseMod","Better Vampires","Block Reminder","Colored Powertips","DeckTracker","Defuse TimeMaze Blight","Friendly Minions","Hermit","Highlight Path","MarisaÅiñ∂âJÅ@ñÇóùçπÅj","Minty Spire (QoL Compilation)","Permanent Neow","Shade Mod","StSLib","SuperFastMode","Synergy Search","The Mystic","Unceasing Turn Reminder","Wandering Minibosses"],"gold_per_floor":[113,113,128,143,58,58,93,93,141,173,173,9,9,28,28,28,28],"floor_reached":16,"language":"ENG","playtime":628,"items_purged":["Strike_B"],"score":178,"play_id":"63eceb45-4f3e-493d-83bb-7d1c1ced4293","local_time":"20210214234537","is_ascension_mode":true,"campfire_choices":[{"data":"Zap","floor":6,"key":"SMITH"},{"data":"Scrape","floor":8,"key":"SMITH"},{"data":"Madness","floor":11,"key":"SMITH"},{"data":"Good Instincts","floor":15,"key":"SMITH"}],"circlet_count":0,"master_deck":["AscendersBane","Defend_B","Defend_B","Defend_B","Defend_B","Zap+1","Dualcast+1","Coolheaded","Gash","Scrape+1","Madness+1","Self Repair","Self Repair","Good Instincts+1"],"relics":["Empty Cage","Akabeko","Anchor","Bottled Tornado"],"acts_visited":["Exordium"],"potions_floor_usage":[10,10],"damage_taken":[{"damage":4,"enemies":"Cultist","floor":1,"turns":5},{"damage":1,"enemies":"2 Louse","floor":3,"turns":4},{"damage":0,"enemies":"Small Slimes","floor":4,"turns":4},{"damage":35,"enemies":"3 Sentries","floor":7,"turns":10},{"damage":17,"enemies":"Gremlin Nob","floor":10,"turns":4},{"damage":1,"enemies":"Exordium Thugs","floor":14,"turns":3},{"damage":24,"enemies":"Hexaghost","floor":16,"turns":12}],"seed_played":"7614537620795374125","potions_obtained":[{"floor":3,"key":"Weak Potion"},{"floor":7,"key":"CultistPotion"}],"is_trial":false,"path_per_floor":["M","?","M","M","$","R","E","R","T","E","R","$","?","M","R","B"],"character_chosen":"DEFECT","items_purchased":["Madness","Good Instincts"],"campfire_rested":0,"item_purchase_floors":[5,12],"current_hp_per_floor":[64,64,63,63,63,63,28,28,28,18,18,18,11,17,17,0,0],"gold":28,"neow_bonus":"BOSS_RELIC","is_daily":false,"chose_seed":false,"campfire_upgraded":4,"win_rate":0.0,"timestamp":1613342737,"path_taken":["M","?","?","M","$","R","E","R","T","E","R","?","?","M","R","BOSS"],"items_purchased_type":["Card","Card"],"build_version":"2020-12-22","purchased_purges":1,"victory":false,"max_hp_per_floor":[75,75,75,75,75,75,75,75,75,75,75,75,75,75,75,75,75],"card_choices":[{"not_picked":["Stack","Leap"],"picked":"Coolheaded","floor":1},{"not_picked":["Hello World","Barrage"],"picked":"Gash","floor":3},{"not_picked":["Barrage","Steam"],"picked":"Scrape","floor":4},{"not_picked":["Static Discharge","Chaos"],"picked":"Self Repair","floor":7},{"not_picked":["Stack","Auto Shields"],"picked":"Self Repair","floor":10},{"not_picked":["Fusion","Stack","Darkness"],"picked":"SKIP","floor":14}],"player_experience":1231747,"relics_obtained":[{"floor":7,"key":"Akabeko"},{"floor":9,"key":"Anchor"},{"floor":10,"key":"Bottled Tornado"}],"event_choices":[{"damage_healed":0,"gold_gain":0,"player_choice":"Forge","damage_taken":0,"max_hp_gain":0,"max_hp_loss":0,"event_name":"Accursed Blacksmith","floor":2,"gold_loss":0,"cards_upgraded":["Dualcast"]},{"cards_removed":["Strike_B"],"damage_healed":0,"gold_gain":0,"player_choice":"Card Removal","damage_taken":7,"max_hp_gain":0,"max_hp_loss":0,"event_name":"Golden Wing","floor":13,"gold_loss":0}],"is_beta":false,"boss_relics":[],"items_purged_floors":[12],"is_endless":false,"potions_floor_spawned":[3,7],"killed_by":"Hexaghost","ascension_level":13}}