{"host":"pgm1p3lvdjflie30","time":1613274217,"event":{"mods":["AchievementEnabler","Alarm Clock","Aspiration","BaseMod","Challenge The Spire","Colored Map","Colored Powertips","Conspire","Dark Map","Energized Spire","GungeonMod","Hermit","HornydragonMod","Minty Spire (QoL Compilation)","Quarter Circle Forward PUNCH!","Quick Restart","Reimu（博???）","Relic Stats","Reliquary","Replay The Spire","Robot Space Explorer","Spicy Shops","StSLib","The Blackbeard","The Bug Knight","The Cursed","The Hayseed","The IronCluck","The Runesmith","Waifu the Spire","Yakumo Yukari mod","【功能Mod】混沌之?修复?丁","篝火指南"],"gold_per_floor":[116,116,127,145,145,145,161,161,186,197,197,208,208,221,221,221,221],"floor_reached":16,"language":"ZHS","playtime":684,"items_purged":[],"score":94,"play_id":"efcc6953-3663-4504-9f27-c0edcfa6795f","local_time":"20210214114337","is_ascension_mode":false,"campfire_choices":[{"data":"Neutralize","floor":6,"key":"SMITH"},{"data":"Burst","floor":8,"key":"SMITH"},{"data":"Hidden Blade","floor":11,"key":"SMITH"},{"data":"Finisher","floor":13,"key":"SMITH"},{"data":"Flying Knee","floor":15,"key":"SMITH"}],"circlet_count":0,"master_deck":["Strike_G","Strike_G","Strike_G","Strike_G","Strike_G","Defend_G","Defend_G","Defend_G","Defend_G","Defend_G","Survivor","Neutralize+1","Backstab+1","Decay","Hidden Blade+1","Prepared","Burst+1","ReplayTheSpireMod:Shiv Toss","Finisher+1","Flying Knee+1"],"relics":["energizedSpire:OgreHead"],"acts_visited":["Exordium"],"potions_floor_usage":[14,16,16],"damage_taken":[{"damage":0,"enemies":"Jaw Worm","floor":1,"turns":4},{"damage":0,"enemies":"Cultist","floor":3,"turns":4},{"damage":0,"enemies":"conspire:RoseBush","floor":4,"turns":3},{"damage":0,"enemies":"Red Slaver","floor":7,"turns":4},{"damage":15,"enemies":"Large Slime","floor":10,"turns":6},{"damage":31,"enemies":"Exordium Thugs","floor":12,"turns":7},{"damage":1,"enemies":"2 Fungi Beasts","floor":14,"turns":2},{"damage":38,"enemies":"Fading Forest","floor":16,"turns":7}],"seed_played":"2678211716762729186","potions_obtained":[{"floor":1,"key":"Strength Potion"},{"floor":3,"key":"FearPotion"},{"floor":12,"key":"Fire Potion"}],"is_trial":false,"path_per_floor":["M","?","M","M","?","R","M","R","T","M","R","M","R","M","R","B"],"character_chosen":"THE_SILENT","items_purchased":[],"campfire_rested":0,"item_purchase_floors":[],"current_hp_per_floor":[70,70,70,70,70,70,70,70,70,55,55,24,24,23,23,0,0],"gold":221,"neow_bonus":"BOSS_RELIC","is_daily":false,"chose_seed":false,"campfire_upgraded":5,"win_rate":0.0,"timestamp":1613274217,"path_taken":["M","?","?","M","?","R","M","R","T","M","R","M","R","M","R","BOSS"],"items_purchased_type":[],"build_version":"2020-12-22","purchased_purges":0,"victory":false,"max_hp_per_floor":[70,70,70,70,70,70,70,70,70,70,70,70,70,70,70,70,70],"relic_stats":{"counters":[8,37],"obtain_stats":[{"DemoMod:GlassGuonStoneRelic":1,"energizedSpire:OgreHead":0,"Ring of the Snake":0},{"DemoMod:GlassGuonStoneRelic":1,"energizedSpire:OgreHead":0,"Ring of the Snake":0},{"DemoMod:GlassGuonStoneRelic":4,"energizedSpire:OgreHead":0,"Ring of the Snake":0}]},"card_choices":[{"not_picked":["Eviscerate","Bane"],"picked":"Backstab","floor":1},{"not_picked":["Underhanded Strike","Dagger Throw"],"picked":"Hidden Blade","floor":3},{"not_picked":["Backflip","Concentrate"],"picked":"Prepared","floor":4},{"not_picked":["Crippling Poison","Poisoned Stab"],"picked":"Burst","floor":7},{"not_picked":["Prepared","Escape Plan"],"picked":"ReplayTheSpireMod:Shiv Toss","floor":10},{"not_picked":["Draining Mist","Underhanded Strike"],"picked":"Finisher","floor":12},{"not_picked":["Acrobatics","Deadly Poison"],"picked":"Flying Knee","floor":14}],"player_experience":496063,"relics_obtained":[],"event_choices":[{"damage_healed":0,"gold_gain":0,"player_choice":"Cursed","damage_taken":0,"max_hp_gain":0,"max_hp_loss":0,"event_name":"Wheel of Change","floor":2,"gold_loss":0,"cards_obtained":["Decay"]},{"damage_healed":0,"gold_gain":0,"player_choice":"Grow","damage_taken":0,"max_hp_gain":0,"max_hp_loss":0,"event_name":"Living Wall","floor":5,"gold_loss":0,"cards_upgraded":["Backstab"]}],"is_beta":false,"boss_relics":[],"items_purged_floors":[],"is_endless":false,"potions_floor_spawned":[1,3,12],"killed_by":"Fading Forest","ascension_level":0}}