{"host":"w9zfxf1uwb1etsnq","time":1613342530,"event":{"mods":["AchievementEnabler","BaseMod","Colored Map","Highlight Path","Minty Spire (QoL Compilation)"],"gold_per_floor":[113,113,79,95,95,130,130,159,206,225,240,240,240],"floor_reached":12,"language":"ENG","playtime":1131,"items_purged":[],"score":119,"play_id":"b2402e7c-df93-4378-8882-bb3a0616cf2c","local_time":"20210214224210","is_ascension_mode":true,"campfire_choices":[{"data":"Catalyst","floor":7,"key":"SMITH"}],"circlet_count":0,"master_deck":["Strike_G","Strike_G","Strike_G","Strike_G","Strike_G","Defend_G","Defend_G","Defend_G","Defend_G","Defend_G","Survivor","Neutralize","Deadly Poison+1","Catalyst+1","Terror","Blade Dance","Blade Dance","Catalyst"],"relics":["Ring of the Snake","NeowsBlessing","Tiny Chest","Molten Egg 2","Nunchaku"],"acts_visited":["Exordium"],"potions_floor_usage":[12,12],"damage_taken":[{"damage":0,"enemies":"Small Slimes","floor":1,"turns":1},{"damage":0,"enemies":"Cultist","floor":4,"turns":1},{"damage":0,"enemies":"Gremlin Nob","floor":6,"turns":1},{"damage":32,"enemies":"3 Sentries","floor":8,"turns":13},{"damage":11,"enemies":"Jaw Worm","floor":10,"turns":2},{"damage":17,"enemies":"Lots of Slimes","floor":11,"turns":4},{"damage":8,"enemies":"Lagavulin","floor":12,"turns":3}],"seed_played":"-3898975807442554287","potions_obtained":[{"floor":4,"key":"Energy Potion"},{"floor":8,"key":"Poison Potion"}],"is_trial":false,"path_per_floor":["M","?","$","M","T","E","R","E","T","M","M","E"],"character_chosen":"THE_SILENT","items_purchased":["Catalyst"],"campfire_rested":0,"item_purchase_floors":[3],"current_hp_per_floor":[70,70,70,70,70,70,70,38,38,27,10,2,2],"gold":240,"neow_bonus":"THREE_ENEMY_KILL","is_daily":false,"chose_seed":false,"campfire_upgraded":1,"win_rate":0.0,"timestamp":1613342530,"path_taken":["M","?","?","M","?","E","R","E","T","M","?","E"],"items_purchased_type":["Card"],"build_version":"2020-12-22","purchased_purges":0,"victory":false,"max_hp_per_floor":[70,70,70,70,70,70,70,70,70,70,70,70,70],"card_choices":[{"not_picked":["Reflex","Sucker Punch"],"picked":"Deadly Poison","floor":1},{"not_picked":["Sucker Punch","Underhanded Strike","Slice"],"picked":"SKIP","floor":4},{"not_picked":["Quick Slash","Dagger Spray"],"picked":"Terror","floor":6},{"not_picked":["Grand Finale+1","Backflip"],"picked":"Blade Dance","floor":8},{"not_picked":["Prepared","Dodge and Roll"],"picked":"Blade Dance","floor":10},{"not_picked":["Finisher+1","Acrobatics"],"picked":"Catalyst","floor":11}],"player_experience":151334,"relics_obtained":[{"floor":6,"key":"Tiny Chest"},{"floor":8,"key":"Molten Egg 2"},{"floor":9,"key":"Nunchaku"}],"event_choices":[{"damage_healed":0,"gold_gain":0,"player_choice":"Forge","damage_taken":0,"max_hp_gain":0,"max_hp_loss":0,"event_name":"Accursed Blacksmith","floor":2,"gold_loss":0,"cards_upgraded":["Deadly Poison"]}],"is_beta":false,"boss_relics":[],"items_purged_floors":[],"is_endless":false,"potions_floor_spawned":[4,8],"killed_by":"Lagavulin","ascension_level":1}}