{"host":"gf8hyl7jhl0is674","time":1613266616,"event":{"mods":["2.2 Compatiblity","Act Like it!","BaseMod","CapriCore","Chen","Colored Map","Gensokyo","Hallownest","KinomotoSakuraMod(????)","Koishi","Marisa????????","Minty Spire (QoL Compilation)","Onozuka Komachi Mod","Permanent Neow","Reimu??????","StSLib","The Administrix","The Blue Laboratory","The Bug Knight","The Immortal","The Servant 0.9.4","Waifu the Spire"],"gold_per_floor":[113,38,38,38,54,54,79,79,79,113,131,131,159,179,179,275,275,290,304,304,304,61,61,96,110,110,110,128,128,160,11,11,107,107,123,185,199,213,231,262,281,310,310,328,343,141,155,190,190,290,290,302,146,146,162,12,12,22,22,22,38,50,84,84,84,84,186,186,199,216,216,216,232,232,247,247,280,305,305,324,341,110,110,210,210,229,389,162,162,162,162,188,222,251,108,124,140,15,34,34,133,133,149,102,117,117,142,175,175,175,207,58,77,89,100,100,100,205,205,224,79,99,134,144,144,169,169,197,197,207,54,72,91,91,191,191,211,221,221,253,270,304,304,315,347,267,92,120,120,135,135,232,232,248,262,277,202,202,202,236,93,128,128,145,145,145,145,145,249,249,264,6,38,49,49,49,515,533,563,563,563,590,608,621,621,716,716,735,747,747,338,348,376,291,291,316,331,331,365,382,400,400,400,400],"floor_reached":203,"language":"ENG","playtime":11391,"items_purged":["HollowMod:QuickDashStart","HollowMod:NailStrikeStart","HollowMod:QuickDashStart","HollowMod:NailStrikeStart","Hallownest:skillLeafShield"],"score":6094,"play_id":"d8e8d36a-9515-44ce-83d9-74ec8d8dbb75","local_time":"20210213183656","is_ascension_mode":false,"campfire_choices":[{"data":"HollowMod:DashSlash","floor":6.0,"key":"SMITH"},{"data":"HollowMod:GreatSlash","floor":8.0,"key":"SMITH"},{"data":"HollowMod:MantisMark","floor":12.0,"key":"SMITH"},{"data":"HollowMod:HeavyBlow","floor":15.0,"key":"SMITH"},{"data":"HollowMod:ChannelNail","floor":23.0,"key":"SMITH"},{"data":"HollowMod:MonarchWings","floor":29.0,"key":"SMITH"},{"data":"HollowMod:PogoStrike","floor":32.0,"key":"SMITH"},{"data":"HollowMod:QuickDashStart","floor":49.0,"key":"PURGE"},{"data":"HollowMod:NailStrikeStart","floor":57.0,"key":"PURGE"},{"data":"HollowMod:NailStrikeStart","floor":64.0,"key":"PURGE"},{"data":"HollowMod:FocusHealStart","floor":66.0,"key":"PURGE"},{"data":"HollowMod:GoodIntentions+1","floor":74.0,"key":"PURGE"},{"data":"HollowMod:DashSlash+1","floor":76.0,"key":"PURGE"},{"data":"HollowMod:SlysStrikes","floor":79.0,"key":"SMITH"},{"data":"Good Instincts","floor":83.0,"key":"SMITH"},{"data":"HollowMod:BaldurShell","floor":91.0,"key":"SMITH"},{"data":"HollowMod:LifebloodCore","floor":100.0,"key":"PURGE"},{"data":"HollowMod:VengefulSpirit+1","floor":110.0,"key":"PURGE"},{"data":"HollowMod:DoubleDash","floor":117.0,"key":"PURGE"},{"data":"Good Instincts+1","floor":125.0,"key":"PURGE"},{"data":"HollowMod:SoulSplash","floor":127.0,"key":"SMITH"},{"data":"HollowMod:SoulMaster","floor":134.0,"key":"SMITH"},{"data":"Hallownest:skillLeafShield","floor":143.0,"key":"PURGE"},{"data":"Hallownest:skillLeafShield","floor":151.0,"key":"PURGE"},{"data":"Hallownest:skillLeafShield","floor":159.0,"key":"PURGE"},{"data":"Hallownest:skillLeafShield","floor":166.0,"key":"PURGE"},{"data":"HollowMod:ChannelNail+1","floor":168.0,"key":"PURGE"},{"data":"HollowMod:MantisMark+1","floor":176.0,"key":"PURGE"},{"data":"Hallownest:skillGreenpathMap","floor":181.0,"key":"SMITH"},{"data":"Hallownest:attackMasterDashSlash","floor":185.0,"key":"SMITH"},{"floor":195.0,"key":"DIG"},{"data":"Hallownest:skillKingdomsEdgeMap","floor":202.0,"key":"SMITH"}],"circlet_count":5,"master_deck":["HollowMod:PogoStrike+1","HollowMod:GreatSlash+1","HollowMod:MantisMark+1","HollowMod:PerfectDash+1","HollowMod:SlysStrikes+1","HollowMod:CloakDash+1","HollowMod:SoulMaster+1","HollowMod:CloakDash+1","HollowMod:SoulSplash+1","HollowMod:MylasSalvation","Hallownest:attackMasterDashSlash+1","Hallownest:skillGreenpathMap+1","Hallownest:skillKingdomsEdgeMap+1"],"relics":["HollowMod:VesselMask","Bronze Scales","Omamori","Hallownest:DreamNailRelic","White Beast Statue","Ornamental Fan","Mastiff:ReiMu","MealTicket","Black Star","Bag of Marbles","Orichalcum","Pantograph","HornCleat","Ice Cream","Darkstone Periapt","War Paint","Busted Crown","Peace Pipe","Pear","Bottled Lightning","Akabeko","Potion Belt","Lantern","Shuriken","Tiny Chest","Runic Pyramid","Nunchaku","Ginger","RedLine:ReiMu","TheAbacus","Cursed Key","Hallownest:GodTamersBeastRelic","PreservedInsect","ClockworkSouvenir","Sundial","SlaversCollar","HollowMod:JonisBlessing","Circlet","DollysMirror","Strawberry","Membership Card","Mummified Hand","Blue Candle","HollowMod:MillibellesNoteRelic","Hallownest:BlackEggRelic","Shovel","Meat on the Bone","Question Card","HollowMod:MillibellesNoteRelic"],"acts_visited":["Hallownest:Greenpath","Hallownest:CityofTears","Hallownest:KingdomsEdge","Hallownest:Greenpath","Hallownest:CityofTears","Hallownest:KingdomsEdge","Hallownest:Greenpath","Hallownest:CityofTears","Hallownest:KingdomsEdge","Hallownest:Greenpath","Hallownest:CityofTears","Hallownest:KingdomsEdge"],"potions_floor_usage":[],"damage_taken":[{"damage":0.0,"enemies":"Hallownest:monsterHuskWarrior","floor":1.0,"turns":4.0},{"damage":6.0,"enemies":"Hallownest:2_Baldur","floor":5.0,"turns":3.0},{"damage":3.0,"enemies":"Hallownest:eliteVengeflyKing","floor":7.0,"turns":7.0},{"damage":1.0,"enemies":"Hallownest:eliteCrystalGuardian","floor":10.0,"turns":5.0},{"damage":0.0,"enemies":"Hallownest:2_MossCreeps","floor":11.0,"turns":3.0},{"damage":12.0,"enemies":"Hallownest:eliteMossKnight","floor":13.0,"turns":5.0},{"damage":3.0,"enemies":"Hallownest:MossCreep_and_Mosskin","floor":14.0,"turns":3.0},{"damage":20.0,"enemies":"Hallownest:BossFalseKnight","floor":16.0,"turns":8.0},{"damage":0.0,"enemies":"Hallownest:3_Youths","floor":18.0,"turns":4.0},{"damage":14.0,"enemies":"Hallownest:Guard_and_Sentry","floor":19.0,"turns":5.0},{"damage":10.0,"enemies":"Hallownest:Nosk","floor":24.0,"turns":8.0},{"damage":5.0,"enemies":"Hallownest:Warrior_and_Youth","floor":25.0,"turns":4.0},{"damage":0.0,"enemies":"Hallownest:2_Husk_Sentries","floor":28.0,"turns":6.0},{"damage":15.0,"enemies":"Hallownest:eliteWatcherKnight","floor":30.0,"turns":12.0},{"damage":11.0,"enemies":"Hallownest:BossGrimm","floor":33.0,"turns":9.0},{"damage":0.0,"enemies":"Hallownest:Shield_Heavy","floor":35.0,"turns":4.0},{"damage":13.0,"enemies":"Hallownest:2_Primals","floor":36.0,"turns":4.0},{"damage":0.0,"enemies":"Hallownest:2_Littles","floor":37.0,"turns":4.0},{"damage":0.0,"enemies":"Hallownest:2_Wing_and_1_Kings","floor":38.0,"turns":4.0},{"damage":3.0,"enemies":"Hallownest:monsterPrimalAspid","floor":39.0,"turns":3.0},{"damage":42.0,"enemies":"Hallownest:eliteHiveKnight","floor":40.0,"turns":7.0},{"damage":10.0,"enemies":"Hallownest:2_Wandering_and_1_Horned","floor":41.0,"turns":5.0},{"damage":0.0,"enemies":"Hallownest:StalkingDevout","floor":42.0,"turns":6.0},{"damage":3.0,"enemies":"Hallownest:Shield_Sturdy","floor":44.0,"turns":4.0},{"damage":4.0,"enemies":"Hallownest:monsterPrimalAspid","floor":45.0,"turns":4.0},{"damage":3.0,"enemies":"Hallownest:2_Wandering_and_1_Horned","floor":47.0,"turns":8.0},{"damage":0.0,"enemies":"Hallownest:eliteCollector","floor":48.0,"turns":9.0},{"damage":9.0,"enemies":"Hallownest:BossGreyPrinceZote","floor":50.0,"turns":8.0},{"damage":0.0,"enemies":"Hallownest:2_Baldur","floor":52.0,"turns":2.0},{"damage":0.0,"enemies":"Hallownest:2_Tiktiks_and_1_Crawlid","floor":55.0,"turns":2.0},{"damage":0.0,"enemies":"2_ Uuma","floor":58.0,"turns":3.0},{"damage":0.0,"enemies":"Hallownest:2_Tiktiks_1_Baldur_1_Crawlid","floor":61.0,"turns":2.0},{"damage":1.0,"enemies":"Hallownest:1_Baldur_1_Crawlid_1_Warrior","floor":62.0,"turns":1.0},{"damage":0.0,"enemies":"Hallownest:eliteMossKnight","floor":63.0,"turns":3.0},{"damage":4.0,"enemies":"Hallownest:BossHornet","floor":67.0,"turns":7.0},{"damage":0.0,"enemies":"Hallownest:Guard_and_Sentry","floor":69.0,"turns":2.0},{"damage":0.0,"enemies":"Hallownest:2_Mistakes","floor":70.0,"turns":1.0},{"damage":0.0,"enemies":"Hallownest:2_Flukemon","floor":73.0,"turns":2.0},{"damage":0.0,"enemies":"Hallownest:2_Husk_Sentries","floor":75.0,"turns":1.0},{"damage":10.0,"enemies":"Hallownest:eliteSoulWarrior","floor":77.0,"turns":4.0},{"damage":0.0,"enemies":"Hallownest:Nosk","floor":78.0,"turns":4.0},{"damage":0.0,"enemies":"Hallownest:Master_and_Novice","floor":80.0,"turns":1.0},{"damage":0.0,"enemies":"Hallownest:2_Flukemon","floor":81.0,"turns":2.0},{"damage":0.0,"enemies":"Hallownest:BossGrimm","floor":84.0,"turns":6.0},{"damage":0.0,"enemies":"Hallownest:3_Siblings","floor":86.0,"turns":2.0},{"damage":1.0,"enemies":"Hallownest:3_Siblings","floor":87.0,"turns":3.0},{"damage":2.0,"enemies":"Hallownest:3_Siblings","floor":87.0,"turns":3.0},{"damage":23.0,"enemies":"Hallownest:3_Siblings","floor":87.0,"turns":3.0},{"damage":0.0,"enemies":"Hallownest:3_Siblings","floor":87.0,"turns":2.0},{"damage":0.0,"enemies":"Hallownest:eliteHiveKnight","floor":92.0,"turns":4.0},{"damage":0.0,"enemies":"Hallownest:StalkingDevout","floor":93.0,"turns":3.0},{"damage":0.0,"enemies":"Hallownest:eliteHiveKnight","floor":94.0,"turns":4.0},{"damage":0.0,"enemies":"Hallownest:2_Littles","floor":96.0,"turns":2.0},{"damage":0.0,"enemies":"Hallownest:Slobbering_and_Violent","floor":97.0,"turns":4.0},{"damage":2.0,"enemies":"Hallownest:Xero_Hu_Marmu","floor":99.0,"turns":3.0},{"damage":47.0,"enemies":"Hallownest:BossHollowKnight","floor":101.0,"turns":9.0},{"damage":0.0,"enemies":"Hallownest:2_Tiktiks_and_1_Crawlid","floor":103.0,"turns":1.0},{"damage":0.0,"enemies":"Hallownest:monsterHuskGuard","floor":105.0,"turns":2.0},{"damage":0.0,"enemies":"Hallownest:eliteCrystalGuardian","floor":107.0,"turns":2.0},{"damage":0.0,"enemies":"Hallownest:eliteMossKnight","floor":108.0,"turns":2.0},{"damage":0.0,"enemies":"Hallownest:eliteVengeflyKing","floor":111.0,"turns":3.0},{"damage":0.0,"enemies":"Hallownest:2_Baldur","floor":113.0,"turns":1.0},{"damage":0.0,"enemies":"Hallownest:Guard_and_Warrior","floor":114.0,"turns":2.0},{"damage":0.0,"enemies":"Hallownest:Wandering_and_Horned","floor":115.0,"turns":1.0},{"damage":0.0,"enemies":"Hallownest:BossBrokenVessel","floor":118.0,"turns":6.0},{"damage":0.0,"enemies":"Hallownest:3_Youths","floor":120.0,"turns":3.0},{"damage":0.0,"enemies":"Hallownest:Guard_and_Sentry","floor":122.0,"turns":2.0},{"damage":0.0,"enemies":"Hallownest:Nosk","floor":123.0,"turns":4.0},{"damage":0.0,"enemies":"Hallownest:monsterMisterMushroom","floor":124.0,"turns":4.0},{"damage":0.0,"enemies":"Hallownest:eliteWatcherKnight","floor":126.0,"turns":6.0},{"damage":0.0,"enemies":"Hallownest:eliteSoulWarrior","floor":128.0,"turns":3.0},{"damage":0.0,"enemies":"Hallownest:3_Mistakes","floor":130.0,"turns":2.0},{"damage":0.0,"enemies":"Hallownest:monsterShrumalOgre","floor":132.0,"turns":3.0},{"damage":0.0,"enemies":"Hallownest:Warrior_and_Youth","floor":133.0,"turns":3.0},{"damage":0.0,"enemies":"Hallownest:BossMantisLord","floor":135.0,"turns":3.0},{"damage":0.0,"enemies":"Hallownest:Shield_Heavy","floor":137.0,"turns":3.0},{"damage":0.0,"enemies":"Hallownest:3_Siblings","floor":138.0,"turns":3.0},{"damage":0.0,"enemies":"Hallownest:eliteHiveKnight","floor":140.0,"turns":4.0},{"damage":0.0,"enemies":"Hallownest:2_Great","floor":141.0,"turns":3.0},{"damage":0.0,"enemies":"Hallownest:StalkingDevout","floor":142.0,"turns":3.0},{"damage":0.0,"enemies":"Hallownest:2_Wing_and_1_Kings","floor":144.0,"turns":3.0},{"damage":0.0,"enemies":"Hallownest:eliteHiveKnight","floor":145.0,"turns":4.0},{"damage":3.0,"enemies":"Hallownest:eliteCollector","floor":148.0,"turns":3.0},{"damage":54.0,"enemies":"Hallownest:2_Soldiers_and_1_Guardian","floor":150.0,"turns":3.0},{"damage":0.0,"enemies":"Hallownest:BossGreyPrinceZote","floor":152.0,"turns":5.0},{"damage":0.0,"enemies":"Hallownest:monsterHuskGuard","floor":154.0,"turns":2.0},{"damage":0.0,"enemies":"Hallownest:2_Tiktiks_and_1_Crawlid","floor":155.0,"turns":2.0},{"damage":0.0,"enemies":"Hallownest:2_MossCreeps","floor":156.0,"turns":2.0},{"damage":0.0,"enemies":"Hallownest:eliteCrystalGuardian","floor":160.0,"turns":2.0},{"damage":0.0,"enemies":"Hallownest:eliteVengeflyKing","floor":162.0,"turns":3.0},{"damage":0.0,"enemies":"Hallownest:1_Baldur_1_Crawlid_1_Warrior","floor":164.0,"turns":2.0},{"damage":0.0,"enemies":"Hallownest:monsterMarmu","floor":167.0,"turns":2.0},{"damage":0.0,"enemies":"Hallownest:BossHornet","floor":169.0,"turns":3.0},{"damage":0.0,"enemies":"Hallownest:2_Mistakes","floor":171.0,"turns":2.0},{"damage":0.0,"enemies":"Hallownest:eliteSoulWarrior","floor":173.0,"turns":2.0},{"damage":0.0,"enemies":"Hallownest:Flukemon_and_Top","floor":174.0,"turns":2.0},{"damage":0.0,"enemies":"Hallownest:3_Mistakes","floor":178.0,"turns":1.0},{"damage":0.0,"enemies":"Hallownest:Nosk","floor":179.0,"turns":1.0},{"damage":0.0,"enemies":"Hallownest:eliteWatcherKnight","floor":182.0,"turns":5.0},{"damage":0.0,"enemies":"Hallownest:2_Husk_Sentries","floor":183.0,"turns":1.0},{"damage":0.0,"enemies":"Hallownest:monsterShrumalOgre","floor":184.0,"turns":2.0},{"damage":2.0,"enemies":"Hallownest:BossMantisLord","floor":186.0,"turns":2.0},{"damage":0.0,"enemies":"Hallownest:3_Siblings","floor":188.0,"turns":1.0},{"damage":0.0,"enemies":"Hallownest:Shield_Heavy","floor":189.0,"turns":2.0},{"damage":0.0,"enemies":"Hallownest:monsterPrimalAspid","floor":192.0,"turns":2.0},{"damage":0.0,"enemies":"Hallownest:StalkingDevout","floor":193.0,"turns":2.0},{"damage":0.0,"enemies":"Hallownest:eliteCollector","floor":196.0,"turns":2.0},{"damage":0.0,"enemies":"Hallownest:2_Great","floor":197.0,"turns":1.0},{"damage":0.0,"enemies":"Hallownest:eliteHiveKnight","floor":199.0,"turns":2.0},{"damage":0.0,"enemies":"Hallownest:Shield_Sturdy","floor":200.0,"turns":2.0},{"damage":0.0,"enemies":"Hallownest:2_Soldiers_and_1_Guardian","floor":201.0,"turns":2.0},{"damage":0,"enemies":"Hallownest:BossHollowKnight","floor":203,"turns":1}],"seed_played":"8799169359751074802","potions_obtained":[{"floor":1.0,"key":"blueLaboratory:StoneskinPotion"},{"floor":10.0,"key":"blueLaboratory:BottleOfVodka"},{"floor":11.0,"key":"ColorlessPotion"},{"floor":13.0,"key":"Fire Potion"},{"floor":14.0,"key":"blueLaboratory:RecallPotion"},{"floor":19.0,"key":"blueLaboratory:FrostheartPotion"},{"floor":25.0,"key":"ZuzhouPotion:ReiMu"},{"floor":30.0,"key":"DistilledChaos"},{"floor":33.0,"key":"blueLaboratory:CorrosionFlask"},{"floor":35.0,"key":"blueLaboratory:SavagePotion"},{"floor":36.0,"key":"SpeedPotion"},{"floor":37.0,"key":"blueLaboratory:BottleOfRum"},{"floor":38.0,"key":"LiquidBronze"},{"floor":39.0,"key":"blueLaboratory:HorrorPotion"},{"floor":40.0,"key":"blueLaboratory:BottleOfVodka"},{"floor":41.0,"key":"blueLaboratory:PolymorphPotion"},{"floor":42.0,"key":"blueLaboratory:PyrophylliteBrew"},{"floor":44.0,"key":"blueLaboratory:BubblePotion"},{"floor":45.0,"key":"blueLaboratory:BubblePotion"},{"floor":47.0,"key":"blueLaboratory:BubblePotion"},{"floor":48.0,"key":"Dexterity Potion"},{"floor":50.0,"key":"blueLaboratory:Moonshine"},{"floor":52.0,"key":"blueLaboratory:LouseDecoction"},{"floor":55.0,"key":"Block Potion"},{"floor":67.0,"key":"Strength Potion"},{"floor":69.0,"key":"DuplicationPotion"},{"floor":77.0,"key":"blueLaboratory:BottleOfRum"},{"floor":78.0,"key":"Fire Potion"},{"floor":84.0,"key":"blueLaboratory:BubblePotion"},{"floor":132.0,"key":"blueLaboratory:EnragingPotion"},{"floor":133.0,"key":"AttackPotion"},{"floor":138.0,"key":"EntropicBrew"},{"floor":150.0,"key":"blueLaboratory:FrostheartPotion"},{"floor":152.0,"key":"Block Potion"}],"is_trial":true,"path_per_floor":["M","$","?","?","M","R","E","R","T","E","M","R","E","M","R","B",null,"M","M","?","?","$","R","E","M","T","?","M","R","E","$","R","B",null,"M","?","M","M","M","E","M","E","T","M","M","$","M","E","R","B",null,"M","$","?","M","$","R","M","$","T","M","M","E","R","$","R","B",null,"M","M","?","?","M","R","M","R","E","E","R","M","M","$","R","B",null,"M","?","$","?","?","R","E","E","E","$","M","M","?","M","R","B",null,"M","$","M","?","E","E","?","R","E","$","M","M","M","?","R","B",null,"M","$","M","E","M","R","E","R","E","?","M","$","M","M","R","B",null,"M","M","?","E","M","E","R","M","E","?","$","E","$","M","R","B",null,"M","M","M","?","?","R","E","$","E","?","M","$","R","?","R","B",null,"M","$","E","M","?","R","?","M","E","?","R","E","M","M","R","B",null,"M","M","?","$","M","E","?","R","E","M","?","E","M","M","R","B"],"character_chosen":"THE_BUGKNIGHT","items_purchased":["Bag of Marbles","War Paint","HollowMod:BaldurShell","Nunchaku","Good Instincts","TheAbacus","HollowMod:BaldurShell","PreservedInsect","ClockworkSouvenir","HollowMod:SoulSplash","HollowMod:JonisBlessing","DollysMirror","Strawberry","Membership Card","Mummified Hand","Blue Candle","Shovel","Meat on the Bone","Question Card"],"campfire_rested":0,"item_purchase_floors":[22,31,46,53,82,82,88,88,95,104,112,121,131,161,172,172,191,191,191],"current_hp_per_floor":[75,75,65,65,65,65,72,72,72,74,75,75,69,72,72,52,75,75,71,71,71,75,75,65,70,70,70,75,75,66,75,75,64,75,75,62,62,62,59,37,33,33,33,30,32,47,50,62,62,82,85,85,85,75,75,85,85,85,85,85,85,84,84,84,85,85,81,85,85,85,85,81,81,81,81,81,71,71,71,71,71,85,85,85,85,85,59,74,74,74,74,74,74,74,80,80,80,80,78,78,33,80,80,80,80,80,80,80,70,70,70,80,80,80,80,80,80,80,80,80,80,80,80,80,80,80,80,80,80,80,87,87,87,87,87,87,87,87,87,87,87,87,87,87,87,87,87,84,87,33,33,33,87,87,87,87,87,78,78,78,85,85,85,85,87,87,87,87,87,87,87,87,87,87,87,87,87,87,87,87,87,87,87,87,87,85,87,87,87,87,87,87,87,87,87,87,87,83,83,83,83,83,83,83],"gold":400,"neow_bonus":"","is_daily":false,"chose_seed":false,"campfire_upgraded":15,"win_rate":0.0,"timestamp":1613266616,"path_taken":["M","$","?","?","M","R","E","R","T","E","M","R","E","?","R","BOSS","M","M","?","?","$","R","E","M","T","?","?","R","E","$","R","BOSS","M","?","M","?","M","E","M","E","T","M","M","?","M","E","R","BOSS","M","$","?","M","$","R","?","$","T","M","?","?","R","?","R","BOSS","M","M","?","?","M","R","M","R","E","?","R","M","M","$","R","BOSS","M","?","$","?","?","R","?","E","E","$","M","?","?","M","R","BOSS","M","$","M","?","?","E","?","R","E","$","M","?","M","?","R","BOSS","M","$","M","?","M","R","E","R","E","?","M","$","M","M","R","BOSS","M","?","?","?","?","E","R","M","E","?","?","?","?","M","R","BOSS","M","M","M","?","?","R","?","$","E","?","?","$","R","?","R","BOSS","M","$","?","M","?","R","?","M","E","?","R","?","M","M","R","BOSS","M","M","?","$","M","E","?","R","E","M","?","?","?","M","R","BOSS"],"items_purchased_type":["Relic","Relic","Card","Relic","Card","Relic","Card","Relic","Relic","Card","Relic","Relic","Relic","Relic","Relic","Relic","Relic","Relic","Relic"],"build_version":"2020-12-22","purchased_purges":5,"victory":false,"max_hp_per_floor":[75,75,75,75,75,75,75,75,75,75,75,75,75,75,75,75,75,75,75,75,75,75,75,75,75,75,75,75,75,75,75,75,75,75,75,75,75,75,75,85,85,85,85,85,85,85,85,85,85,85,85,85,85,85,85,85,85,85,85,85,85,85,85,85,85,85,85,85,85,85,85,85,85,85,85,85,85,85,85,85,85,85,85,85,85,85,85,85,80,80,80,80,80,80,80,80,80,80,80,80,80,80,80,80,80,80,80,80,80,80,80,80,80,80,80,80,80,80,80,80,80,80,80,80,80,80,80,80,80,80,87,87,87,87,87,87,87,87,87,87,87,87,87,87,87,87,87,87,87,87,87,87,87,87,87,87,87,87,87,87,87,87,87,87,87,87,87,87,87,87,87,87,87,87,87,87,87,87,87,87,87,87,87,87,87,87,87,87,87,87,87,87,87,87,87,87,87,87,87,87,87,87,87,87],"card_choices":[{"not_picked":["HollowMod:MothsMistake","HollowMod:ShadowDash"],"picked":"HollowMod:DashSlash","floor":1.0},{"not_picked":["HollowMod:ShadowDash","HollowMod:RecoilStrike"],"picked":"HollowMod:HeavyBlow","floor":5.0},{"not_picked":["HollowMod:SharpenedShadows","HollowMod:SoulStrike"],"picked":"HollowMod:GreatSlash","floor":7.0},{"not_picked":["HollowMod:DashSlash","HollowMod:LifebloodCocoon","HollowMod:WraithStrike"],"picked":"SKIP","floor":10.0},{"not_picked":["HollowMod:SoulVessel","HollowMod:GrimmsGift"],"picked":"HollowMod:MantisMark","floor":11.0},{"not_picked":["HollowMod:GoodIntentions","HollowMod:DescendingDark","HollowMod:SoulMaster"],"picked":"SKIP","floor":13.0},{"not_picked":["HollowMod:InfectedAttack","HollowMod:SoulVessel","HollowMod:BlackTendrils"],"picked":"SKIP","floor":14.0},{"not_picked":["HollowMod:theNailsmith","HollowMod:VoidDash"],"picked":"HollowMod:LifebloodCore","floor":16.0},{"not_picked":["HollowMod:SiblingsShadow","HollowMod:InfectedAttack","HollowMod:GrimmsGift"],"picked":"SKIP","floor":18.0},{"not_picked":["HollowMod:NewGlowingWomb+1","HollowMod:FallenFury","HollowMod:InfectionAssault"],"picked":"SKIP","floor":19.0},{"not_picked":["HollowMod:NewJinnsSoul","HollowMod:InfectedAttack"],"picked":"HollowMod:VengefulSpirit+1","floor":20.0},{"not_picked":["HollowMod:DashSlash+1","HollowMod:NewJinnsSoul+1"],"picked":"HollowMod:ChannelNail","floor":20.0},{"not_picked":["HollowMod:NewJinnsSoul","HollowMod:CycloneSlash"],"picked":"HollowMod:MonarchWings","floor":24.0},{"not_picked":["HollowMod:DescendingDark","HollowMod:SiblingsShadow"],"picked":"HollowMod:PerfectDash","floor":25.0},{"not_picked":["HollowMod:PureNailStrike","HollowMod:MonarchWings","HollowMod:AwokenDreamNail"],"picked":"SKIP","floor":28.0},{"not_picked":["HollowMod:ShapeofUnn","HollowMod:SharpenedNail","HollowMod:QuirrelsAssistance+1"],"picked":"SKIP","floor":30.0},{"not_picked":["HollowMod:InfectedCysts+1"],"picked":"SKIP","floor":35.0},{"not_picked":["HollowMod:SoulShaman"],"picked":"SKIP","floor":37.0},{"not_picked":["HollowMod:SoulShaman"],"picked":"SKIP","floor":38.0},{"not_picked":["HollowMod:WraithStrike+1"],"picked":"SKIP","floor":39.0},{"not_picked":["HollowMod:ChannelNail"],"picked":"SKIP","floor":40.0},{"not_picked":["HollowMod:NewJinnsSoul"],"picked":"SKIP","floor":41.0},{"not_picked":[],"picked":"HollowMod:SlysStrikes","floor":42.0},{"not_picked":[],"picked":"HollowMod:GoodIntentions+1","floor":44.0},{"not_picked":[],"picked":"HollowMod:CloakDash+1","floor":45.0},{"not_picked":["HollowMod:InfectionAssault+1"],"picked":"SKIP","floor":47.0},{"not_picked":["HollowMod:DescendingDark+1"],"picked":"SKIP","floor":48.0},{"not_picked":["HollowMod:SiblingsSouls"],"picked":"SKIP","floor":52.0},{"not_picked":["HollowMod:FallenFury"],"picked":"SKIP","floor":55.0},{"not_picked":["HollowMod:InfectedCysts"],"picked":"SKIP","floor":58.0},{"not_picked":["HollowMod:SharpenedNail"],"picked":"SKIP","floor":61.0},{"not_picked":["HollowMod:LifebloodCocoon"],"picked":"SKIP","floor":62.0},{"not_picked":["HollowMod:CloakDash"],"picked":"SKIP","floor":63.0},{"not_picked":["HollowMod:MonarchWings+1"],"picked":"SKIP","floor":69.0},{"not_picked":["HollowMod:CornifersMapStart"],"picked":"SKIP","floor":70.0},{"not_picked":["HollowMod:VengefulSpirit"],"picked":"SKIP","floor":73.0},{"not_picked":["HollowMod:DesolateDive"],"picked":"SKIP","floor":75.0},{"not_picked":["HollowMod:SoulStrike"],"picked":"SKIP","floor":77.0},{"not_picked":["HollowMod:RecoilStrike+1"],"picked":"SKIP","floor":78.0},{"not_picked":["HollowMod:CornifersMapStart"],"picked":"SKIP","floor":80.0},{"not_picked":["HollowMod:ShapeofUnn"],"picked":"SKIP","floor":81.0},{"not_picked":[],"picked":"HollowMod:SoulMaster","floor":84.0},{"not_picked":["HollowMod:BlackTendrils+1"],"picked":"SKIP","floor":86.0},{"not_picked":["HollowMod:AbyssShriek+1"],"picked":"SKIP","floor":92.0},{"not_picked":["HollowMod:DashSlash"],"picked":"SKIP","floor":93.0},{"not_picked":["HollowMod:GoodIntentions"],"picked":"SKIP","floor":94.0},{"not_picked":["HollowMod:GoodIntentions"],"picked":"SKIP","floor":94.0},{"not_picked":[],"picked":"HollowMod:CloakDash+1","floor":96.0},{"not_picked":["HollowMod:GoodIntentions"],"picked":"SKIP","floor":97.0},{"not_picked":["HollowMod:DescendingDark"],"picked":"SKIP","floor":99.0},{"not_picked":["HollowMod:CycloneSlash"],"picked":"SKIP","floor":103.0},{"not_picked":["HollowMod:CycloneSlash"],"picked":"SKIP","floor":105.0},{"not_picked":["HollowMod:FallenFury"],"picked":"SKIP","floor":107.0},{"not_picked":["HollowMod:SoulMaster"],"picked":"SKIP","floor":108.0},{"not_picked":[],"picked":"HollowMod:DoubleDash","floor":111.0},{"not_picked":["HollowMod:SiblingsShadow"],"picked":"SKIP","floor":113.0},{"not_picked":["HollowMod:SoulVessel"],"picked":"SKIP","floor":114.0},{"not_picked":["HollowMod:CycloneSlash"],"picked":"SKIP","floor":115.0},{"not_picked":["HollowMod:CycloneSlash"],"picked":"SKIP","floor":120.0},{"not_picked":["HollowMod:MonarchWings"],"picked":"SKIP","floor":122.0},{"not_picked":["HollowMod:HowlingWraiths+1"],"picked":"SKIP","floor":123.0},{"not_picked":["HollowMod:MothsMistake"],"picked":"SKIP","floor":124.0},{"not_picked":["HollowMod:SharpenedShadows+1"],"picked":"SKIP","floor":126.0},{"not_picked":["HollowMod:MonarchWings+1"],"picked":"SKIP","floor":128.0},{"not_picked":["HollowMod:GrimmsGift"],"picked":"SKIP","floor":130.0},{"not_picked":["HollowMod:NewJinnsSoul"],"picked":"SKIP","floor":132.0},{"not_picked":["HollowMod:SoulEater"],"picked":"SKIP","floor":133.0},{"not_picked":["HollowMod:InfectionAssault+1"],"picked":"SKIP","floor":137.0},{"not_picked":["HollowMod:InfectionAssault+1"],"picked":"SKIP","floor":138.0},{"not_picked":["HollowMod:SoulVessel+1"],"picked":"SKIP","floor":140.0},{"not_picked":["HollowMod:GoodIntentions+1"],"picked":"SKIP","floor":141.0},{"not_picked":["HollowMod:FastStrike"],"picked":"SKIP","floor":142.0},{"not_picked":["HollowMod:FastStrike"],"picked":"SKIP","floor":142.0},{"not_picked":["HollowMod:InfectedAttack"],"picked":"SKIP","floor":144.0},{"not_picked":["HollowMod:LifebloodCocoon"],"picked":"SKIP","floor":145.0},{"not_picked":["HollowMod:DoubleDash"],"picked":"SKIP","floor":148.0},{"not_picked":["HollowMod:SoulSplash+1"],"picked":"SKIP","floor":150.0},{"not_picked":["HollowMod:WraithStrike"],"picked":"SKIP","floor":154.0},{"not_picked":["HollowMod:Grubsong"],"picked":"SKIP","floor":155.0},{"not_picked":["HollowMod:CycloneSlash"],"picked":"SKIP","floor":156.0},{"not_picked":["HollowMod:InfectedCysts"],"picked":"SKIP","floor":160.0},{"not_picked":["HollowMod:SiblingsSouls"],"picked":"SKIP","floor":162.0},{"not_picked":["HollowMod:SiblingsSouls"],"picked":"SKIP","floor":164.0},{"not_picked":["HollowMod:HeavyBlow+1"],"picked":"SKIP","floor":171.0},{"not_picked":["HollowMod:AbyssShriek"],"picked":"SKIP","floor":173.0},{"not_picked":["HollowMod:InfectedCysts"],"picked":"SKIP","floor":174.0},{"not_picked":["HollowMod:FallenFury"],"picked":"SKIP","floor":178.0},{"not_picked":["HollowMod:PerfectDash"],"picked":"SKIP","floor":179.0},{"not_picked":["HollowMod:BaldurShell+1"],"picked":"SKIP","floor":182.0},{"not_picked":["HollowMod:DashSlash"],"picked":"SKIP","floor":183.0},{"not_picked":["HollowMod:WraithStrike"],"picked":"SKIP","floor":184.0},{"not_picked":["HollowMod:GoodIntentions"],"picked":"SKIP","floor":188.0},{"not_picked":["HollowMod:RecoilStrike"],"picked":"SKIP","floor":189.0},{"not_picked":["HollowMod:SiblingsShadow+1","HollowMod:CrystalDash+1"],"picked":"SKIP","floor":192.0},{"not_picked":["HollowMod:SharpenedNail+1","HollowMod:SharpenedShadows+1"],"picked":"SKIP","floor":193.0},{"not_picked":["HollowMod:SoulEater+1","HollowMod:GreatSlash"],"picked":"SKIP","floor":196.0},{"not_picked":["HollowMod:ShapeofUnn+1","HollowMod:SoulShaman"],"picked":"SKIP","floor":197.0},{"not_picked":["HollowMod:SoulShaman+1","HollowMod:Weaversong"],"picked":"SKIP","floor":199.0},{"not_picked":["HollowMod:FallenFury+1","HollowMod:VengefulVoid+1"],"picked":"SKIP","floor":200.0},{"not_picked":["HollowMod:NewGlowingWomb+1","HollowMod:Grubsong+1"],"picked":"SKIP","floor":201.0}],"player_experience":445634,"relics_obtained":[{"floor":7.0,"key":"White Beast Statue"},{"floor":9.0,"key":"Ornamental Fan"},{"floor":10.0,"key":"Mastiff:ReiMu"},{"floor":13.0,"key":"MealTicket"},{"floor":24.0,"key":"Orichalcum"},{"floor":24.0,"key":"Pantograph"},{"floor":26.0,"key":"HornCleat"},{"floor":30.0,"key":"Ice Cream"},{"floor":30.0,"key":"Darkstone Periapt"},{"floor":36.0,"key":"Peace Pipe"},{"floor":40.0,"key":"Pear"},{"floor":40.0,"key":"Bottled Lightning"},{"floor":42.0,"key":"Akabeko"},{"floor":42.0,"key":"Potion Belt"},{"floor":43.0,"key":"Lantern"},{"floor":48.0,"key":"Shuriken"},{"floor":48.0,"key":"Tiny Chest"},{"floor":60.0,"key":"Ginger"},{"floor":195.0,"key":"HollowMod:MillibellesNoteRelic"}],"event_choices":[],"is_beta":false,"boss_relics":[{"not_picked":["Sozu","Snecko Eye"],"picked":"Black Star"},{"not_picked":["Philosopher\u0027s Stone","Runic Dome"],"picked":"Busted Crown"},{"not_picked":["Empty Cage","Tiny House"],"picked":"Runic Pyramid"},{"not_picked":["Astrolabe","Fusion Hammer"],"picked":"RedLine:ReiMu"},{"not_picked":["Pandora\u0027s Box","SacredBark"],"picked":"Cursed Key"},{"not_picked":["Coffee Dripper","Calling Bell"],"picked":"SlaversCollar"},{"not_picked":["Velvet Choker","Circlet"],"picked":"Circlet"},{"not_picked":["Circlet","Circlet"],"picked":"Circlet"},{"not_picked":["Circlet","Circlet"],"picked":"Circlet"},{"not_picked":["Circlet","Circlet"],"picked":"Circlet"},{"not_picked":["Circlet","Circlet"],"picked":"Circlet"}],"items_purged_floors":[2,22,46,56,147],"is_endless":true,"potions_floor_spawned":[1,10,11,13,14,16,18,19,24,25,28,30,33,35,36,37,38,39,40,41,42,44,45,47,48,50,52,55,58,61,62,63,67,69,70,73,75,77,78,80,81,84,86,87,87,87,87,92,93,94,96,97,99,101,103,105,107,108,111,113,114,115,118,120,122,123,124,126,128,130,132,133,135,137,138,140,141,142,144,145,148,150,152,154,155,156,160,162,164,167,169,171,173,174,178,179,182,183,184,186,188,189,192,193,196,197,199,200,201],"killed_by":"Hallownest:BossHollowKnight","ascension_level":0}}