{"host":"1445u9fdo06cpl2a","time":1613321440,"event":{"mods":["AchievementEnabler","Aspiration","Astrologer","Bard","BaseMod","Better Skull","BetterRewards","Colored Map","Colored Powertips","Conspire","Curses Come First","DeckTracker","Duelist Mod","GifTheSpireLib","GungeonMod","Halation","Hermit","Highlight Path","Hubris","Infinite Spire","Minty Spire (QoL Compilation)","Permanent Neow","Random Character Button","Rare Cards Sparkle","Replay The Spire","Shop Mod","Spire Arcade","StSLib","Stuff the Spire","Td1madao Mod","The Blackbeard","The Bladedancer","The Construct","The Cursed","The Forsaken","The Gatherer","The Hierophant","The Marked","The Mystic","The Necromancer","The Poker Player","The Runesmith","The Saiyan"],"gold_per_floor":[115,115,115,115,134,168,189,232,232,272,286,304,328,328,328,559,559,534,559,579,579,598,633,484,484,531,552,568,611,631,645,645,770,770,770,513,553,553,553],"floor_reached":38,"language":"ENG","playtime":4955,"items_purged":["Gatherer:Strike_Gatherer","Gatherer:Strike_Gatherer"],"score":590,"play_id":"307c18ca-055b-4ad6-a834-63a5e54754a7","local_time":"20210214165040","is_ascension_mode":true,"metric_token":2769,"campfire_choices":[{"floor":15,"key":"REST"},{"data":"infinitespire:Collect","floor":32,"key":"SMITH"},{"data":"Gatherer:RottenStipe","floor":35,"key":"SMITH"}],"circlet_count":0,"master_deck":["Gatherer:Strike_Gatherer","Gatherer:Strike_Gatherer","Gatherer:Strike_Gatherer","Gatherer:Defend_Gatherer","Gatherer:Defend_Gatherer","Gatherer:Defend_Gatherer","Gatherer:Defend_Gatherer","Gatherer:Defend_Gatherer","Gatherer:Centralize","Gatherer:FlowerWhip","Gatherer:Snatch","Gatherer:WoolGloves","Gatherer:Overflowing","Gatherer:FinishingStrike","Gatherer:AromaProtection","Gatherer:QuickSynthesis+1","Gatherer:QuickSynthesis+1","Gatherer:FinishingStrike","Gatherer:MiningStrike","Gatherer:RottenStipe+1","Gatherer:QuickSynthesis+1","Gatherer:FlowerFalling+1","infinitespire:Collect+1","Gatherer:RecoveryHerb","Gatherer:EnergyBasket","Gatherer:Duplicator","Gatherer:Duplicator"],"relics":["Gatherer:AlchemyBag","aspiration:Nostalgia","PokerPlayerMod:DeckCase","Golden Idol","hubris:Icosahedron","aspiration:Lifesprig","DemoMod:DecoyRelic","Nunchaku","Pet Ghost","conspire:SpecialSausage","CultistMask","Strawberry","Replay:Bottled Eggs","Vajra","infinitespire:Beetle Shell","aspiration:SecretTechniqueScroll","halation:Jellyphish","DemoMod:MonsterBlood","Replay:Ringing Soul"],"acts_visited":["Exordium","TheCity","TheEnding"],"potions_floor_usage":[23,23,33,37,38],"damage_taken":[{"damage":0,"enemies":"2 Louse","floor":1,"turns":3},{"damage":0,"enemies":"Small Slimes","floor":5,"turns":3},{"damage":22,"enemies":"3 Sentries","floor":6,"turns":8},{"damage":0,"enemies":"conspire:RoseBush","floor":7,"turns":3},{"damage":4,"enemies":"Gremlin Nob","floor":8,"turns":4},{"damage":0,"enemies":"3 Sentries","floor":10,"turns":3},{"damage":0,"enemies":"Exordium Wildlife","floor":11,"turns":3},{"damage":3,"enemies":"Blue Slaver","floor":12,"turns":3},{"damage":1,"enemies":"Large Slime","floor":13,"turns":4},{"damage":0,"enemies":"Fading Forest","floor":16,"turns":11},{"damage":0,"enemies":"Chosen","floor":18,"turns":3},{"damage":0,"enemies":"2 Thieves","floor":19,"turns":3},{"damage":0,"enemies":"Centurion and Healer","floor":20,"turns":9},{"damage":3,"enemies":"conspire:HollyBat","floor":22,"turns":6},{"damage":14,"enemies":"Nightmare","floor":23,"turns":7},{"damage":0,"enemies":"3 Cultists","floor":27,"turns":3},{"damage":0,"enemies":"Snake Plant","floor":28,"turns":4},{"damage":17,"enemies":"Gremlin Leader","floor":29,"turns":5},{"damage":0,"enemies":"Centurion and Healer","floor":30,"turns":4},{"damage":10,"enemies":"Chosen and Byrds","floor":31,"turns":6},{"damage":2,"enemies":"conspire:MysteriousRune","floor":33,"turns":10},{"damage":0,"enemies":"Shield and Spear","floor":37,"turns":6},{"damage":94,"enemies":"The Heart","floor":38,"turns":5}],"seed_played":"-5851444285123122930","potions_obtained":[{"floor":1,"key":"Poison Potion"},{"floor":10,"key":"DemoMod:LeadSkinPotion"},{"floor":12,"key":"SteroidPotion"},{"floor":16,"key":"PowerPotion"},{"floor":23,"key":"PowerPotion"},{"floor":27,"key":"Ancient Potion"},{"floor":28,"key":"FearPotion"},{"floor":29,"key":"DuplicationPotion"}],"is_trial":false,"path_per_floor":["M","?","?","?","M","E","M","E","T","E","M","M","M","?","R","B",null,"M","M","M","?","M","NM","$","T","T","M","M","E","M","M","R","B",null,"R","$","E","B"],"character_chosen":"THE_GATHERER","items_purchased":["Gatherer:RecoveryHerb","halation:Jellyphish"],"campfire_rested":1,"item_purchase_floors":[24,36],"current_hp_per_floor":[72,54,54,54,54,32,32,28,28,28,28,25,24,24,45,55,72,72,72,72,72,69,62,62,62,62,64,64,50,53,46,46,48,79,79,79,86,0,0],"gold":553,"neow_bonus":"NOSTALGIA","is_daily":false,"chose_seed":false,"campfire_upgraded":2,"win_rate":0.0,"timestamp":1613321440,"path_taken":["M","?","?","?","?","E","M","E","T","E","M","M","M","?","R","BOSS","M","M","M","?","M","NM","$","?","T","M","M","E","M","M","R","BOSS","R","$","E","BOSS"],"items_purchased_type":["Card","Relic"],"build_version":"2020-12-22","purchased_purges":2,"victory":false,"max_hp_per_floor":[72,72,72,72,72,72,72,72,72,72,72,72,72,72,72,72,72,72,72,72,72,72,79,79,79,79,79,79,79,79,79,79,79,79,79,79,86,86,86],"card_choices":[{"not_picked":["Gatherer:CarefulStrike","Gatherer:GatherMaterial"],"picked":"Gatherer:Snatch","floor":1},{"not_picked":["Gatherer:Solidify","Gatherer:TacticalStrike"],"picked":"Gatherer:WoolGloves","floor":5},{"not_picked":["Gatherer:ScentOfRosmari","Gatherer:UpgradeBag"],"picked":"Gatherer:Overflowing","floor":6},{"not_picked":["Gatherer:PotentialSlash","Gatherer:DrugPower","Gatherer:CollectorsShot"],"picked":"SKIP","floor":7},{"not_picked":["Gatherer:GatherMaterial","Gatherer:VenomBarrier"],"picked":"Gatherer:FinishingStrike","floor":8},{"not_picked":["Gatherer:FeelingFine","Gatherer:Uplift"],"picked":"Gatherer:AromaProtection","floor":10},{"not_picked":["Gatherer:GlowingPlant","Gatherer:GatherMaterial","Gatherer:TreeGrowth"],"picked":"SKIP","floor":11},{"not_picked":["Gatherer:GlowingPlant","Gatherer:GatherMaterial","Gatherer:TreeGrowth"],"picked":"SKIP","floor":11},{"not_picked":["Gatherer:Snatch","Gatherer:TreeGrowth"],"picked":"Gatherer:QuickSynthesis","floor":12},{"not_picked":["Gatherer:Snatch","Gatherer:AcidicSpray"],"picked":"Gatherer:QuickSynthesis","floor":13},{"not_picked":["Gatherer:CursedBlade","Gatherer:ScrollOfPurity"],"picked":"Gatherer:FinishingStrike","floor":16},{"not_picked":["Gatherer:ScentOfRosmari","Gatherer:RottenStipe"],"picked":"Gatherer:MiningStrike","floor":18},{"not_picked":["Gatherer:SmartManeuver","Gatherer:FlowerBeam","Gatherer:Duplicator"],"picked":"SKIP","floor":19},{"not_picked":["Gatherer:Liquidism+1","Gatherer:FragileHammer"],"picked":"Gatherer:RottenStipe","floor":20},{"not_picked":["Gatherer:Convert","Gatherer:GatherMaterial+1"],"picked":"Gatherer:QuickSynthesis","floor":22},{"not_picked":["Gatherer:PotentialSlash","Gatherer:AcidicSpray"],"picked":"Gatherer:FlowerFalling+1","floor":23},{"not_picked":["infinitespire:NeuralNetwork","infinitespire:Starlight"],"picked":"infinitespire:Collect","floor":23},{"not_picked":["Gatherer:SaveValuables","Gatherer:FinishingStrike"],"picked":"Gatherer:EnergyBasket","floor":27},{"not_picked":["Gatherer:Pollute+1","Gatherer:Snatch"],"picked":"Gatherer:Duplicator","floor":28},{"not_picked":["Gatherer:Misfortune+1","Gatherer:QuickSynthesis"],"picked":"Gatherer:Duplicator","floor":29},{"not_picked":["Gatherer:AlchemyTrial","Gatherer:PotentialSlash","Gatherer:TacticalStrike"],"picked":"SKIP","floor":30},{"not_picked":["Gatherer:ScrollOfPurity","Gatherer:RecipeChange+1","Gatherer:Transmute"],"picked":"SKIP","floor":31},{"not_picked":["Gatherer:SealedBomb+1","Gatherer:Convert+1","Gatherer:Frenzy"],"picked":"SKIP","floor":37}],"player_experience":220614,"relics_obtained":[{"floor":6,"key":"aspiration:Lifesprig"},{"floor":8,"key":"DemoMod:DecoyRelic"},{"floor":9,"key":"Nunchaku"},{"floor":10,"key":"Pet Ghost"},{"floor":23,"key":"Strawberry"},{"floor":25,"key":"Replay:Bottled Eggs"},{"floor":26,"key":"Vajra"},{"floor":29,"key":"infinitespire:Beetle Shell"},{"floor":37,"key":"DemoMod:MonsterBlood"}],"event_choices":[{"damage_healed":0,"gold_gain":0,"player_choice":"Take Damage","damage_taken":18,"relics_obtained":["Golden Idol"],"max_hp_gain":0,"max_hp_loss":0,"event_name":"Golden Idol","floor":2,"gold_loss":0},{"damage_healed":0,"gold_gain":0,"player_choice":"Grow","damage_taken":0,"max_hp_gain":0,"max_hp_loss":0,"event_name":"Living Wall","floor":14,"gold_loss":0,"cards_upgraded":["Gatherer:QuickSynthesis"]},{"damage_healed":0,"gold_gain":0,"player_choice":"Trade","damage_taken":0,"relics_obtained":["CultistMask"],"max_hp_gain":0,"max_hp_loss":0,"event_name":"FaceTrader","floor":21,"gold_loss":0}],"is_beta":false,"boss_relics":[{"not_picked":["Tiny House","StuffTheSpire:Kangaroo"],"picked":"conspire:SpecialSausage"},{"not_picked":["conspire:RoyalGoblet","aspiration:PoetsPen_weak"],"picked":"aspiration:SecretTechniqueScroll"}],"items_purged_floors":[24,36],"is_endless":true,"potions_floor_spawned":[1,10,12,16,19,23,27,28,29],"killed_by":"The Heart","ascension_level":1}}