{"host":"hw9lt6p3yhr90vz0","time":1613277395,"event":{"mods":["BaseMod","DeckTracker","Minty Spire (QoL Compilation)","Relic Stats"],"gold_per_floor":[110,121,296,316,8,41,7,7,7],"floor_reached":8,"language":"ENG","playtime":507,"items_purged":[],"score":73,"play_id":"cf3c88d9-78c1-40e7-a944-56aa0716887f","local_time":"20210213233635","is_ascension_mode":true,"campfire_choices":[],"circlet_count":0,"master_deck":["Strike_R","Strike_R","Strike_R","Strike_R","Strike_R","Defend_R","Defend_R","Defend_R","Defend_R","Bash","Entrench","Spot Weakness","Doubt","Body Slam","Barricade","Rampage"],"relics":["Burning Blood","Potion Belt","Thread and Needle","Bag of Preparation"],"acts_visited":["Exordium"],"potions_floor_usage":[4,6],"damage_taken":[{"damage":0,"enemies":"Small Slimes","floor":1,"turns":3},{"damage":6,"enemies":"Jaw Worm","floor":2,"turns":6},{"damage":6,"enemies":"Cultist","floor":4,"turns":4},{"damage":56,"enemies":"Lagavulin","floor":6,"turns":10},{"damage":49,"enemies":"Gremlin Nob","floor":8,"turns":4}],"seed_played":"-338171496667752773","potions_obtained":[{"floor":1,"key":"Strength Potion"},{"floor":2,"key":"Strength Potion"}],"is_trial":false,"path_per_floor":["M","M","?","M","$","E","$","E"],"character_chosen":"IRONCLAD","items_purchased":["Thread and Needle","Rampage"],"campfire_rested":0,"item_purchase_floors":[5,7],"current_hp_per_floor":[78,78,78,78,78,28,28,0,0],"gold":7,"neow_bonus":"RANDOM_COMMON_RELIC","is_daily":false,"chose_seed":false,"campfire_upgraded":0,"win_rate":0.0,"timestamp":1613277395,"path_taken":["M","M","?","M","$","E","$","E"],"items_purchased_type":["Relic","Card"],"build_version":"2020-12-22","purchased_purges":0,"victory":false,"max_hp_per_floor":[80,80,80,80,80,80,80,80,80],"relic_stats":{"counters":[5,27],"Bag of Preparation":[2],"obtain_stats":[{"Potion Belt":0,"Thread and Needle":5,"Bag of Preparation":6,"Burning Blood":0},{"Potion Belt":0,"Thread and Needle":3,"Bag of Preparation":4,"Burning Blood":0},{"Potion Belt":0,"Thread and Needle":13,"Bag of Preparation":23,"Burning Blood":0}],"Burning Blood":24},"card_choices":[{"not_picked":["Battle Trance","Hemokinesis"],"picked":"Entrench","floor":1},{"not_picked":["Warcry","Clothesline"],"picked":"Spot Weakness","floor":2},{"not_picked":["Heavy Blade","Headbutt"],"picked":"Body Slam","floor":4},{"not_picked":["Twin Strike","Hemokinesis"],"picked":"Barricade","floor":6}],"player_experience":1450940,"relics_obtained":[{"floor":6,"key":"Bag of Preparation"}],"event_choices":[{"damage_healed":0,"gold_gain":175,"player_choice":"AGREE","damage_taken":0,"max_hp_gain":0,"max_hp_loss":0,"event_name":"Liars Game","floor":3,"gold_loss":0,"cards_obtained":["Doubt"]}],"is_beta":false,"boss_relics":[],"items_purged_floors":[],"is_endless":false,"potions_floor_spawned":[1,2],"killed_by":"Gremlin Nob","ascension_level":6}}