{"host":"36qke0usa4c48kdx","time":1613306726,"event":{"mods":["AchievementEnabler","BaseMod","Colored Map","Downfall","Hermit","Hubris","Marisa????????","Minty Spire (QoL Compilation)","READ ME - Guardian Mod","Replay The Spire","Shop Mod","StSLib","The Bug Knight","The Cursed","The Disciple","The Servant 0.9.4"],"gold_per_floor":[115,390,401,113,188,188,216,13,13,46,46,56,106,134,134,252,252,289,313,588,619,649,649,371,371,371,371,123,181,203,246,246,266,266],"floor_reached":33,"language":"ENG","playtime":1490,"items_purged":["Regret","Regret"],"score":493,"play_id":"039704b7-e77f-4b1b-a167-d54efb214bdb","local_time":"20210214134526","is_ascension_mode":true,"campfire_choices":[{"data":"Bash","floor":6,"key":"SMITH"},{"data":"Carnage","floor":11,"key":"SMITH"},{"floor":15,"key":"REST"},{"data":"Heavy Blade","floor":23,"key":"SMITH"},{"floor":25,"key":"REST"},{"data":"Feed","floor":27,"key":"SMITH"},{"floor":32,"key":"REST"}],"circlet_count":0,"master_deck":["Strike_R","Strike_R","Strike_R","Strike_R","Strike_R","Defend_R","Defend_R","Defend_R","Defend_R","Bash+1","Cleave","Cleave","Spot Weakness","Carnage+1","Inflame+1","Ghostly Armor","Pain","Feed+1","Wild Strike","Heavy Blade+1","downfall:Haunted","downfall:Malfunctioning","Thunderclap","Evolve","Pot Of Greed","Pot Of Greed","Pot Of Greed","Hemogenesis+1","Replay:Hysterical Blindness","Spot Weakness+1","Infernal Blade","ReplayTheSpireMod:LeadingStrike+1"],"relics":["Burning Blood","NeowsBlessing","ClockworkSouvenir","Du-Vu Doll","Toolbox","hubris:TinFlute","HollowMod:LifeEnderRelic","Ring of Greed","Ring of Panic","Blue Doll","Replay:Bandana","Black Star","Grinning Jar","Sling","Pet Ghost","Akabeko","Red Mask"],"acts_visited":["Exordium","TheCity"],"potions_floor_usage":[16,29,30,30,33,33,33,33,33,33],"damage_taken":[{"damage":0,"enemies":"2 Louse","floor":1,"turns":1},{"damage":0,"enemies":"Cultist","floor":3,"turns":1},{"damage":0,"enemies":"Gremlin Nob","floor":7,"turns":1},{"damage":38,"enemies":"3 Sentries","floor":10,"turns":6},{"damage":12,"enemies":"Jaw Worm","floor":12,"turns":2},{"damage":7,"enemies":"Gremlin Gang","floor":14,"turns":3},{"damage":43,"enemies":"Hexaghost","floor":16,"turns":6},{"damage":23,"enemies":"3 Byrds","floor":18,"turns":4},{"damage":19,"enemies":"Shell Parasite","floor":19,"turns":2},{"damage":2,"enemies":"Chosen and Byrds","floor":21,"turns":4},{"damage":32,"enemies":"Cultist and Chosen","floor":22,"turns":5},{"damage":38,"enemies":"Slavers","floor":29,"turns":3},{"damage":23,"enemies":"Shelled Parasite and Fungi","floor":30,"turns":2},{"damage":12,"enemies":"Masked Bandits","floor":31,"turns":2},{"damage":66,"enemies":"Automaton","floor":33,"turns":6}],"seed_played":"2922599226285045920","potions_obtained":[{"floor":7,"key":"BloodPotion"},{"floor":10,"key":"Milkshake"},{"floor":12,"key":"Strength Potion"},{"floor":16,"key":"PowerPotion"},{"floor":29,"key":"ElixirPotion"},{"floor":31,"key":"Elixir"}],"is_trial":false,"path_per_floor":["M","?","M","$","?","R","E","$","T","E","R","M","?","M","R","B",null,"M","M","?","M","M","R","$","R","T","R","$","E","M","?","R","B"],"character_chosen":"IRONCLAD","items_purchased":["ClockworkSouvenir","Spot Weakness","Toolbox","Inflame+1","Evolve","Grinning Jar","Sling","Hemogenesis+1"],"campfire_rested":3,"item_purchase_floors":[4,4,8,8,24,24,28,28],"current_hp_per_floor":[78,78,80,80,69,69,75,75,75,43,43,37,37,36,60,23,66,52,39,39,43,20,20,20,45,45,45,45,30,13,7,32,0,0],"gold":266,"neow_bonus":"THREE_ENEMY_KILL","is_daily":false,"chose_seed":false,"campfire_upgraded":4,"win_rate":0.0,"timestamp":1613306726,"path_taken":["M","?","?","?","?","R","E","$","T","E","R","M","?","M","R","BOSS","M","M","?","?","M","R","$","R","T","R","$","E","M","?","R","BOSS"],"items_purchased_type":["Relic","Card","Relic","Card","Card","Relic","Relic","Card"],"build_version":"2020-12-22","purchased_purges":2,"victory":false,"max_hp_per_floor":[80,80,80,80,80,80,80,80,80,80,80,80,80,80,80,80,80,83,83,83,83,86,86,86,86,86,86,86,86,86,86,86,86,86],"card_choices":[{"not_picked":["Havoc","Wild Strike"],"picked":"Cleave","floor":1},{"not_picked":["Flex","Warcry"],"picked":"Cleave","floor":3},{"not_picked":["Wild Strike","Flex"],"picked":"Carnage","floor":7},{"not_picked":["Anger","ReplayTheSpireMod:LeadingStrike","True Grit"],"picked":"SKIP","floor":10},{"not_picked":["ReplayTheSpireMod:Strike From Hell","Rage"],"picked":"Ghostly Armor","floor":12},{"not_picked":["Brutality","ReplayTheSpireMod:Strike From Hell","Perfected Strike"],"picked":"SKIP","floor":14},{"not_picked":["Impervious","Demon Form"],"picked":"Feed","floor":16},{"not_picked":["Uppercut","Flex"],"picked":"Wild Strike","floor":18},{"not_picked":["Run Through+1","Dual Wield"],"picked":"Heavy Blade","floor":19},{"not_picked":["Headbutt","Corruption"],"picked":"Thunderclap","floor":21},{"not_picked":["True Grit","Dark Embrace","Anger"],"picked":"SKIP","floor":22},{"not_picked":["Feel No Pain","Carnage"],"picked":"Spot Weakness+1","floor":29},{"not_picked":["Iron Wave","Armaments"],"picked":"Infernal Blade","floor":30},{"not_picked":["ReplayTheSpireMod:Strike From Hell","Anger"],"picked":"ReplayTheSpireMod:LeadingStrike+1","floor":31}],"player_experience":790789,"relics_obtained":[{"floor":7,"key":"Du-Vu Doll"},{"floor":9,"key":"hubris:TinFlute"},{"floor":10,"key":"HollowMod:LifeEnderRelic"},{"floor":13,"key":"Ring of Greed"},{"floor":13,"key":"Ring of Panic"},{"floor":13,"key":"Blue Doll"},{"floor":13,"key":"Replay:Bandana"},{"floor":29,"key":"Pet Ghost"},{"floor":29,"key":"Akabeko"},{"floor":31,"key":"Red Mask"}],"event_choices":[{"damage_healed":0,"gold_gain":275,"player_choice":"Desecrate","damage_taken":0,"max_hp_gain":0,"max_hp_loss":0,"event_name":"Golden Shrine","floor":2,"gold_loss":0,"cards_obtained":["Regret"]},{"damage_healed":0,"gold_gain":75,"player_choice":"Gather Gold","damage_taken":11,"max_hp_gain":0,"max_hp_loss":0,"event_name":"World of Goop","floor":5,"gold_loss":0},{"damage_healed":0,"gold_gain":275,"player_choice":"Desecrate","damage_taken":0,"max_hp_gain":0,"max_hp_loss":0,"event_name":"Golden Shrine","floor":20,"gold_loss":0,"cards_obtained":["Regret"]},{"damage_healed":0,"gold_gain":0,"player_choice":"Fought Bandits","damage_taken":0,"max_hp_gain":0,"max_hp_loss":0,"event_name":"Masked Bandits","floor":31,"gold_loss":0}],"is_beta":false,"boss_relics":[{"not_picked":["bronze:MakeshiftBattery","hubris:BlackHole"],"picked":"Black Star"}],"items_purged_floors":[4,24],"is_endless":false,"potions_floor_spawned":[7,10,12,16,18,29,31],"killed_by":"Automaton","ascension_level":9}}