{"host":"jlz4is0nf6zo9oab","time":1613330466,"event":{"mods":["AchievementEnabler","BaseMod","Colored Map","Colored Powertips","Highlight Path","Minty Spire (QoL Compilation)","StSLib"],"gold_per_floor":[110,210,227,49,49,49,66,66,66,13,76,93,93,103,103,207,207,220,234,254,69,69,69,69,95,95,95,95,114,141,5,5,107,107,124,124,0,0,0,0,16,16,42,42,42,54,70,70,70,70],"floor_reached":51,"language":"SPA","playtime":1601,"items_purged":["Strike_B","Decay"],"score":1037,"play_id":"6cf48de3-b7fd-4d34-a454-05ed1858522f","local_time":"20210214202106","is_ascension_mode":true,"campfire_choices":[{"data":"Defragment","floor":6,"key":"SMITH"},{"data":"Dualcast","floor":8,"key":"SMITH"},{"data":"Streamline","floor":13,"key":"SMITH"},{"data":"Cold Snap","floor":15,"key":"SMITH"},{"data":"Blizzard","floor":23,"key":"SMITH"},{"floor":27,"key":"REST"},{"floor":32,"key":"REST"},{"floor":40,"key":"REST"},{"data":"Static Discharge","floor":42,"key":"SMITH"},{"data":"Leap","floor":44,"key":"SMITH"},{"floor":49,"key":"REST"}],"circlet_count":0,"master_deck":["AscendersBane","Strike_B+1","Strike_B+1","Strike_B+1","Defend_B+1","Defend_B+1","Defend_B+1","Defend_B+1","Zap+1","Dualcast+1","Machine Learning+1","Cold Snap+1","Defragment+1","Cold Snap+1","Streamline+1","Leap+1","Electrodynamics+1","Melter+1","Blizzard+1","Static Discharge+1","Coolheaded+1","Madness+1","Madness+1","Parasite","Defragment+1"],"relics":["FrozenCore","Ancient Tea Set","CaptainsWheel","MutagenicStrength","Pocketwatch","Gremlin Horn","DataDisk","Nuclear Battery","Red Mask","Strawberry","Mark of the Bloom"],"acts_visited":["Exordium","TheCity","TheBeyond"],"potions_floor_usage":[7,16,25,29,33],"damage_taken":[{"damage":1,"enemies":"Cultist","floor":1,"turns":4},{"damage":0,"enemies":"Small Slimes","floor":3,"turns":3},{"damage":0,"enemies":"2 Louse","floor":7,"turns":1},{"damage":4,"enemies":"Blue Slaver","floor":12,"turns":3},{"damage":0,"enemies":"Large Slime","floor":14,"turns":4},{"damage":29,"enemies":"Hexaghost","floor":16,"turns":8},{"damage":0,"enemies":"Spheric Guardian","floor":18,"turns":3},{"damage":1,"enemies":"3 Byrds","floor":19,"turns":2},{"damage":4,"enemies":"Snecko","floor":20,"turns":5},{"damage":20,"enemies":"Book of Stabbing","floor":25,"turns":6},{"damage":8,"enemies":"Chosen and Byrds","floor":29,"turns":6},{"damage":23,"enemies":"Automaton","floor":33,"turns":12},{"damage":13,"enemies":"3 Darklings","floor":35,"turns":4},{"damage":0,"enemies":"Orb Walker","floor":41,"turns":4},{"damage":2,"enemies":"Writhing Mass","floor":46,"turns":11},{"damage":1,"enemies":"Sphere and 2 Shapes","floor":47,"turns":4},{"damage":56,"enemies":"Donu and Deca","floor":50,"turns":6}],"seed_played":"3993433859289176566","potions_obtained":[{"floor":5,"key":"PowerPotion"},{"floor":5,"key":"EssenceOfDarkness"},{"floor":18,"key":"FocusPotion"},{"floor":20,"key":"Strength Potion"},{"floor":25,"key":"Strength Potion"}],"is_trial":false,"path_per_floor":["M","?","M","$","?","R","M","R","T","$","?","M","R","M","R","B",null,"M","M","M","$","?","R","?","E","T","R","?","M","T","$","R","B",null,"M","?","?","?","?","R","M","R","T","R","?","M","M","?","R","B",null],"character_chosen":"DEFECT","items_purchased":["Ancient Tea Set","Cold Snap","Streamline","Blizzard","Static Discharge","Defragment"],"campfire_rested":4,"item_purchase_floors":[4,4,10,21,21,31],"current_hp_per_floor":[67,67,67,67,67,67,67,67,67,67,67,63,63,63,63,34,65,65,64,60,60,60,60,60,40,40,62,62,54,54,54,75,52,69,56,56,56,56,47,69,69,69,76,76,76,74,73,73,73,17],"gold":70,"neow_bonus":"ONE_RANDOM_RARE_CARD","is_daily":false,"chose_seed":false,"campfire_upgraded":7,"win_rate":0.0,"timestamp":1613330466,"path_taken":["M","?","?","$","?","R","M","R","T","?","?","M","R","M","R","BOSS","M","M","M","$","?","R","?","E","T","R","?","?","?","$","R","BOSS","M","?","?","?","?","R","M","R","T","R","?","M","?","?","R","BOSS"],"items_purchased_type":["Relic","Card","Card","Card","Card","Card"],"build_version":"2020-12-22","purchased_purges":2,"victory":true,"max_hp_per_floor":[75,75,75,75,75,75,75,75,75,75,75,75,75,75,75,75,75,75,75,75,75,75,75,75,75,75,75,75,75,75,75,75,75,75,75,75,75,75,75,75,75,75,82,82,82,82,82,82,82,82],"card_choices":[{"not_picked":["Reinforced Body","Beam Cell"],"picked":"Cold Snap","floor":1},{"not_picked":["Static Discharge","Go for the Eyes"],"picked":"Defragment","floor":3},{"not_picked":["Sweeping Beam","Compile Driver","Ball Lightning"],"picked":"SKIP","floor":7},{"not_picked":["Turbo","Force Field"],"picked":"Leap","floor":12},{"not_picked":["Fusion","Streamline","Reinforced Body"],"picked":"SKIP","floor":14},{"not_picked":["Meteor Strike","Buffer"],"picked":"Electrodynamics","floor":16},{"not_picked":["Double Energy","Ball Lightning"],"picked":"Melter","floor":18},{"not_picked":["Reinforced Body","Streamline","Stack"],"picked":"SKIP","floor":19},{"not_picked":["Go for the Eyes","White Noise","Rip and Tear"],"picked":"SKIP","floor":20},{"not_picked":["Rebound+1","Heatsinks+1","Genetic Algorithm"],"picked":"SKIP","floor":25},{"not_picked":["Static Discharge","Turbo"],"picked":"Coolheaded","floor":29},{"not_picked":["Leap+1","Conserve Battery","Turbo+1"],"picked":"SKIP","floor":35},{"not_picked":["Go for the Eyes+1","Coolheaded","Rebound"],"picked":"SKIP","floor":41},{"not_picked":["Turbo","Ball Lightning"],"picked":"Defragment+1","floor":46},{"not_picked":["FTL","Redo","Cold Snap+1"],"picked":"SKIP","floor":47}],"player_experience":968336,"relics_obtained":[{"floor":9,"key":"CaptainsWheel"},{"floor":25,"key":"Pocketwatch"},{"floor":26,"key":"Gremlin Horn"},{"floor":30,"key":"DataDisk"},{"floor":43,"key":"Strawberry"}],"event_choices":[{"damage_healed":0,"gold_gain":100,"player_choice":"Pray","damage_taken":0,"max_hp_gain":0,"max_hp_loss":0,"event_name":"Golden Shrine","floor":2,"gold_loss":0},{"damage_healed":0,"gold_gain":0,"player_choice":"Got Potions","damage_taken":0,"max_hp_gain":0,"max_hp_loss":0,"event_name":"Lab","floor":5,"gold_loss":0},{"damage_healed":0,"gold_gain":63,"player_choice":"Gained Gold","damage_taken":0,"max_hp_gain":0,"max_hp_loss":0,"event_name":"Golden Wing","floor":11,"gold_loss":0},{"damage_healed":0,"gold_gain":0,"player_choice":"Inject Mutagens","damage_taken":0,"relics_obtained":["MutagenicStrength"],"max_hp_gain":0,"max_hp_loss":0,"event_name":"Drug Dealer","floor":22,"gold_loss":0},{"damage_healed":0,"gold_gain":0,"player_choice":"Simplicity","damage_taken":0,"max_hp_gain":0,"max_hp_loss":0,"event_name":"Back to Basics","floor":24,"gold_loss":0,"cards_upgraded":["Strike_B","Strike_B","Strike_B","Defend_B","Defend_B","Defend_B","Defend_B"]},{"damage_healed":0,"gold_gain":0,"player_choice":"Cursed","damage_taken":0,"max_hp_gain":0,"max_hp_loss":0,"event_name":"Wheel of Change","floor":28,"gold_loss":0,"cards_obtained":["Decay"]},{"cards_removed":["Defragment"],"damage_healed":0,"gold_gain":0,"player_choice":"Removed Power","damage_taken":0,"max_hp_gain":0,"max_hp_loss":0,"event_name":"Falling","floor":36,"gold_loss":0},{"damage_healed":0,"gold_gain":0,"player_choice":"Paid","damage_taken":0,"relics_obtained":["Red Mask"],"max_hp_gain":0,"max_hp_loss":0,"event_name":"Tomb of Lord Red Mask","floor":37,"gold_loss":124},{"damage_healed":0,"gold_gain":0,"player_choice":"Memory 1","damage_taken":0,"max_hp_gain":0,"max_hp_loss":0,"event_name":"SensoryStone","floor":38,"gold_loss":0},{"damage_healed":0,"gold_gain":0,"player_choice":"Embrace Madness","damage_taken":9,"max_hp_gain":0,"max_hp_loss":0,"event_name":"Winding Halls","floor":39,"gold_loss":0,"cards_obtained":["Madness","Madness"]},{"damage_healed":0,"gold_gain":0,"player_choice":"Ignored","damage_taken":0,"max_hp_gain":0,"max_hp_loss":0,"event_name":"Mysterious Sphere","floor":45,"gold_loss":0},{"damage_healed":0,"gold_gain":0,"player_choice":"Upgrade","damage_taken":0,"relics_obtained":["Mark of the Bloom"],"max_hp_gain":0,"max_hp_loss":0,"event_name":"MindBloom","floor":48,"gold_loss":0,"cards_upgraded":["Zap","Machine Learning","Cold Snap","Electrodynamics","Melter","Coolheaded","Madness","Madness"]}],"is_beta":false,"boss_relics":[{"not_picked":["Velvet Choker","Runic Pyramid"],"picked":"FrozenCore"},{"not_picked":["Calling Bell","Fusion Hammer"],"picked":"Nuclear Battery"}],"items_purged_floors":[21,31],"is_endless":false,"potions_floor_spawned":[7,18,20,25],"ascension_level":12}}