{"host":"dn2xyj3kd3d9cfyb","time":1613308489,"event":{"mods":["BaseMod","Conspire","Hero for Fun","Hubris","Marisa£®ÏF”Í°°ƒß¿Ì…≥£©","Minty Spire (QoL Compilation)","Reimu£®≤©¿ˆ¡È√Œ£©","Remilia£®¿Ÿ√◊¿Ú—«£©","Replay The Spire","Shop Mod","StSLib","The Administrix","The Animator","The Construct","The Cursed","The Mystic","Youmu£®ªÍ∆«—˝√Œ£©","Yuri Mod","Yuyuko"],"gold_per_floor":[117,117,140,28,47,88,111,125,125,125,140,140,140,140],"floor_reached":13,"language":"ZHS","playtime":485,"items_purged":["Defend_Lin:ReiMu"],"score":87,"play_id":"a968d188-e49f-4739-a9a5-1e8e4ad420c0","local_time":"20210214211449","is_ascension_mode":false,"campfire_choices":[{"data":"MikOfLucky:ReiMu","floor":12,"key":"SMITH"}],"circlet_count":0,"master_deck":["Strike_Lin:ReiMu","Strike_Lin:ReiMu","Strike_Lin:ReiMu","Defend_Lin:ReiMu","Defend_Lin:ReiMu","Defend_Lin:ReiMu","NB:ReiMu","Stagnation:ReiMu","YinYangSange:ReiMu","OrbThrow:ReiMu+1","SubAcupoint:ReiMu","MikOfLucky:ReiMu+1","UpKicking:ReiMu","CareerPray:ReiMu","SubAcupoint:ReiMu","YinYangSange:ReiMu"],"relics":["FlyPower:ReiMu","NeowsBlessing","Golden Idol","conspire:TopHat","Replay:Accelerometer"],"acts_visited":["Exordium"],"potions_floor_usage":[6,6,11],"damage_taken":[{"damage":0,"enemies":"2 Louse","floor":1,"turns":2},{"damage":0,"enemies":"Small Slimes","floor":3,"turns":2},{"damage":0,"enemies":"Cultist","floor":5,"turns":1},{"damage":20,"enemies":"Gremlin Nob","floor":6,"turns":5},{"damage":8,"enemies":"2 Fungi Beasts","floor":7,"turns":3},{"damage":2,"enemies":"Blue Slaver","floor":8,"turns":4},{"damage":5,"enemies":"Exordium Thugs","floor":11,"turns":5},{"damage":19,"enemies":"3 Sentries","floor":13,"turns":5}],"seed_played":"7502609469746664258","potions_obtained":[{"floor":1,"key":"Regen Potion"},{"floor":3,"key":"AttackPotion"},{"floor":6,"key":"Strength Potion"}],"is_trial":false,"path_per_floor":["M","?","M","$","M","E","M","M","T","?","M","R","E"],"character_chosen":"REIMU","items_purchased":["OrbThrow:ReiMu+1"],"campfire_rested":0,"item_purchase_floors":[4],"current_hp_per_floor":[65,49,49,49,49,34,26,24,24,24,19,19,0,0],"gold":140,"neow_bonus":"THREE_ENEMY_KILL","is_daily":false,"chose_seed":false,"campfire_upgraded":1,"win_rate":0.0,"timestamp":1613308489,"path_taken":["M","?","M","$","M","E","M","M","T","?","?","R","E"],"items_purchased_type":["Card"],"build_version":"2020-12-22","purchased_purges":1,"victory":false,"max_hp_per_floor":[65,65,65,65,65,65,65,65,65,65,65,65,65,65],"card_choices":[{"not_picked":["FineLineFantasy:ReiMu","Amulet:ReiMu"],"picked":"YinYangSange:ReiMu","floor":1},{"not_picked":["Enchanting:ReiMu","EmergencyTakeOff:ReiMu","Crusade:ReiMu"],"picked":"SKIP","floor":3},{"not_picked":["LearningPray:ReiMu","RainPray2:ReiMu"],"picked":"SubAcupoint:ReiMu","floor":5},{"not_picked":["Meditation:ReiMu","TightArray:ReiMu"],"picked":"MikOfLucky:ReiMu","floor":6},{"not_picked":["OrbThrow:ReiMu","SpiritualOutbreak2:ReiMu"],"picked":"UpKicking:ReiMu","floor":7},{"not_picked":["YinYangSign:ReiMu","PhosphorusFlame:ReiMu"],"picked":"CareerPray:ReiMu","floor":8},{"not_picked":["Enchanting:ReiMu","TightArray:ReiMu"],"picked":"YinYangSange:ReiMu","floor":11}],"player_experience":643563,"relics_obtained":[{"floor":6,"key":"conspire:TopHat"},{"floor":9,"key":"Replay:Accelerometer"}],"event_choices":[{"damage_healed":0,"gold_gain":0,"player_choice":"Take Damage","damage_taken":16,"relics_obtained":["Golden Idol"],"max_hp_gain":0,"max_hp_loss":0,"event_name":"Golden Idol","floor":2,"gold_loss":0},{"damage_healed":0,"gold_gain":0,"cards_transformed":["Strike_Lin:ReiMu"],"player_choice":"Transformed","damage_taken":0,"max_hp_gain":0,"max_hp_loss":0,"event_name":"Transmorgrifier","floor":10,"gold_loss":0,"cards_obtained":["SubAcupoint:ReiMu"]}],"is_beta":false,"boss_relics":[],"items_purged_floors":[4],"is_endless":false,"potions_floor_spawned":[1,3,6],"killed_by":"3 Sentries","ascension_level":0}}