{"host":"ndpbn7fqb3wjbd7p","time":1613343494,"event":{"mods":["AchievementEnabler","Act Like it!","AlwaysNeverKeys","BaseMod","Better Vampires","Block Reminder","Colored Powertips","DeckTracker","Defuse TimeMaze Blight","Friendly Minions","Hermit","Highlight Path","MarisaÅiñ∂âJÅ@ñÇóùçπÅj","Minty Spire (QoL Compilation)","Permanent Neow","Shade Mod","StSLib","SuperFastMode","Synergy Search","The Mystic","Unceasing Turn Reminder","Wandering Minibosses"],"gold_per_floor":[115,115,128,39,39,39,39,72,97,97,131,131,149,168,168,168,168],"floor_reached":16,"language":"ENG","playtime":748,"items_purged":[],"score":178,"play_id":"cd554cff-9bdb-46bb-bdba-0f4b269b2105","local_time":"20210214235814","is_ascension_mode":true,"campfire_choices":[{"data":"Discovery","floor":6,"key":"SMITH"},{"floor":10,"key":"REST"},{"data":"Zap","floor":12,"key":"SMITH"},{"data":"Creative AI","floor":15,"key":"SMITH"}],"circlet_count":0,"master_deck":["AscendersBane","Strike_B","Strike_B","Defend_B","Defend_B","Defend_B","Defend_B","Zap+1","Capacitor","Meteor Strike","Barrage","Discovery+1","Creative AI+1","Steam Power","Loop"],"relics":["Cracked Core","Mummified Hand","Boot","Eternal Feather","Strawberry","Sundial"],"acts_visited":["Exordium"],"potions_floor_usage":[6,8,11],"damage_taken":[{"damage":0,"enemies":"2 Louse","floor":1,"turns":3},{"damage":0,"enemies":"Cultist","floor":3,"turns":4},{"damage":12,"enemies":"Gremlin Nob","floor":8,"turns":3},{"damage":17,"enemies":"3 Sentries","floor":11,"turns":5},{"damage":14,"enemies":"Jaw Worm","floor":13,"turns":6},{"damage":7,"enemies":"Looter","floor":14,"turns":4},{"damage":28,"enemies":"Hexaghost","floor":16,"turns":7}],"seed_played":"-348486323414065796","potions_obtained":[{"floor":3,"key":"EntropicBrew"},{"floor":8,"key":"Fruit Juice"}],"is_trial":false,"path_per_floor":["M","?","M","$","?","R","?","E","T","R","E","R","M","M","R","B"],"character_chosen":"DEFECT","items_purchased":["Discovery"],"campfire_rested":1,"item_purchase_floors":[4],"current_hp_per_floor":[50,43,43,43,18,18,18,11,18,50,33,39,25,18,27,0,0],"gold":168,"neow_bonus":"TRANSFORM_TWO_CARDS","is_daily":false,"chose_seed":false,"campfire_upgraded":3,"win_rate":0.0,"timestamp":1613343494,"path_taken":["M","?","M","$","?","R","?","E","T","R","E","R","M","M","R","BOSS"],"items_purchased_type":["Card"],"build_version":"2020-12-22","purchased_purges":0,"victory":false,"max_hp_per_floor":[75,75,75,75,75,75,75,80,87,87,87,87,87,87,87,87,87],"card_choices":[{"not_picked":["Coolheaded","Storm"],"picked":"Barrage","floor":1},{"not_picked":["Force Field","Stack","Redo"],"picked":"SKIP","floor":3},{"not_picked":["Sweeping Beam","FTL","Compile Driver"],"picked":"SKIP","floor":8},{"not_picked":["Rebound","Ball Lightning"],"picked":"Creative AI","floor":11},{"not_picked":["Fusion","Barrage"],"picked":"Steam Power","floor":13},{"not_picked":["Scrape","Glacier"],"picked":"Loop","floor":14}],"player_experience":1232375,"relics_obtained":[{"floor":8,"key":"Eternal Feather"},{"floor":9,"key":"Strawberry"},{"floor":11,"key":"Sundial"}],"event_choices":[{"cards_removed":["Dualcast"],"damage_healed":0,"gold_gain":0,"player_choice":"Card Removal","damage_taken":7,"max_hp_gain":0,"max_hp_loss":0,"event_name":"Golden Wing","floor":2,"gold_loss":0},{"damage_healed":0,"gold_gain":0,"player_choice":"Success","damage_taken":25,"relics_obtained":["Mummified Hand"],"max_hp_gain":0,"max_hp_loss":0,"event_name":"Scrap Ooze","floor":5,"gold_loss":0},{"damage_healed":0,"gold_gain":0,"player_choice":"Gave Potion","damage_taken":0,"relics_obtained":["Boot"],"max_hp_gain":0,"max_hp_loss":0,"event_name":"WeMeetAgain","floor":7,"gold_loss":0}],"is_beta":false,"boss_relics":[],"items_purged_floors":[],"is_endless":false,"potions_floor_spawned":[3,8],"killed_by":"Hexaghost","ascension_level":13}}