{"host":"1mv6gj0zv8k9e9tz","time":1613302715,"event":{"mods":["AchievementEnabler","BaseMod","Better Third Choice","Colored Map","DeckTracker","Highlight Path","KOR Keyword Fix","Keyboard Shortcuts","Minty Spire (QoL Compilation)","Permanent Neow","Quick Restart","Rare Cards Sparkle","StSLib","SuperFastMode","everything is the same but u backflip on backflip"],"gold_per_floor":[111,111,130,150,168,200,200,214,293,0,0,30,30,41,41,41,41],"floor_reached":16,"language":"KOR","playtime":339,"items_purged":["Defend_B"],"score":218,"play_id":"a6c85813-196d-479c-ab69-8836e76df928","local_time":"20210214203835","is_ascension_mode":true,"campfire_choices":[{"data":"Sunder","floor":7.0,"key":"SMITH"},{"floor":13,"key":"REST"},{"data":"Go for the Eyes","floor":15,"key":"SMITH"}],"circlet_count":0,"master_deck":["AscendersBane","Strike_B","Strike_B","Defend_B","Defend_B","Zap","Dualcast+1","Go for the Eyes+1","Sunder+1","Sweeping Beam","Gash","Chill","Rebound","Melter","Hologram"],"relics":["Cracked Core","Sundial","HornCleat","Membership Card","MealTicket","Prayer Wheel"],"acts_visited":["Exordium"],"potions_floor_usage":[12,16],"damage_taken":[{"damage":2.0,"enemies":"Jaw Worm","floor":1.0,"turns":3.0},{"damage":0.0,"enemies":"Cultist","floor":3.0,"turns":2.0},{"damage":0.0,"enemies":"Small Slimes","floor":4.0,"turns":2.0},{"damage":0.0,"enemies":"3 Louse","floor":5.0,"turns":2.0},{"damage":35.0,"enemies":"3 Sentries","floor":6.0,"turns":10.0},{"damage":0.0,"enemies":"Exordium Thugs","floor":8.0,"turns":4.0},{"damage":8,"enemies":"Lagavulin","floor":12,"turns":5},{"damage":0,"enemies":"2 Fungi Beasts","floor":14,"turns":2},{"damage":24,"enemies":"Slime Boss","floor":16,"turns":5}],"seed_played":"4370715580175109118","potions_obtained":[{"floor":4.0,"key":"ColorlessPotion"},{"floor":5.0,"key":"Energy Potion"},{"floor":14,"key":"Weak Potion"}],"is_trial":false,"path_per_floor":["M","?","M","M","M","E","R","M","T","$","?","E","R","M","R","B"],"character_chosen":"DEFECT","items_purchased":["Membership Card","MealTicket"],"campfire_rested":1,"item_purchase_floors":[10,10],"current_hp_per_floor":[44,44,44,44,44,9,9,9,9,9,9,1,22,22,22,0,0],"gold":41,"neow_bonus":"TRANSFORM_TWO_CARDS","is_daily":false,"chose_seed":false,"campfire_upgraded":2,"win_rate":0.0,"timestamp":1613302715,"path_taken":["M","?","M","M","M","E","R","M","T","$","?","E","R","?","R","BOSS"],"items_purchased_type":["Relic","Relic"],"build_version":"2020-12-22","purchased_purges":1,"victory":false,"max_hp_per_floor":[71,71,71,71,71,71,71,71,71,71,71,71,71,71,71,71,71],"card_choices":[{"not_picked":["Redo","Reinforced Body","Steam Power"],"picked":"SKIP","floor":1.0},{"not_picked":["Redo","Reinforced Body","Steam Power"],"picked":"SKIP","floor":1.0},{"not_picked":["Redo","Conserve Battery"],"picked":"Sweeping Beam","floor":3.0},{"not_picked":["Reinforced Body","Steam"],"picked":"Gash","floor":4.0},{"not_picked":["Rip and Tear","Compile Driver"],"picked":"Chill","floor":5.0},{"not_picked":["Turbo","Leap","Hello World"],"picked":"SKIP","floor":6.0},{"not_picked":["Aggregate","Redo","Static Discharge"],"picked":"SKIP","floor":8.0},{"not_picked":["Leap","Biased Cognition"],"picked":"Rebound","floor":12},{"not_picked":["Cold Snap","Redo"],"picked":"Melter","floor":14},{"not_picked":["Conserve Battery","Recycle"],"picked":"Hologram","floor":14}],"player_experience":646982,"relics_obtained":[{"floor":6.0,"key":"Sundial"},{"floor":9.0,"key":"HornCleat"},{"floor":12,"key":"Prayer Wheel"}],"event_choices":[{"cards_removed":["Strike_B"],"damage_healed":0.0,"max_hp_gain":0.0,"max_hp_loss":0.0,"gold_gain":0.0,"event_name":"Purifier","player_choice":"Purged","floor":2.0,"gold_loss":0.0,"damage_taken":0.0},{"damage_healed":0.0,"max_hp_gain":0.0,"max_hp_loss":0.0,"gold_gain":0.0,"event_name":"Accursed Blacksmith","player_choice":"Forge","floor":11.0,"gold_loss":0.0,"damage_taken":0.0,"cards_upgraded":["Dualcast"]}],"is_beta":false,"boss_relics":[],"items_purged_floors":[10],"is_endless":false,"potions_floor_spawned":[4,5,14],"killed_by":"Slime Boss","ascension_level":19}}