{"host":"36t3qd3wjvajtu1z","time":1613261338,"event":{"mods":["2.2 Compatiblity","AchievementEnabler","BaseMod","Bestiary","Block Reminder","Colored Powertips","Curses Come First","Highlight Path","Minty Spire (QoL Compilation)","Permanent Neow","Quick Restart","Random Character Button","Rare Cards Sparkle","Relic Stats","Slay-I","StSLib","Unknown Chances"],"gold_per_floor":[54,87,87,106,119,119,178,178,178,9,46,105,142,221,221,293,293,334,387,430,430,43,101,101,138,138,190,225,100,182,225,225,323,323,333,333,333,369,46,103,3,30,30,70,16,32,32,58,58,58],"floor_reached":51,"language":"ENG","playtime":3888,"items_purged":["Strike_R","Decay","Strike_R"],"score":1614,"play_id":"fa1f172b-d233-4ccf-9419-799e00d6aeb4","local_time":"20210213160858","is_ascension_mode":true,"campfire_choices":[{"data":"HandOfGreed","floor":6.0,"key":"SMITH"},{"data":"Uppercut","floor":8.0,"key":"SMITH"},{"data":"Armaments","floor":15.0,"key":"SMITH"},{"data":"Enlightenment","floor":24.0,"key":"SMITH"},{"floor":32.0,"key":"REST"},{"data":"Juggernaut","floor":47.0,"key":"SMITH"},{"floor":49.0,"key":"REST"}],"circlet_count":0,"master_deck":["AscendersBane","HandOfGreed+1","Headbutt+1","True Grit+1","Sword Boomerang","Uppercut+1","Trip","Whirlwind","Armaments+1","Battle Trance+1","Dropkick","Immolate+1","True Grit+1","Enlightenment+1","Dark Embrace","Clothesline","Power Through","Warcry+1","Brutality","Havoc+1","Dual Wield+1","Twin Strike","Offering+1","Thunderclap","Power Through+1","Juggernaut+1","Madness+1","Madness+1","Shrug It Off+1","Rage+1","Power Through+1","Flex+1","Pommel Strike+1"],"relics":["Burning Blood","Lantern","Ancient Tea Set","Meat on the Bone","Bronze Scales","Busted Crown","Red Mask","MealTicket","Toxic Egg 2","Champion Belt","War Paint","Pandora\u0027s Box","Sling","Whetstone","White Beast Statue","Question Card","Lizard Tail","Happy Flower"],"acts_visited":["Exordium","TheCity","TheBeyond"],"potions_floor_usage":[50,50],"damage_taken":[{"damage":2.0,"enemies":"2 Louse","floor":1.0,"turns":3.0},{"damage":0.0,"enemies":"Cultist","floor":2.0,"turns":3.0},{"damage":7.0,"enemies":"Jaw Worm","floor":4.0,"turns":4.0},{"damage":20.0,"enemies":"Exordium Thugs","floor":5.0,"turns":6.0},{"damage":33.0,"enemies":"Lagavulin","floor":7.0,"turns":7.0},{"damage":11.0,"enemies":"Blue Slaver","floor":11.0,"turns":4.0},{"damage":8.0,"enemies":"Gremlin Nob","floor":12.0,"turns":3.0},{"damage":13.0,"enemies":"3 Louse","floor":13.0,"turns":4.0},{"damage":13.0,"enemies":"3 Sentries","floor":14.0,"turns":6.0},{"damage":30.0,"enemies":"The Guardian","floor":16.0,"turns":11.0},{"damage":13.0,"enemies":"2 Thieves","floor":18.0,"turns":3.0},{"damage":38.0,"enemies":"Masked Bandits","floor":19.0,"turns":4.0},{"damage":7.0,"enemies":"Chosen","floor":20.0,"turns":3.0},{"damage":12.0,"enemies":"Slavers","floor":23.0,"turns":3.0},{"damage":7.0,"enemies":"Snake Plant","floor":25.0,"turns":4.0},{"damage":0.0,"enemies":"Gremlin Leader","floor":27.0,"turns":4.0},{"damage":13.0,"enemies":"3 Cultists","floor":28.0,"turns":5.0},{"damage":23.0,"enemies":"Slavers","floor":30.0,"turns":6.0},{"damage":11.0,"enemies":"Snecko","floor":31.0,"turns":4.0},{"damage":34.0,"enemies":"Collector","floor":33.0,"turns":9.0},{"damage":6.0,"enemies":"3 Darklings","floor":35.0,"turns":3.0},{"damage":4.0,"enemies":"Orb Walker","floor":38.0,"turns":3.0},{"damage":25.0,"enemies":"Nemesis","floor":40.0,"turns":3.0},{"damage":8.0,"enemies":"Giant Head","floor":42.0,"turns":4.0},{"damage":31.0,"enemies":"Writhing Mass","floor":44.0,"turns":7.0},{"damage":18.0,"enemies":"Jaw Worm Horde","floor":46.0,"turns":4.0},{"damage":56.0,"enemies":"Reptomancer","floor":48.0,"turns":6.0},{"damage":68,"enemies":"Time Eater","floor":50,"turns":11}],"seed_played":"2296275506420320987","potions_obtained":[{"floor":1.0,"key":"Block Potion"},{"floor":7.0,"key":"ColorlessPotion"},{"floor":11.0,"key":"Fire Potion"},{"floor":18.0,"key":"EntropicBrew"},{"floor":19.0,"key":"Ancient Potion"},{"floor":20.0,"key":"Block Potion"},{"floor":27.0,"key":"SteroidPotion"},{"floor":42.0,"key":"GamblersBrew"},{"floor":44.0,"key":"SteroidPotion"},{"floor":48.0,"key":"Swift Potion"}],"is_trial":false,"path_per_floor":["M","M","?","M","M","R","E","R","T","$","M","E","M","E","R","B",null,"M","?","M","?","$","E","R","M","T","E","M","$","E","M","R","B",null,"M","?","?","M","$","E","$","E","T","M","$","M","R","E","R","B",null],"character_chosen":"IRONCLAD","items_purchased":["Trip","Enlightenment","Dark Embrace","Fruit Juice","Sling","Whetstone","Shrug It Off+1","Rage+1","AttackPotion"],"campfire_rested":2,"item_purchase_floors":[10,22,22,22,39,39,41,41,45],"current_hp_per_floor":[72,75,75,74,60,60,33,33,33,33,28,26,31,36,36,24,62,55,35,46,46,51,57,57,56,56,62,55,70,53,48,72,56,74,74,60,60,62,77,58,73,71,71,58,73,61,61,23,47,46],"gold":58,"neow_bonus":"RANDOM_COLORLESS_2","is_daily":false,"chose_seed":false,"campfire_upgraded":5,"win_rate":0.0,"timestamp":1613261338,"path_taken":["M","M","?","M","M","R","E","R","T","?","M","E","M","E","R","BOSS","M","?","M","?","$","E","R","M","T","E","M","?","E","M","R","BOSS","M","?","?","M","?","E","$","E","T","M","$","M","R","E","R","BOSS"],"items_purchased_type":["Card","Card","Card","Potion","Relic","Relic","Card","Card","Potion"],"build_version":"2020-12-22","purchased_purges":3,"victory":true,"max_hp_per_floor":[75,75,75,75,75,75,75,75,75,75,75,75,75,75,75,75,75,75,75,75,75,80,80,80,80,80,80,80,80,80,80,80,80,80,80,80,80,80,80,80,80,80,80,80,80,80,80,80,80,80],"relic_stats":{"Happy Flower":[3],"counters":[28,137],"Whetstone":["Headbutt","Immolate"],"War Paint":["True Grit","Battle Trance"],"Question Card":3,"Burning Blood":165,"Lizard Tail":40,"Busted Crown":34,"Bronze Scales":[305],"MealTicket":60,"Pandora\u0027s Box":["Havoc","Dual Wield","Twin Strike","Offering","Thunderclap","Power Through","Juggernaut"],"Champion Belt":[50],"obtain_stats":[{"Lantern":7,"Happy Flower":48,"Whetstone":39,"War Paint":30,"Ancient Tea Set":9,"Sling":39,"Question Card":42,"Burning Blood":0,"White Beast Statue":40,"Lizard Tail":43,"Busted Crown":17,"Bronze Scales":14,"MealTicket":23,"Pandora\u0027s Box":34,"Red Mask":19,"Champion Belt":27,"Toxic Egg 2":26,"Meat on the Bone":12},{"Lantern":5,"Happy Flower":27,"Whetstone":22,"War Paint":18,"Ancient Tea Set":5,"Sling":22,"Question Card":24,"Burning Blood":0,"White Beast Statue":23,"Lizard Tail":24,"Busted Crown":10,"Bronze Scales":9,"MealTicket":14,"Pandora\u0027s Box":20,"Red Mask":12,"Champion Belt":16,"Toxic Egg 2":15,"Meat on the Bone":7},{"Lantern":23,"Happy Flower":126,"Whetstone":102,"War Paint":83,"Ancient Tea Set":23,"Sling":102,"Question Card":109,"Burning Blood":0,"White Beast Statue":105,"Lizard Tail":109,"Busted Crown":51,"Bronze Scales":40,"MealTicket":64,"Pandora\u0027s Box":96,"Red Mask":58,"Champion Belt":72,"Toxic Egg 2":68,"Meat on the Bone":30}],"Meat on the Bone":120},"card_choices":[{"not_picked":["Chrysalis","The Bomb"],"picked":"HandOfGreed","floor":0.0},{"not_picked":["Wild Strike","Ghostly Armor"],"picked":"Headbutt","floor":1.0},{"not_picked":["Armaments","Flame Barrier"],"picked":"True Grit","floor":2.0},{"not_picked":["Pommel Strike","Exhume","Body Slam"],"picked":"SKIP","floor":4.0},{"not_picked":["Flex","Shrug It Off"],"picked":"Sword Boomerang","floor":5.0},{"not_picked":["Headbutt","Shrug It Off"],"picked":"Uppercut","floor":7.0},{"not_picked":["Rupture","Armaments"],"picked":"Whirlwind","floor":11.0},{"not_picked":["Second Wind","Evolve"],"picked":"Armaments","floor":12.0},{"not_picked":["Feel No Pain","Iron Wave"],"picked":"Battle Trance","floor":13.0},{"not_picked":["Clothesline","Twin Strike"],"picked":"Dropkick","floor":14.0},{"not_picked":["Impervious","Feed"],"picked":"Immolate","floor":16.0},{"not_picked":["Heavy Blade"],"picked":"SKIP","floor":18.0},{"not_picked":[],"picked":"True Grit+1","floor":20.0},{"not_picked":[],"picked":"Clothesline","floor":23.0},{"not_picked":[],"picked":"Power Through","floor":25.0},{"not_picked":[],"picked":"Warcry+1","floor":27.0},{"not_picked":["Second Wind+1"],"picked":"SKIP","floor":28.0},{"not_picked":["Twin Strike"],"picked":"SKIP","floor":30.0},{"not_picked":["Warcry+1"],"picked":"SKIP","floor":31.0},{"not_picked":[],"picked":"Brutality","floor":33.0},{"not_picked":["Thunderclap"],"picked":"SKIP","floor":35.0},{"not_picked":["Sword Boomerang"],"picked":"SKIP","floor":38.0},{"not_picked":["Cleave+1"],"picked":"SKIP","floor":40.0},{"not_picked":[],"picked":"Power Through+1","floor":42.0},{"not_picked":["Iron Wave+1","Clash"],"picked":"SKIP","floor":44.0},{"not_picked":["Clothesline+1"],"picked":"Flex+1","floor":46.0},{"not_picked":["Hemokinesis"],"picked":"Pommel Strike+1","floor":48.0}],"player_experience":510413,"relics_obtained":[{"floor":7.0,"key":"Lantern"},{"floor":9.0,"key":"Ancient Tea Set"},{"floor":12.0,"key":"Meat on the Bone"},{"floor":14.0,"key":"Bronze Scales"},{"floor":19.0,"key":"Red Mask"},{"floor":23.0,"key":"MealTicket"},{"floor":26.0,"key":"Toxic Egg 2"},{"floor":27.0,"key":"Champion Belt"},{"floor":30.0,"key":"War Paint"},{"floor":40.0,"key":"White Beast Statue"},{"floor":42.0,"key":"Question Card"},{"floor":43.0,"key":"Lizard Tail"},{"floor":48.0,"key":"Happy Flower"}],"event_choices":[{"damage_healed":0.0,"max_hp_gain":0.0,"max_hp_loss":0.0,"gold_gain":0.0,"event_name":"Wheel of Change","player_choice":"Full Heal","floor":3.0,"gold_loss":0.0,"damage_taken":0.0},{"damage_healed":0.0,"max_hp_gain":0.0,"max_hp_loss":0.0,"gold_gain":0.0,"event_name":"Masked Bandits","player_choice":"Fought Bandits","floor":19.0,"gold_loss":0.0,"damage_taken":0.0},{"damage_healed":0.0,"max_hp_gain":0.0,"max_hp_loss":0.0,"gold_gain":0.0,"event_name":"Forgotten Altar","player_choice":"Smashed Altar","floor":21.0,"gold_loss":0.0,"damage_taken":0.0,"cards_obtained":["Decay"]},{"damage_healed":0.0,"max_hp_gain":0.0,"max_hp_loss":0.0,"gold_gain":0.0,"event_name":"Winding Halls","player_choice":"Embrace Madness","floor":36.0,"gold_loss":0.0,"damage_taken":14.0,"cards_obtained":["Madness","Madness"]},{"cards_removed":["Bash"],"damage_healed":0.0,"max_hp_gain":0.0,"max_hp_loss":0.0,"gold_gain":0.0,"event_name":"Falling","player_choice":"Removed Attack","floor":37.0,"gold_loss":0.0,"damage_taken":0.0}],"is_beta":false,"boss_relics":[{"not_picked":["Runic Pyramid","Runic Dome"],"picked":"Busted Crown"},{"not_picked":["Runic Cube","Philosopher\u0027s Stone"],"picked":"Pandora\u0027s Box"}],"items_purged_floors":[10,22,29],"is_endless":false,"potions_floor_spawned":[1,7,11,18,19,20,27,30,31,42,44,46,48],"ascension_level":19}}