{"host":"b2j09bgckbzjrujr","time":1613307011,"event":{"mods":["AchievementEnabler","Aspiration","BaseMod","BetterRewards","Colored Map","Colored Powertips","Conspire","Friendly Minions","Infinite Spire","Marisa£¨ìFÓê¡¡Ä§ÀíÉ³£©","Minty Spire (QoL Compilation)","Quick Restart","Rare Cards Sparkle","Reimu£¨²©ÀöÁéÃÎ£©","Remilia£¨ÀÙÃ×ÀòÑÇ£©","Replay The Spire","Shop Mod","StSLib","SuperFastMode","TestMod","The Cursed","The Jungle","The Servant 0.9.4","Waifu the Spire","Youmu£¨»êÆÇÑýÃÎ£©","Yuyuko","[IsaacMod]ÒÔÈö¼âËþ","¡¾¹¦ÄÜMod¡¿»ìãçÖ®»·ÐÞ¸´²¹¶¡"],"gold_per_floor":[96,96,112,112,129,129,192,592,592,618,618,640,640,640,693,714,714,838,838,859,859,142,244,269,322,347,409,409,409,476,476,476,494,494,649,649,766,282,321,1319,1368,1414,1414,1460,1460,1490,1519,1519,1149,1179,1179,1215,1239],"floor_reached":54,"language":"ZHS","playtime":2605,"items_purged":["Defend_R"],"score":2423,"play_id":"73bae805-6f0d-4f3c-8421-8c1da86dfd7c","local_time":"20210214205011","is_ascension_mode":true,"campfire_choices":[{"data":"Strike_R","floor":6.0,"key":"SMITH"},{"data":"Feed","floor":11.0,"key":"SMITH"},{"floor":29,"key":"DIG"},{"floor":31,"key":"DIG"},{"floor":34,"key":"DIG"},{"data":"Normality","floor":43,"key":"PURGE"},{"floor":51,"key":"DIG"}],"circlet_count":0,"master_deck":["AscendersBane","Strike_R+1","Strike_R","Strike_R","Strike_R","Strike_R","Defend_R+1","Defend_R","Defend_R+1","Bash","Sword Boomerang","Feed+1","Pot Of Greed","Pot Of Greed"],"relics":["Burning Blood","testmod-HeartOfStrike","MoneyPower","Magic Flower","SalivaCoin","aspiration:Nostalgia","Sizzling Blood","infinitespire:FocusingShard","Peace Pipe","ReplayTheSpireMod:CursedCoin","ReplayTheSpireMod:Spearhead","testmod-Faith","Bird Faced Urn","Lizard Tail","Replay:Bronze Core","testmod-TestBox","MerchantsRug","Shovel","conspire:TreasureMap","Meat on the Bone","testmod-OneHitWonder","conspire:InfiniteJournal","Oddly Smooth Stone","Mercury Hourglass","GuppysTail","CaptainsWheel","Mummified Hand","Replay:Grab Bag","Fusion Hammer","ChampionBelt","conspire:SpecialSausage","Simple Rune","testmod-Charity","Grinning Jar","TheBible","infinitespire:PuzzleCube","Centennial Puzzle","Nunchaku","GuppysPaw","Replay:Wax Seal","testmod-LifeArmor","Toolbox","aspiration:TomeofQuesting","Pet Ghost"],"acts_visited":["Exordium","TheCity","TheBeyond"],"potions_floor_usage":[25,35,35,35,52,52,52],"damage_taken":[{"damage":2.0,"enemies":"Jaw Worm","floor":1.0,"turns":3.0},{"damage":0.0,"enemies":"Small Slimes","floor":3.0,"turns":2.0},{"damage":0.0,"enemies":"Cultist","floor":5.0,"turns":2.0},{"damage":36.0,"enemies":"Replay:BlueRogue","floor":7.0,"turns":4.0},{"damage":11.0,"enemies":"Looter","floor":10.0,"turns":2.0},{"damage":1.0,"enemies":"2 Fungi Beasts","floor":12.0,"turns":2.0},{"damage":8.0,"enemies":"Large Slime","floor":16.0,"turns":3.0},{"damage":31.0,"enemies":"Hexaghost","floor":18.0,"turns":5.0},{"damage":1.0,"enemies":"Spheric Guardian","floor":20.0,"turns":3.0},{"damage":22,"enemies":"3 Byrds","floor":23,"turns":5},{"damage":18,"enemies":"Centurion and Healer","floor":24,"turns":3},{"damage":38,"enemies":"Book of Stabbing","floor":25,"turns":3},{"damage":10,"enemies":"Snecko","floor":26,"turns":3},{"damage":48,"enemies":"Replay:Snechameleon","floor":27,"turns":4},{"damage":35,"enemies":"Book of Stabbing","floor":30,"turns":3},{"damage":23,"enemies":"conspire:HollyBat","floor":33,"turns":5},{"damage":122,"enemies":"Automaton","floor":35,"turns":7},{"damage":68,"enemies":"R_Hoarder","floor":37,"turns":7},{"damage":39,"enemies":"3 Shapes","floor":39,"turns":3},{"damage":69,"enemies":"Reptomancer","floor":41,"turns":5},{"damage":11,"enemies":"R_Hoarder","floor":42,"turns":4},{"damage":35,"enemies":"Giant Head","floor":44,"turns":5},{"damage":17,"enemies":"R_Hoarder","floor":46,"turns":4},{"damage":0,"enemies":"Giant Head","floor":47,"turns":4},{"damage":19,"enemies":"R_Hoarder","floor":50,"turns":5},{"damage":61,"enemies":"Donu and Deca","floor":52,"turns":7},{"damage":178,"enemies":"conspire:OrnateMirror","floor":53,"turns":5}],"seed_played":"-3729310559777554938","potions_obtained":[{"floor":3.0,"key":"FearPotion"},{"floor":7.0,"key":"Strength Potion"},{"floor":10.0,"key":"SkillPotion"},{"floor":18.0,"key":"SteroidPotion"},{"floor":24,"key":"Fruit Juice"},{"floor":25,"key":"Regen Potion"},{"floor":26,"key":"Fire Potion"},{"floor":30,"key":"BloodPotion"},{"floor":37,"key":"Weak Potion"},{"floor":41,"key":"Strength Potion"},{"floor":42,"key":"Toxic Potion"},{"floor":50,"key":"LiquidBronze"}],"is_trial":false,"path_per_floor":["M","?","M","?","M","R","E","?","T","M","R","M","PTL","PTL","?","M","R_BF","B",null,"M","?","$","M","M","E","M","E","T","R","E","R","?","M","R","B",null,"M","$","M","?","M","E","R","E","T","E","M","?","$","M","R","B","B",null],"character_chosen":"IRONCLAD","items_purchased":["SalivaCoin","aspiration:Nostalgia","infinitespire:FocusingShard","ReplayTheSpireMod:CursedCoin","ReplayTheSpireMod:Spearhead","testmod-Faith","MerchantsRug","Shovel","conspire:TreasureMap","Meat on the Bone","Simple Rune","testmod-Charity","Grinning Jar","Replay:Wax Seal","testmod-LifeArmor","Toolbox"],"campfire_rested":0,"item_purchase_floors":[0,0,0,0,0,0,22,22,22,22,38,38,38,49,49,49],"current_hp_per_floor":[41,41,56,56,71,71,50,50,50,54,54,74,74,74,74,87,87,77,91,96,96,96,89,86,77,82,67,67,67,65,65,65,81,81,38,91,65,65,70,71,44,79,79,82,82,91,107,107,107,115,115,99,137],"gold":1239,"neow_bonus":"","is_daily":false,"chose_seed":false,"campfire_upgraded":2,"win_rate":0.0,"timestamp":1613307011,"path_taken":["M","?","M","?","?","R","E","?","T","M","R","M","PTL","PTL","?","M","R_BF","BOSS","M","?","$","M","M","E","M","E","T","R","E","R","?","?","R","BOSS","M","$","M","?","M","E","R","E","T","E","M","?","$","?","R","BOSS","BOSS"],"items_purchased_type":["Relic","Relic","Relic","Relic","Relic","Relic","Relic","Relic","Relic","Relic","Relic","Relic","Relic","Relic","Relic","Relic"],"build_version":"2020-12-22","purchased_purges":1,"victory":true,"max_hp_per_floor":[84,84,84,84,84,84,84,84,84,84,84,88,88,88,88,92,92,96,96,96,96,96,96,96,105,105,105,105,105,105,105,105,109,109,109,109,113,113,119,120,125,133,133,136,136,138,139,139,139,141,141,147,151],"card_choices":[{"not_picked":[],"picked":"ChaosCard","floor":0.0},{"not_picked":["Warcry","Dual Wield","Armaments"],"picked":"SKIP","floor":1.0},{"not_picked":["Headbutt","Clothesline","True Grit"],"picked":"SKIP","floor":3.0},{"not_picked":["True Grit","Sever Soul","Shrug It Off"],"picked":"SKIP","floor":5.0},{"not_picked":["ReplayTheSpireMod:LeadingStrike","Uppercut","Clothesline"],"picked":"SKIP","floor":7.0},{"not_picked":["Bomb","Heavy Blade"],"picked":"Feed","floor":10.0},{"not_picked":["Body Slam","Run Through","Bomb"],"picked":"SKIP","floor":12.0},{"not_picked":["Pummel","Sword Boomerang","Headbutt"],"picked":"SKIP","floor":16.0},{"not_picked":["Spot Weakness","Sever Soul","Cleave"],"picked":"SKIP","floor":20.0},{"not_picked":["Sword Boomerang","Wild Strike","Thunderclap"],"picked":"SKIP","floor":23},{"not_picked":["Perfected Strike","Dark Embrace","Clash"],"picked":"SKIP","floor":24},{"not_picked":["Thunderclap","ReplayTheSpireMod:Limb From Limb","Uppercut"],"picked":"SKIP","floor":25},{"not_picked":["Rage+1","Flex","Run Through+1"],"picked":"SKIP","floor":26},{"not_picked":["Hemokinesis+1","Combust+1","Sever Soul"],"picked":"SKIP","floor":27},{"not_picked":["Sword Boomerang","ReplayTheSpireMod:Corrosion Curse","Flex"],"picked":"SKIP","floor":30},{"not_picked":["Massacre","Carnage+1","Replay:Undeath\u0027s Touch"],"picked":"SKIP","floor":33},{"not_picked":["Heavy Blade","Anger","Clothesline"],"picked":"SKIP","floor":37},{"not_picked":["Thunderclap","Clothesline","Cleave"],"picked":"SKIP","floor":39},{"not_picked":["Rampage","Combust+1","Heavy Blade"],"picked":"SKIP","floor":41},{"not_picked":["Fiend Fire","Run Through","Warcry"],"picked":"SKIP","floor":42},{"not_picked":["Spot Weakness","Dual Wield","Iron Wave"],"picked":"SKIP","floor":44},{"not_picked":["Rage+1","Run Through","Fiend Fire"],"picked":"SKIP","floor":46},{"not_picked":["Searing Blow","Brutality","Armaments"],"picked":"SKIP","floor":47},{"not_picked":["Cleave","Iron Wave+1","Demonic Infusion"],"picked":"SKIP","floor":50}],"player_experience":102666,"relics_obtained":[{"floor":7.0,"key":"Bird Faced Urn"},{"floor":9.0,"key":"Lizard Tail"},{"floor":25,"key":"testmod-OneHitWonder"},{"floor":27,"key":"conspire:InfiniteJournal"},{"floor":28,"key":"Oddly Smooth Stone"},{"floor":29,"key":"Mercury Hourglass"},{"floor":30,"key":"GuppysTail"},{"floor":31,"key":"CaptainsWheel"},{"floor":34,"key":"Mummified Hand"},{"floor":37,"key":"SharpPlug"},{"floor":41,"key":"TheBible"},{"floor":42,"key":"infinitespire:PuzzleCube"},{"floor":44,"key":"Centennial Puzzle"},{"floor":46,"key":"Nunchaku"},{"floor":47,"key":"GuppysPaw"},{"floor":50,"key":"aspiration:TomeofQuesting"},{"floor":51,"key":"Pet Ghost"}],"event_choices":[{"cards_removed":["Poor:ReiMu"],"damage_healed":0.0,"max_hp_gain":0.0,"max_hp_loss":0.0,"gold_gain":0.0,"event_name":"Living Wall","player_choice":"Forget","floor":2.0,"gold_loss":0.0,"damage_taken":0.0},{"damage_healed":0.0,"max_hp_gain":0.0,"max_hp_loss":0.0,"gold_gain":0.0,"event_name":"conspire:Investor","player_choice":"Leave","floor":4.0,"gold_loss":0.0,"damage_taken":0.0},{"damage_healed":0.0,"max_hp_gain":0.0,"max_hp_loss":0.0,"gold_gain":400.0,"event_name":"¶÷ÂåË¹µÄÅÌ×Ó","player_choice":"Sell","floor":8.0,"relics_lost":["testmod-TestBox"],"gold_loss":0.0,"damage_taken":0.0},{"damage_healed":0.0,"max_hp_gain":0.0,"max_hp_loss":0.0,"gold_gain":53.0,"event_name":"Golden Wing","player_choice":"Gained Gold","floor":15.0,"gold_loss":0.0,"damage_taken":0.0},{"damage_healed":0.0,"max_hp_gain":0.0,"max_hp_loss":0.0,"gold_gain":0.0,"event_name":"The Cleric","player_choice":"Leave","floor":17.0,"gold_loss":0.0,"damage_taken":0.0},{"damage_healed":0.0,"max_hp_gain":0.0,"max_hp_loss":0.0,"gold_gain":0.0,"event_name":"¸ø×Ô¼ºµÄºÐ×Ó","player_choice":"Swap Relic","floor":21.0,"relics_lost":["HushsDoor"],"gold_loss":0.0,"damage_taken":0.0,"relics_obtained":["testmod-TestBox"]},{"damage_healed":0,"gold_gain":0,"player_choice":"Ignored","damage_taken":0,"max_hp_gain":0,"max_hp_loss":0,"event_name":"Beggar","floor":32,"gold_loss":0},{"damage_healed":0,"gold_gain":999,"player_choice":"Gold","damage_taken":0,"max_hp_gain":0,"max_hp_loss":0,"event_name":"MindBloom","floor":40,"gold_loss":0,"cards_obtained":["Normality","Normality"]},{"damage_healed":0,"gold_gain":0,"player_choice":"Ignored","damage_taken":0,"max_hp_gain":0,"max_hp_loss":0,"event_name":"Purifier","floor":48,"gold_loss":0}],"is_beta":false,"boss_relics":[{"not_picked":["Mark of Pain","Honey Jar"],"picked":"Replay:Bronze Core"},{"not_picked":[]},{"not_picked":["ReplayTheSpireMod:SealedPack","ChewingGum"],"picked":"Replay:Grab Bag"},{"not_picked":["Velvet Choker","Philosopher\u0027s Stone"],"picked":"Fusion Hammer"},{"not_picked":["Runic Dome","infinitespire:Cupcake"],"picked":"ChampionBelt"},{"not_picked":["Tiny House","Empty Cage"],"picked":"conspire:SpecialSausage"}],"items_purged_floors":[22],"is_endless":false,"potions_floor_spawned":[3,7,10,16,18,24,25,26,30,37,41,42,44,46,50],"ascension_level":20}}