{"host":"0unxf5n5bucfuoy7","time":1613323258,"event":{"mods":["Act Like it!","AlwaysNeverKeys","Aspiration","Astrologer","BaseMod","Beaked The Cultist","Better Altar","Better Match","Better Note","Better Sensory Stone","Better Third Choice","Better Vampires","Conspire","Custom Start","DeckTracker","Downfall","Elementarium","Friendly Minions","GifTheSpireLib","Hallownest","Hubris","Infinite Spire","Minty Spire (QoL Compilation)","Permanent Neow","Potionbrewer","Quick Restart","Random Character Button","Replay The Spire","Spikes Relics","StSLib","The Bug Knight","The Death Knight","The Exalted","The Hierophant","The Spell Scribe","Transform Curses","Virulent Crown","Wandering Minibosses"],"gold_per_floor":[117,117,128,128,143,174,174,174],"floor_reached":7,"language":"ENG","playtime":544,"items_purged":[],"score":76,"play_id":"b6b3d475-1c4c-45c6-a3f4-88cb82b23ca8","local_time":"20210214122058","daily_mods":["Draft","Heirloom","Flight","DeadlyEvents","Elite Swarm"],"is_ascension_mode":false,"campfire_choices":[],"circlet_count":0,"master_deck":["HollowMod:DoubleDash","HollowMod:ChannelNail","HollowMod:CycloneSlash","HollowMod:HuntersJournal","HollowMod:GrimmsGift","HollowMod:DesolateDive","HollowMod:GoodIntentions","HollowMod:DesolateDive","HollowMod:PerfectDash","HollowMod:CornifersMapStart","HollowMod:HowlingWraiths","HollowMod:GoodIntentions","HollowMod:CycloneSlash","HollowMod:SoulEater","HollowMod:NewJinnsSoul","HollowMod:MonarchWings","HollowMod:NewJinnsSoul","infinitespire:Fortify","HollowMod:HornetsHelp"],"relics":["HollowMod:VesselMask","replay:Trail_Library","champ:DeflectingBracers","Hallownest:DreamNailRelic","Oddly Smooth Stone","hubris:KleinBottle","Eternal Feather","SuspiciousGoo"],"acts_visited":["Exordium"],"potions_floor_usage":[],"damage_taken":[{"damage":14,"enemies":"Hallownest:2_Tiktiks_and_1_Crawlid","floor":1,"turns":4},{"damage":1,"enemies":"Hallownest:monsterHuskWarrior","floor":3,"turns":4},{"damage":0,"enemies":"2_ Uuma","floor":5,"turns":4},{"damage":0,"enemies":"Hallownest:eliteMossKnight","floor":6,"turns":11},{"damage":15,"enemies":"Hallownest:eliteCrystalGuardian","floor":7,"turns":3}],"seed_played":"-2602998254531688812","potions_obtained":[{"floor":3,"key":"potionbrewer:QuicksilverPotion"},{"floor":5,"key":"Explosive Potion"},{"floor":6,"key":"FearPotion"}],"is_trial":true,"path_per_floor":["M","?","M","$","M","E","E"],"character_chosen":"THE_BUGKNIGHT","items_purchased":["Oddly Smooth Stone","hubris:KleinBottle","Eternal Feather"],"campfire_rested":0,"item_purchase_floors":[4,4,4],"current_hp_per_floor":[61,61,60,15,15,15,0,0],"gold":174,"neow_bonus":"","is_daily":false,"chose_seed":false,"campfire_upgraded":0,"win_rate":0.0,"timestamp":1613323258,"path_taken":["M","?","?","?","?","E","?"],"items_purchased_type":["Relic","Relic","Relic"],"build_version":"2020-12-22","purchased_purges":0,"victory":false,"max_hp_per_floor":[75,75,75,75,75,75,75,75],"card_choices":[{"not_picked":["HollowMod:CloakDash","HollowMod:InfectedAttack"],"picked":"HollowMod:DoubleDash","floor":0},{"not_picked":["HollowMod:SiblingsShadow","HollowMod:TaintedHusks"],"picked":"HollowMod:ChannelNail","floor":0},{"not_picked":["HollowMod:ShadowDash","HollowMod:DescendingDark"],"picked":"HollowMod:CycloneSlash","floor":0},{"not_picked":["HollowMod:SoulSplash","HollowMod:InfectionAssault"],"picked":"HollowMod:HuntersJournal","floor":0},{"not_picked":["HollowMod:DashSlash","HollowMod:ChannelNail"],"picked":"HollowMod:GrimmsGift","floor":0},{"not_picked":["HollowMod:ChannelNail","HollowMod:DungDefenderAura"],"picked":"HollowMod:DesolateDive","floor":0},{"not_picked":["HollowMod:WraithStrike","HollowMod:LifebloodCocoon"],"picked":"HollowMod:GoodIntentions","floor":0},{"not_picked":["HollowMod:CrystalDash","HollowMod:TaintedHusks"],"picked":"HollowMod:DesolateDive","floor":0},{"not_picked":["HollowMod:SoulVessel","HollowMod:InfectedAttack"],"picked":"HollowMod:PerfectDash","floor":0},{"not_picked":["HollowMod:InfectedAttack","HollowMod:InfectedCysts"],"picked":"HollowMod:CornifersMapStart","floor":0},{"not_picked":["HollowMod:InfectedAttack","HollowMod:NewLittleFool"],"picked":"HollowMod:HowlingWraiths","floor":0},{"not_picked":["HollowMod:TaintedHusks","HollowMod:DescendingDark"],"picked":"HollowMod:GoodIntentions","floor":0},{"not_picked":["HollowMod:MothsMistake","HollowMod:NewJinnsSoul"],"picked":"HollowMod:CycloneSlash","floor":0},{"not_picked":["HollowMod:LuriensSpire","HollowMod:HowlingWraiths"],"picked":"HollowMod:SoulEater","floor":0},{"not_picked":["HollowMod:BlackTendrils","HollowMod:InfectedAttack"],"picked":"HollowMod:NewJinnsSoul","floor":0},{"not_picked":["HollowMod:DescendingDark","HollowMod:SiblingsSouls"],"picked":"HollowMod:MonarchWings","floor":1},{"not_picked":["HollowMod:MawleksShell","HollowMod:WraithStrike"],"picked":"HollowMod:NewJinnsSoul","floor":3},{"not_picked":["Replay:Fractal Strike","hubris:InfiniteBlow"],"picked":"infinitespire:Fortify","floor":4},{"not_picked":["HollowMod:InfectedAttack","HollowMod:BlackTendrils","HollowMod:PaleKingsBlessing"],"picked":"SKIP","floor":5},{"not_picked":["HollowMod:LifebloodCore","HollowMod:ElderbugsWisdom"],"picked":"HollowMod:HornetsHelp","floor":6}],"player_experience":129744,"relics_obtained":[{"floor":6,"key":"SuspiciousGoo"}],"event_choices":[],"is_beta":false,"boss_relics":[],"items_purged_floors":[],"is_endless":false,"potions_floor_spawned":[3,5,6],"killed_by":"Hallownest:eliteCrystalGuardian","ascension_level":0}}