{"host":"2hfs0yj465ilm2w6","time":1613321263,"event":{"mods":["BaseMod","Minty Spire (QoL Compilation)"],"gold_per_floor":[111,111,38,58,83,83,124,139,208,133,133,147,162,186,186,305,305,318,318,218,211,211,254,273,30,30,30,30,30,43,57,57,176,176,201,51,66,66,19,32,72,96,146,146,479,479,493,523,523,523],"floor_reached":51,"language":"ZHS","playtime":3046,"items_purged":["Strike_R","Berserk","Strike_R","Strike_R"],"score":777,"play_id":"e5db8d2e-6b65-4a44-bd17-c1a030572704","local_time":"20210215004743","is_ascension_mode":false,"campfire_choices":[{"data":"Armaments","floor":6,"key":"SMITH"},{"floor":15,"key":"REST"},{"floor":27,"key":"REST"},{"data":"Berserk","floor":29,"key":"SMITH"},{"floor":32,"key":"REST"},{"floor":44,"key":"REST"},{"floor":46,"key":"REST"},{"floor":49,"key":"REST"}],"circlet_count":0,"master_deck":["Defend_R","Defend_R","Defend_R+1","Defend_R","Bash","Armaments+1","Ghostly Armor","Dual Wield+1","Blood for Blood","Warcry+1","Metallicize","Barricade","Berserk+1","Searing Blow+1","Bloodletting+1","Body Slam","Entrench+1","Body Slam+1","Offering+1","Pommel Strike+1","Headbutt+1","Madness+1","Madness+1","Shrug It Off+1","Flame Barrier+1"],"relics":["Burning Blood","StoneCalendar","Toxic Egg 2","Busted Crown","Potion Belt","Mercury Hourglass","Black Star","CaptainsWheel","War Paint","Bag of Preparation","Bag of Marbles","Bronze Scales","Darkstone Periapt"],"acts_visited":["Exordium","TheCity","TheBeyond"],"potions_floor_usage":[12,23,25,31,33,33,33,33,33,33,41,41,41,50],"damage_taken":[{"damage":8,"enemies":"Small Slimes","floor":1,"turns":3},{"damage":11,"enemies":"Jaw Worm","floor":4,"turns":7},{"damage":2,"enemies":"Cultist","floor":5,"turns":6},{"damage":38,"enemies":"Gremlin Nob","floor":7,"turns":5},{"damage":10,"enemies":"2 Fungi Beasts","floor":8,"turns":5},{"damage":8,"enemies":"Exordium Thugs","floor":12,"turns":7},{"damage":5,"enemies":"Looter","floor":13,"turns":4},{"damage":19,"enemies":"Lots of Slimes","floor":14,"turns":7},{"damage":28,"enemies":"Hexaghost","floor":16,"turns":9},{"damage":2,"enemies":"Shell Parasite","floor":18,"turns":9},{"damage":34,"enemies":"2 Thieves","floor":21,"turns":4},{"damage":52,"enemies":"Book of Stabbing","floor":23,"turns":8},{"damage":39,"enemies":"3 Cultists","floor":24,"turns":7},{"damage":30,"enemies":"Centurion and Healer","floor":30,"turns":7},{"damage":8,"enemies":"Shelled Parasite and Fungi","floor":31,"turns":4},{"damage":15,"enemies":"Champ","floor":33,"turns":6},{"damage":9,"enemies":"3 Darklings","floor":35,"turns":4},{"damage":24,"enemies":"Orb Walker","floor":37,"turns":4},{"damage":15,"enemies":"Spire Growth","floor":40,"turns":5},{"damage":50,"enemies":"Reptomancer","floor":41,"turns":7},{"damage":27,"enemies":"Maw","floor":47,"turns":5},{"damage":12,"enemies":"Nemesis","floor":48,"turns":3},{"damage":10,"enemies":"Awakened One","floor":50,"turns":8}],"seed_played":"-82971395617589756","potions_obtained":[{"floor":5,"key":"ElixirPotion"},{"floor":7,"key":"GamblersBrew"},{"floor":12,"key":"BloodPotion"},{"floor":14,"key":"Weak Potion"},{"floor":18,"key":"SkillPotion"},{"floor":21,"key":"EntropicBrew"},{"floor":24,"key":"PowerPotion"},{"floor":31,"key":"CultistPotion"},{"floor":35,"key":"Dexterity Potion"},{"floor":48,"key":"DuplicationPotion"}],"is_trial":false,"path_per_floor":["M","?","$","M","M","R","E","M","T","$","?","M","M","M","R","B",null,"M","?","$","M","?","E","M","$","T","R","$","R","M","M","R","B",null,"M","$","M","?","$","M","E","T","T","R","?","R","M","E","R","B",null],"character_chosen":"IRONCLAD","items_purchased":["Ghostly Armor","Entrench+1","BloodPotion","Shrug It Off+1"],"campfire_rested":6,"item_purchase_floors":[3,25,25,39],"current_hp_per_floor":[86,64,64,59,63,63,31,27,27,27,27,42,43,30,56,34,88,88,88,88,70,98,52,19,38,38,67,67,67,43,41,70,61,98,95,95,77,65,65,56,12,12,12,41,41,70,49,43,72,68],"gold":523,"neow_bonus":"TEN_PERCENT_HP_BONUS","is_daily":false,"chose_seed":false,"campfire_upgraded":2,"win_rate":0.0,"timestamp":1613321263,"path_taken":["M","?","?","M","M","R","E","M","T","$","?","M","M","?","R","BOSS","M","?","?","M","?","E","M","$","T","R","$","R","M","M","R","BOSS","M","?","M","?","$","M","E","?","T","R","?","R","M","E","R","BOSS"],"items_purchased_type":["Card","Card","Potion","Card"],"build_version":"2020-12-22","purchased_purges":4,"victory":true,"max_hp_per_floor":[88,88,88,88,88,88,88,88,88,88,88,88,88,88,88,88,88,88,88,88,88,98,98,98,98,98,98,98,98,98,98,98,98,98,98,98,98,98,98,98,98,98,98,98,98,98,98,98,98,98],"card_choices":[{"not_picked":["Heavy Blade","Carnage"],"picked":"Armaments","floor":1},{"not_picked":["Spot Weakness","Disarm"],"picked":"Dual Wield","floor":4},{"not_picked":["Flex","Armaments","Perfected Strike"],"picked":"SKIP","floor":5},{"not_picked":["Pummel","Combust"],"picked":"Blood for Blood","floor":7},{"not_picked":["Pummel","Twin Strike","Headbutt"],"picked":"SKIP","floor":8},{"not_picked":["Armaments+1","Twin Strike"],"picked":"Warcry+1","floor":12},{"not_picked":["Disarm+1","Cleave"],"picked":"Metallicize","floor":13},{"not_picked":["Reckless Charge","Combust"],"picked":"Barricade","floor":14},{"not_picked":["Barricade","Demon Form"],"picked":"Reaper","floor":16},{"not_picked":["Headbutt"],"picked":"SKIP","floor":18},{"not_picked":[],"picked":"Searing Blow+1","floor":21},{"not_picked":[],"picked":"Bloodletting+1","floor":23},{"not_picked":[],"picked":"Body Slam","floor":24},{"not_picked":["Heavy Blade"],"picked":"SKIP","floor":30},{"not_picked":[],"picked":"Body Slam+1","floor":31},{"not_picked":[],"picked":"Offering+1","floor":33},{"not_picked":[],"picked":"Pommel Strike+1","floor":35},{"not_picked":[],"picked":"Headbutt+1","floor":37},{"not_picked":["Dark Embrace"],"picked":"SKIP","floor":40},{"not_picked":["Rupture+1"],"picked":"SKIP","floor":41},{"not_picked":[],"picked":"Flame Barrier+1","floor":47},{"not_picked":["Pommel Strike+1"],"picked":"SKIP","floor":48}],"player_experience":17178,"relics_obtained":[{"floor":7,"key":"StoneCalendar"},{"floor":9,"key":"Toxic Egg 2"},{"floor":23,"key":"Potion Belt"},{"floor":26,"key":"Mercury Hourglass"},{"floor":41,"key":"CaptainsWheel"},{"floor":41,"key":"War Paint"},{"floor":42,"key":"Bag of Preparation"},{"floor":43,"key":"Bag of Marbles"},{"floor":48,"key":"Bronze Scales"},{"floor":48,"key":"Darkstone Periapt"}],"event_choices":[{"damage_healed":0,"gold_gain":0,"player_choice":"Take Damage","damage_taken":22,"relics_obtained":["Golden Idol"],"max_hp_gain":0,"max_hp_loss":0,"event_name":"Golden Idol","floor":2,"gold_loss":0},{"damage_healed":0,"gold_gain":0,"cards_transformed":["Strike_R"],"player_choice":"Transformed","damage_taken":0,"max_hp_gain":0,"max_hp_loss":0,"event_name":"Transmorgrifier","floor":11,"gold_loss":0,"cards_obtained":["Berserk"]},{"damage_healed":0,"gold_gain":0,"cards_transformed":["Strike_R"],"player_choice":"Transformed","damage_taken":0,"max_hp_gain":0,"max_hp_loss":0,"event_name":"Transmorgrifier","floor":19,"gold_loss":0,"cards_obtained":["Berserk"]},{"cards_removed":["Reaper"],"damage_healed":18,"gold_gain":0,"player_choice":"Offered Rare","damage_taken":0,"max_hp_gain":10,"max_hp_loss":0,"event_name":"Bonfire Elementals","floor":22,"gold_loss":0},{"damage_healed":0,"gold_gain":0,"player_choice":"Embrace Madness","damage_taken":12,"max_hp_gain":0,"max_hp_loss":0,"event_name":"Winding Halls","floor":38,"gold_loss":0,"cards_obtained":["Madness","Madness"]},{"damage_healed":0,"gold_gain":333,"player_choice":"Gave Idol","damage_taken":0,"max_hp_gain":0,"max_hp_loss":0,"event_name":"The Moai Head","floor":45,"relics_lost":["Golden Idol"],"gold_loss":0}],"is_beta":false,"boss_relics":[{"not_picked":["Runic Dome","Empty Cage"],"picked":"Busted Crown"},{"not_picked":["SacredBark","Cursed Key"],"picked":"Black Star"}],"items_purged_floors":[10,20,25,36],"is_endless":false,"potions_floor_spawned":[5,7,12,14,18,21,24,31,35,48],"ascension_level":0}}