{"host":"4t0z2wyk4ymtbfy7","time":1613276266,"event":{"mods":["AchievementEnabler","BaseMod","Colored Map","Colored Powertips","DeckTracker","Keyboard Shortcuts","Marisa£¨Ùöéë¡¡Øª×âÞÞ£©","Minty Spire (QoL Compilation)","SuperFastMode"],"gold_per_floor":[113,125,55,71,82,116,135,135,135,153,153,182,182,215,215,310,360,380,400,400,415,340,365,365,365],"floor_reached":24,"language":"KOR","playtime":936,"items_purged":[],"score":333,"play_id":"c0375a12-d9be-475e-a084-26db0515c3ca","local_time":"20210214131746","is_ascension_mode":true,"campfire_choices":[{"floor":8,"key":"REST"},{"floor":13,"key":"REST"},{"floor":15,"key":"REST"}],"circlet_count":0,"master_deck":["Strike_G","Strike_G","Strike_G","Strike_G","Defend_G+1","Defend_G","Defend_G+1","Survivor","Quick Slash+1","Venomology+1","Blur+1","Backstab","Catalyst+1","Bouncing Flask","Footwork","Outmaneuver","Blur","Burst","Bullet Time","Leg Sweep","Deflect+1","Bouncing Flask+1","Noxious Fumes","Crippling Poison","Catalyst+1"],"relics":["Astrolabe","War Paint","Gremlin Horn","Question Card","Molten Egg 2","Ice Cream","Tiny House","Mummified Hand"],"acts_visited":["Exordium","TheCity"],"potions_floor_usage":[4,5,14,14,14,14,16,16,18,21,21,23,23],"damage_taken":[{"damage":2,"enemies":"Jaw Worm","floor":1,"turns":5},{"damage":0,"enemies":"Cultist","floor":2,"turns":3},{"damage":0,"enemies":"2 Louse","floor":4,"turns":2},{"damage":2,"enemies":"2 Fungi Beasts","floor":5,"turns":3},{"damage":45,"enemies":"Gremlin Nob","floor":6,"turns":5},{"damage":3,"enemies":"3 Louse","floor":7,"turns":3},{"damage":8,"enemies":"Blue Slaver","floor":10,"turns":2},{"damage":6,"enemies":"Lagavulin","floor":12,"turns":4},{"damage":26,"enemies":"Gremlin Nob","floor":14,"turns":5},{"damage":26,"enemies":"The Guardian","floor":16,"turns":8},{"damage":26,"enemies":"3 Byrds","floor":18,"turns":6},{"damage":25,"enemies":"Chosen","floor":19,"turns":7},{"damage":9,"enemies":"Snecko","floor":21,"turns":4},{"damage":20,"enemies":"Book of Stabbing","floor":23,"turns":7},{"damage":0,"enemies":"Chosen and Byrds","floor":24,"turns":1}],"seed_played":"-4653304365013935471","potions_obtained":[{"floor":1,"key":"FearPotion"},{"floor":6,"key":"Fire Potion"},{"floor":14,"key":"SkillPotion"},{"floor":19,"key":"PowerPotion"}],"is_trial":false,"path_per_floor":["M","M","$","M","M","E","M","R","T","M","?","E","R","E","R","B",null,"M","M","?","M","$","E","M"],"character_chosen":"THE_SILENT","items_purchased":["Bouncing Flask","Crippling Poison"],"campfire_rested":3,"item_purchase_floors":[3,22],"current_hp_per_floor":[61,61,61,61,59,14,11,32,32,24,24,18,39,13,34,8,60,34,9,9,22,22,2,2,2],"gold":365,"neow_bonus":"BOSS_RELIC","is_daily":false,"chose_seed":false,"campfire_upgraded":0,"win_rate":0.0,"timestamp":1613276266,"path_taken":["M","M","$","M","M","E","M","R","T","M","?","E","R","E","R","BOSS","M","?","?","?","$","E","M"],"items_purchased_type":["Card","Card"],"build_version":"2020-12-22","purchased_purges":0,"victory":false,"max_hp_per_floor":[70,70,70,70,70,70,70,70,70,70,70,70,70,70,70,70,75,75,75,75,75,75,75,75,75],"card_choices":[{"not_picked":["Dodge and Roll","Sucker Punch"],"picked":"Backstab","floor":1},{"not_picked":["Dagger Throw","Flying Knee"],"picked":"Catalyst","floor":2},{"not_picked":["Sucker Punch","Dagger Spray"],"picked":"Footwork","floor":4},{"not_picked":["Caltrops","Finisher","Dagger Spray"],"picked":"SKIP","floor":5},{"not_picked":["Reflex","Heel Hook"],"picked":"Outmaneuver","floor":6},{"not_picked":["After Image","Blade Dance"],"picked":"Blur","floor":7},{"not_picked":["Underhanded Strike","Flying Knee","PiercingWail"],"picked":"SKIP","floor":10},{"not_picked":["PiercingWail","Flying Knee+1","Accuracy"],"picked":"Burst","floor":12},{"not_picked":["Backflip","Predator+1","Flying Knee+1","Distraction"],"picked":"SKIP","floor":14},{"not_picked":["Storm of Steel","Tools of the Trade","Die Die Die+1"],"picked":"Bullet Time","floor":16},{"not_picked":["Deflect","Underhanded Strike+1","Flechettes+1"],"picked":"Leg Sweep","floor":17},{"not_picked":["Prepared","Backflip","Cloak And Dagger"],"picked":"Deflect+1","floor":18},{"not_picked":["Expertise","Choke+1","Well Laid Plans"],"picked":"Bouncing Flask+1","floor":19},{"not_picked":["Prepared","Backstab+1","Poisoned Stab+1"],"picked":"Noxious Fumes","floor":21},{"not_picked":["Sucker Punch+1","Acrobatics+1","Bullet Time"],"picked":"Catalyst+1","floor":23}],"player_experience":105169,"relics_obtained":[{"floor":6,"key":"War Paint"},{"floor":9,"key":"Gremlin Horn"},{"floor":12,"key":"Molten Egg 2"},{"floor":14,"key":"Ice Cream"},{"floor":23,"key":"Mummified Hand"}],"event_choices":[{"damage_healed":0,"gold_gain":0,"player_choice":"Gave Potion","damage_taken":0,"relics_obtained":["Question Card"],"max_hp_gain":0,"max_hp_loss":0,"event_name":"WeMeetAgain","floor":11,"gold_loss":0},{"cards_removed":["Defend_G"],"damage_healed":0,"gold_gain":0,"player_choice":"Purged","damage_taken":0,"max_hp_gain":0,"max_hp_loss":0,"event_name":"Purifier","floor":20,"gold_loss":0}],"is_beta":false,"boss_relics":[{"not_picked":["Fusion Hammer","WristBlade"],"picked":"Tiny House"}],"items_purged_floors":[],"is_endless":false,"potions_floor_spawned":[1,6,7,14,19],"killed_by":"Chosen and Byrds","ascension_level":8}}