{"host":"6wux4armhsntp4yb","time":1613300300,"event":{"mods":["BaseMod","Colored Map","DeckTracker","Minty Spire (QoL Compilation)","Relic Stats"],"gold_per_floor":[118,43,56,75,91,91,124,138,138,138,155,190,190,23,23,100,100,111,36,0,0],"floor_reached":20,"language":"JPN","playtime":1318,"items_purged":["Strike_G"],"score":368,"play_id":"edf3d032-f42f-43d3-a14f-f2545e0cff7c","local_time":"20210214195820","is_ascension_mode":true,"campfire_choices":[{"data":"Phantasmal Killer","floor":6.0,"key":"SMITH"},{"floor":10.0,"key":"REST"},{"data":"Well Laid Plans","floor":13,"key":"SMITH"},{"data":"Bullet Time","floor":15,"key":"SMITH"}],"circlet_count":0,"master_deck":["AscendersBane","Strike_G","Strike_G","Strike_G","Strike_G","Defend_G","Defend_G","Defend_G","Defend_G","Defend_G","Survivor","Neutralize","Phantasmal Killer+1","Well Laid Plans+1","Infinite Blades","Endless Agony","Quick Slash","Bullet Time+1","Crippling Poison","Infinite Blades","Dagger Throw","Reflex","Well Laid Plans","Tools of the Trade"],"relics":["Ring of the Snake","Lizard Tail","Torii","Bottled Flame","Cursed Key"],"acts_visited":["Exordium","TheCity"],"potions_floor_usage":[12,16],"damage_taken":[{"damage":1.0,"enemies":"Cultist","floor":1.0,"turns":3.0},{"damage":1.0,"enemies":"Small Slimes","floor":3.0,"turns":3.0},{"damage":0.0,"enemies":"Jaw Worm","floor":4.0,"turns":5.0},{"damage":3.0,"enemies":"Large Slime","floor":5.0,"turns":7.0},{"damage":26.0,"enemies":"Lagavulin","floor":7.0,"turns":8.0},{"damage":16.0,"enemies":"Lots of Slimes","floor":8.0,"turns":3.0},{"damage":11.0,"enemies":"Exordium Thugs","floor":11.0,"turns":5.0},{"damage":34,"enemies":"Gremlin Nob","floor":12,"turns":4},{"damage":25,"enemies":"The Guardian","floor":16,"turns":13},{"damage":24,"enemies":"3 Byrds","floor":18,"turns":5},{"damage":31,"enemies":"2 Thieves","floor":20,"turns":3}],"seed_played":"-4827609975255072789","potions_obtained":[{"floor":5.0,"key":"SkillPotion"},{"floor":7.0,"key":"Poison Potion"},{"floor":8.0,"key":"ColorlessPotion"},{"floor":11.0,"key":"Weak Potion"},{"floor":16,"key":"Ancient Potion"}],"is_trial":false,"path_per_floor":["M","$","M","M","M","R","E","M","T","R","M","E","R","$","R","B",null,"M","$","M"],"character_chosen":"THE_SILENT","items_purchased":["Infinite Blades","Reflex","Well Laid Plans"],"campfire_rested":1,"item_purchase_floors":[2,14,14],"current_hp_per_floor":[58,58,57,57,54,54,28,12,12,30,19,30,30,30,30,5,46,22,22,0,0],"gold":0,"neow_bonus":"THREE_RARE_CARDS","is_daily":false,"chose_seed":false,"campfire_upgraded":3,"win_rate":0.0,"timestamp":1613300300,"path_taken":["M","$","M","?","M","R","E","?","T","R","M","E","R","$","R","BOSS","M","$","M"],"items_purchased_type":["Card","Card","Card"],"build_version":"2020-12-22","purchased_purges":1,"victory":false,"max_hp_per_floor":[60,60,60,60,60,60,60,60,60,60,60,60,60,60,60,60,60,60,60,60,60],"relic_stats":{"Lizard Tail":30,"Torii":13,"counters":[11,59],"Cursed Key":0,"obtain_stats":[{"Lizard Tail":7,"Bottled Flame":12,"Torii":9,"Cursed Key":17,"Ring of the Snake":0},{"Lizard Tail":5,"Bottled Flame":8,"Torii":6,"Cursed Key":9,"Ring of the Snake":0},{"Lizard Tail":26,"Bottled Flame":38,"Torii":29,"Cursed Key":51,"Ring of the Snake":0}],"Ring of the Snake":[22]},"card_choices":[{"not_picked":["Glass Knife","Malaise"],"picked":"Phantasmal Killer","floor":0.0},{"not_picked":["Cloak And Dagger","Dagger Throw"],"picked":"Well Laid Plans","floor":1.0},{"not_picked":["Poisoned Stab","Dagger Throw"],"picked":"Endless Agony","floor":3.0},{"not_picked":["Catalyst","Underhanded Strike"],"picked":"Quick Slash","floor":4.0},{"not_picked":["PiercingWail","Acrobatics"],"picked":"Bullet Time","floor":5.0},{"not_picked":["Poisoned Stab","Leg Sweep"],"picked":"Crippling Poison","floor":7.0},{"not_picked":["Deadly Poison","Cloak And Dagger"],"picked":"Infinite Blades","floor":8.0},{"not_picked":["Poisoned Stab","Prepared","Bane"],"picked":"SKIP","floor":11.0},{"not_picked":["Setup","Backstab"],"picked":"Dagger Throw","floor":12},{"not_picked":["Die Die Die","Adrenaline"],"picked":"Tools of the Trade","floor":16},{"not_picked":["Flechettes","Flying Knee","Deflect"],"picked":"SKIP","floor":18}],"player_experience":5875779,"relics_obtained":[{"floor":7.0,"key":"Lizard Tail"},{"floor":9.0,"key":"Torii"},{"floor":12,"key":"Bottled Flame"}],"event_choices":[],"is_beta":false,"boss_relics":[{"not_picked":["SlaversCollar","Black Star"],"picked":"Cursed Key"}],"items_purged_floors":[19],"is_endless":false,"potions_floor_spawned":[5,7,8,11,16],"killed_by":"2 Thieves","ascension_level":20}}