{"host":"pbf6u3tyx46snqc7","time":1613329559,"event":{"mods":["AchievementEnabler","BaseMod","Colored Map","Minty Spire (QoL Compilation)","Rare Cards Sparkle","SuperFastMode"],"gold_per_floor":[117,117,117,132,149,179,191,191,273,198,198,98,173,218,218,315,315,328,328,328],"floor_reached":19,"language":"KOR","playtime":620,"items_purged":["Strike_R","Defend_R"],"score":248,"play_id":"3ba874a0-eef1-4eaf-aa5b-8fac8f128c0d","local_time":"20210215040559","is_ascension_mode":true,"campfire_choices":[{"data":"Entrench","floor":8,"key":"SMITH"},{"data":"Strike_R","floor":11,"key":"SMITH"},{"floor":15,"key":"REST"}],"circlet_count":0,"master_deck":["AscendersBane","Strike_R","Strike_R","Strike_R+1","Defend_R","Defend_R","Defend_R","Bash+1","Entrench+1"],"relics":["Burning Blood","Lizard Tail","Bronze Scales","SlaversCollar"],"acts_visited":["Exordium","TheCity"],"potions_floor_usage":[6,16,16],"damage_taken":[{"damage":15,"enemies":"Cultist","floor":1,"turns":5},{"damage":0,"enemies":"Small Slimes","floor":4,"turns":3},{"damage":5,"enemies":"2 Louse","floor":5,"turns":3},{"damage":40,"enemies":"Lagavulin","floor":6,"turns":6},{"damage":45,"enemies":"Exordium Wildlife","floor":7,"turns":9},{"damage":36,"enemies":"The Guardian","floor":16,"turns":14},{"damage":25,"enemies":"3 Byrds","floor":18,"turns":3},{"damage":47,"enemies":"Shell Parasite","floor":19,"turns":7}],"seed_played":"-5162445511996291438","potions_obtained":[{"floor":4,"key":"DuplicationPotion"},{"floor":6,"key":"BlessingOfTheForge"},{"floor":7,"key":"SkillPotion"}],"is_trial":false,"path_per_floor":["M","?","?","M","M","E","M","R","T","$","R","$","?","T","R","B",null,"M","M"],"character_chosen":"IRONCLAD","items_purchased":[],"campfire_rested":1,"item_purchase_floors":[],"current_hp_per_floor":[63,63,63,69,70,36,42,42,42,42,42,42,31,31,55,25,66,47,0,0],"gold":328,"neow_bonus":"REMOVE_CARD","is_daily":false,"chose_seed":false,"campfire_upgraded":2,"win_rate":0.0,"timestamp":1613329559,"path_taken":["M","?","?","?","M","E","M","R","T","$","R","$","?","?","R","BOSS","M","M"],"items_purchased_type":[],"build_version":"2020-12-22","purchased_purges":2,"victory":false,"max_hp_per_floor":[80,80,80,80,80,80,80,80,80,80,80,80,80,80,80,80,80,80,80,80],"card_choices":[{"not_picked":["Twin Strike","Havoc","Headbutt"],"picked":"SKIP","floor":1},{"not_picked":["Flame Barrier","Pommel Strike","Cleave"],"picked":"SKIP","floor":4},{"not_picked":["Thunderclap","Flex","Entrench"],"picked":"SKIP","floor":5},{"not_picked":["Thunderclap","Flex"],"picked":"Entrench","floor":5},{"not_picked":["Feel No Pain","Dark Embrace","Metallicize"],"picked":"SKIP","floor":6},{"not_picked":["Double Tap","Blood for Blood","Thunderclap"],"picked":"SKIP","floor":7},{"not_picked":["Burning Pact","True Grit","Iron Wave+1"],"picked":"SKIP","floor":18}],"player_experience":425303,"relics_obtained":[{"floor":6,"key":"Lizard Tail"},{"floor":14,"key":"Bronze Scales"}],"event_choices":[{"damage_healed":0,"gold_gain":0,"player_choice":"Ignored","damage_taken":0,"max_hp_gain":0,"max_hp_loss":0,"event_name":"Shining Light","floor":2,"gold_loss":0},{"damage_healed":0,"gold_gain":0,"player_choice":"Forge","damage_taken":0,"max_hp_gain":0,"max_hp_loss":0,"event_name":"Accursed Blacksmith","floor":3,"gold_loss":0,"cards_upgraded":["Bash"]},{"damage_healed":0,"gold_gain":75,"player_choice":"Gather Gold","damage_taken":11,"max_hp_gain":0,"max_hp_loss":0,"event_name":"World of Goop","floor":13,"gold_loss":0}],"is_beta":false,"boss_relics":[{"not_picked":["Black Star","Cursed Key"],"picked":"SlaversCollar"}],"items_purged_floors":[10,12],"is_endless":false,"potions_floor_spawned":[4,6,7],"killed_by":"Shell Parasite","ascension_level":10}}