{"host":"vyjryxuuuxkt43k4","time":1613305274,"event":{"mods":["AchievementEnabler","BaseMod","Colored Map","DeckTracker","Keyboard Shortcuts","Minty Spire (QoL Compilation)","Permanent Neow","Quick Restart","StSLib","SuperFastMode","everything is the same but u backflip on backflip"],"gold_per_floor":[113,113,132,147,167,167,192,192,238,23,47,58,58,92,92,178,178,194,207,226,235,244,287,287,287,296,296,296,296,296,10,10,92,164,190,190,90,90,102,102,139,139,139,158,33,33,61,91,91,91,91,91,91,34,74,74,74],"floor_reached":56,"language":"KOR","playtime":2058,"items_purged":["Injury","Masterful Stab","Dagger Spray"],"score":2014,"play_id":"48317455-79a4-4b99-8131-47c4bc321a8a","local_time":"20210214212114","is_ascension_mode":true,"campfire_choices":[{"floor":6.0,"key":"REST"},{"floor":13.0,"key":"REST"},{"data":"The Bomb","floor":15.0,"key":"SMITH"},{"floor":24.0,"key":"REST"},{"floor":27.0,"key":"REST"},{"floor":29.0,"key":"REST"},{"data":"Crippling Poison","floor":32.0,"key":"SMITH"},{"data":"Adrenaline","floor":40.0,"key":"SMITH"},{"floor":42.0,"key":"REST"},{"data":"Dash","floor":46.0,"key":"SMITH"},{"floor":49.0,"key":"RECALL"},{"data":"Predator","floor":53,"key":"SMITH"}],"circlet_count":0,"master_deck":["AscendersBane","Survivor+1","Neutralize+1","Eviscerate+1","Dash+1","Bouncing Flask","The Bomb+1","Crippling Poison+1","Adrenaline+1","Night Terror","Predator+1","Necronomicurse","Footwork+1","Corpse Explosion","Poisoned Stab","Predator","Phantasmal Killer","Cloak And Dagger","Heel Hook+1","Eviscerate","Crippling Poison","Crippling Poison"],"relics":["Snecko Eye","Matryoshka","HornCleat","Toy Ornithopter","Vajra","Bag of Marbles","CeramicFish","Cursed Key","Necronomicon","Juzu Bracelet","WingedGreaves","Omamori","Pandora\u0027s Box","Shuriken","Whetstone","Pen Nib","Oddly Smooth Stone","Prayer Wheel","Paper Crane"],"acts_visited":["TheCity","TheBeyond","TheEnding"],"potions_floor_usage":[56,56],"damage_taken":[{"damage":18.0,"enemies":"Jaw Worm","floor":1.0,"turns":7.0},{"damage":6.0,"enemies":"2 Louse","floor":3.0,"turns":2.0},{"damage":0.0,"enemies":"Cultist","floor":4.0,"turns":2.0},{"damage":4.0,"enemies":"Exordium Wildlife","floor":5.0,"turns":3.0},{"damage":5.0,"enemies":"3 Sentries","floor":7.0,"turns":7.0},{"damage":19.0,"enemies":"Large Slime","floor":12.0,"turns":4.0},{"damage":0.0,"enemies":"Gremlin Nob","floor":14.0,"turns":3.0},{"damage":1.0,"enemies":"Hexaghost","floor":16.0,"turns":8.0},{"damage":12.0,"enemies":"Shell Parasite","floor":18.0,"turns":4.0},{"damage":8.0,"enemies":"2 Thieves","floor":19.0,"turns":3.0},{"damage":16.0,"enemies":"Cultist and Chosen","floor":20.0,"turns":5.0},{"damage":14.0,"enemies":"Slavers","floor":23.0,"turns":4.0},{"damage":36.0,"enemies":"Automaton","floor":33.0,"turns":10.0},{"damage":0.0,"enemies":"3 Shapes","floor":35.0,"turns":2.0},{"damage":8.0,"enemies":"Orb Walker","floor":39.0,"turns":2.0},{"damage":13.0,"enemies":"Nemesis","floor":41.0,"turns":3.0},{"damage":0.0,"enemies":"Transient","floor":44.0,"turns":6.0},{"damage":0.0,"enemies":"Reptomancer","floor":47.0,"turns":2.0},{"damage":3.0,"enemies":"Giant Head","floor":48.0,"turns":6.0},{"damage":24.0,"enemies":"Time Eater","floor":50.0,"turns":9.0},{"damage":24,"enemies":"Donu and Deca","floor":51,"turns":4},{"damage":16,"enemies":"Shield and Spear","floor":55,"turns":3},{"damage":53,"enemies":"The Heart","floor":56,"turns":6}],"seed_played":"-2496512173111177578","potions_obtained":[{"floor":3.0,"key":"FearPotion"},{"floor":5.0,"key":"Weak Potion"},{"floor":19.0,"key":"Regen Potion"},{"floor":33.0,"key":"Ancient Potion"},{"floor":35.0,"key":"LiquidBronze"},{"floor":47.0,"key":"SmokeBomb"},{"floor":55,"key":"SteroidPotion"}],"is_trial":false,"path_per_floor":["M","?","M","M","M","R","E","?","T","$","T","M","R","E","R","B",null,"M","M","M","?","?","E","R","?","T","R","?","R","?","$","R","B",null,"M","?","$","T","M","R","E","R","T","M","$","R","E","E","R","B","B",null,"R","$","E","B"],"character_chosen":"THE_SILENT","items_purchased":["The Bomb","Omamori","FearPotion","Dexterity Potion"],"campfire_rested":6,"item_purchase_floors":[10,31,31,54],"current_hp_per_floor":[41,21,15,15,11,30,25,25,25,25,25,6,25,25,25,34,58,46,38,42,42,21,7,26,26,26,45,27,48,48,48,48,17,58,58,58,58,58,50,50,37,58,58,58,58,58,63,65,65,41,17,58,58,58,42,0,0],"gold":74,"neow_bonus":"BOSS_RELIC","is_daily":false,"chose_seed":false,"campfire_upgraded":5,"win_rate":0.0,"timestamp":1613305274,"path_taken":["M","?","M","M","M","R","E","?","T","$","?","M","R","E","R","BOSS","M","M","?","?","?","E","R","?","T","R","?","R","?","$","R","BOSS","M","?","$","?","M","R","E","R","T","M","$","R","E","E","R","BOSS","BOSS","R","$","E","BOSS"],"items_purchased_type":["Card","Relic","Potion","Potion"],"build_version":"2020-12-22","purchased_purges":3,"victory":false,"max_hp_per_floor":[66,66,66,66,66,66,66,66,66,66,66,66,66,66,66,66,66,66,66,66,66,66,66,66,66,66,66,71,71,71,71,71,71,71,71,71,71,71,71,71,71,71,71,71,71,71,71,71,71,71,71,71,71,71,71,71,71],"card_choices":[{"not_picked":["Poisoned Stab","Accuracy"],"picked":"Eviscerate","floor":1.0},{"not_picked":["Masterful Stab","Dodge and Roll"],"picked":"Dash","floor":3.0},{"not_picked":["Dagger Spray","Infinite Blades","Tactician"],"picked":"SKIP","floor":4.0},{"not_picked":["Dagger Spray","Poisoned Stab","Sucker Punch"],"picked":"SKIP","floor":5.0},{"not_picked":["Skewer","Tactician"],"picked":"Bouncing Flask","floor":7.0},{"not_picked":["Dodge and Roll","Sucker Punch"],"picked":"Crippling Poison","floor":12.0},{"not_picked":["PiercingWail","Poisoned Stab"],"picked":"Adrenaline","floor":14.0},{"not_picked":["Grand Finale","Storm of Steel"],"picked":"Night Terror","floor":16.0},{"not_picked":["Outmaneuver","Prepared","Cloak And Dagger"],"picked":"SKIP","floor":18.0},{"not_picked":["Cloak And Dagger+1","Masterful Stab","Flechettes"],"picked":"SKIP","floor":19.0},{"not_picked":["Flechettes","Dagger Spray","Bane+1"],"picked":"SKIP","floor":20.0},{"not_picked":["Heel Hook","Dodge and Roll"],"picked":"Footwork+1","floor":23.0},{"not_picked":["Storm of Steel","Phantasmal Killer"],"picked":"Corpse Explosion","floor":33.0},{"not_picked":["Backflip+1","Catalyst"],"picked":"Eviscerate","floor":35.0},{"not_picked":["Flying Knee","Dagger Spray","Deflect"],"picked":"SKIP","floor":39.0},{"not_picked":["Crippling Poison","Bane","Sucker Punch+1"],"picked":"SKIP","floor":41.0},{"not_picked":["Bane","Sucker Punch+1"],"picked":"Crippling Poison","floor":41.0},{"not_picked":["Acrobatics+1","Heel Hook+1","Cloak And Dagger"],"picked":"SKIP","floor":44.0},{"not_picked":["PiercingWail","Burst","Acrobatics"],"picked":"SKIP","floor":47.0},{"not_picked":["Prepared+1","Cloak And Dagger","Unload"],"picked":"SKIP","floor":48.0},{"not_picked":["PiercingWail","Skewer+1"],"picked":"Crippling Poison","floor":55}],"player_experience":980009,"relics_obtained":[{"floor":7.0,"key":"Matryoshka"},{"floor":9.0,"key":"HornCleat"},{"floor":9.0,"key":"Toy Ornithopter"},{"floor":11.0,"key":"Vajra"},{"floor":11.0,"key":"Bag of Marbles"},{"floor":14.0,"key":"CeramicFish"},{"floor":22.0,"key":"Necronomicon"},{"floor":23.0,"key":"Juzu Bracelet"},{"floor":26.0,"key":"WingedGreaves"},{"floor":38.0,"key":"Whetstone"},{"floor":41.0,"key":"Pen Nib"},{"floor":47.0,"key":"Oddly Smooth Stone"},{"floor":48.0,"key":"Prayer Wheel"},{"floor":55,"key":"Paper Crane"}],"event_choices":[{"damage_healed":0.0,"max_hp_gain":0.0,"max_hp_loss":0.0,"gold_gain":0.0,"event_name":"Shining Light","player_choice":"Entered Light","floor":2.0,"gold_loss":0.0,"damage_taken":20.0,"cards_upgraded":["Survivor","Eviscerate"]},{"cards_removed":["Strike_G"],"damage_healed":0.0,"max_hp_gain":0.0,"max_hp_loss":0.0,"gold_gain":0.0,"event_name":"Living Wall","player_choice":"Forget","floor":8.0,"gold_loss":0.0,"damage_taken":0.0},{"damage_healed":0.0,"max_hp_gain":0.0,"max_hp_loss":0.0,"gold_gain":0.0,"event_name":"The Library","player_choice":"Read","floor":21.0,"gold_loss":0.0,"damage_taken":0.0,"cards_obtained":["Predator"]},{"damage_healed":0.0,"max_hp_gain":0.0,"max_hp_loss":0.0,"gold_gain":0.0,"event_name":"Cursed Tome","player_choice":"Obtained Book","floor":22.0,"gold_loss":0.0,"damage_taken":21.0},{"cards_removed":["Strike_G"],"damage_healed":0.0,"max_hp_gain":0.0,"max_hp_loss":0.0,"gold_gain":0.0,"event_name":"Purifier","player_choice":"Purged","floor":25.0,"gold_loss":0.0,"damage_taken":0.0},{"damage_healed":0.0,"max_hp_gain":5.0,"max_hp_loss":0.0,"gold_gain":0.0,"event_name":"Forgotten Altar","player_choice":"Shed Blood","floor":28.0,"gold_loss":0.0,"damage_taken":23.0},{"damage_healed":0.0,"max_hp_gain":0.0,"max_hp_loss":0.0,"gold_gain":0.0,"event_name":"Vampires","player_choice":"Ignored","floor":30.0,"gold_loss":0.0,"damage_taken":0.0},{"cards_removed":["Distraction"],"damage_healed":0.0,"max_hp_gain":0.0,"max_hp_loss":0.0,"gold_gain":0.0,"event_name":"WeMeetAgain","player_choice":"Gave Card","floor":36.0,"gold_loss":0.0,"damage_taken":0.0,"relics_obtained":["Shuriken"]}],"is_beta":false,"boss_relics":[{"not_picked":["Busted Crown","Runic Pyramid"],"picked":"Cursed Key"},{"not_picked":["Fusion Hammer","HoveringKite"],"picked":"Pandora\u0027s Box"}],"items_purged_floors":[31,37,45],"is_endless":false,"potions_floor_spawned":[3,5,7,12,19,33,35,47,55],"killed_by":"The Heart","ascension_level":20}}