{"host":"4lch21uqe3ag08cj","time":1613268485,"event":{"mods":["AchievementEnabler","BaseMod","Block Reminder","Colored Map","Colored Powertips","Minty Spire (QoL Compilation)","Permanent Neow","Relic Stats"],"gold_per_floor":[115,11,22,38,38,65,80,80,80,80,127,151,151,199,199,332,332,361,34,68,104,54,106,106,106,106],"floor_reached":25,"language":"ENG","playtime":1172,"items_purged":["Strike_R"],"score":319,"play_id":"b092e845-fc46-4eeb-b906-4e6cd68f0451","local_time":"20210213230805","is_ascension_mode":true,"campfire_choices":[{"floor":13,"key":"REST"},{"data":"Inflame","floor":15,"key":"SMITH"},{"data":"Feed","floor":24,"key":"SMITH"}],"circlet_count":0,"master_deck":["Strike_R","Strike_R","Strike_R","Defend_R","Defend_R","Defend_R","Bash","Metallicize","Flame Barrier","Inflame+1","Shockwave","Pommel Strike","True Grit+1","Impervious+1","Dropkick","Sword Boomerang","Seeing Red+1","Feed+1","Twin Strike","Feel No Pain","Cleave","Feel No Pain","Whirlwind","Flex+1"],"relics":["Empty Cage","Vajra","Toxic Egg 2","CeramicFish","Golden Idol","Smiling Mask","Potion Belt","Coffee Dripper","Prayer Wheel","White Beast Statue"],"acts_visited":["Exordium","TheCity"],"potions_floor_usage":[6,14,21,23,25],"damage_taken":[{"damage":1.0,"enemies":"Cultist","floor":1.0,"turns":4.0},{"damage":3.0,"enemies":"Small Slimes","floor":3.0,"turns":5.0},{"damage":14.0,"enemies":"Jaw Worm","floor":4.0,"turns":4.0},{"damage":3,"enemies":"3 Sentries","floor":6,"turns":9},{"damage":2,"enemies":"Red Slaver","floor":7,"turns":5},{"damage":34,"enemies":"Gremlin Nob","floor":11,"turns":5},{"damage":9,"enemies":"Lots of Slimes","floor":12,"turns":6},{"damage":0,"enemies":"Lagavulin","floor":14,"turns":5},{"damage":20,"enemies":"Slime Boss","floor":16,"turns":11},{"damage":10,"enemies":"2 Thieves","floor":18,"turns":4},{"damage":0,"enemies":"Chosen","floor":20,"turns":3},{"damage":18,"enemies":"Snake Plant","floor":21,"turns":6},{"damage":39,"enemies":"Book of Stabbing","floor":23,"turns":6},{"damage":29,"enemies":"Slavers","floor":25,"turns":1}],"seed_played":"3420237229392625850","potions_obtained":[{"floor":3.0,"key":"Dexterity Potion"},{"floor":12,"key":"CultistPotion"},{"floor":16,"key":"SneckoOil"},{"floor":20,"key":"Fruit Juice"},{"floor":21,"key":"AttackPotion"}],"is_trial":false,"path_per_floor":["M","$","M","M","?","E","M","?","T","?","E","M","R","E","R","B",null,"M","$","M","M","$","E","R","E"],"character_chosen":"IRONCLAD","items_purchased":["Flame Barrier","Inflame","Feel No Pain","Prayer Wheel"],"campfire_rested":1,"item_purchase_floors":[2,2,19,19],"current_hp_per_floor":[79,79,76,62,44,41,39,65,65,65,31,22,44,44,44,24,74,67,67,70,55,55,19,19,0,0],"gold":106,"neow_bonus":"BOSS_RELIC","is_daily":false,"chose_seed":false,"campfire_upgraded":2,"win_rate":0.0,"timestamp":1613268485,"path_taken":["M","$","M","M","?","E","M","?","T","?","E","?","R","E","R","BOSS","M","$","M","M","$","E","R","E"],"items_purchased_type":["Card","Card","Card","Relic"],"build_version":"2020-12-22","purchased_purges":1,"victory":false,"max_hp_per_floor":[80,80,80,80,80,80,80,80,80,74,74,74,74,74,74,74,74,77,77,80,83,83,86,86,91,91],"relic_stats":{"counters":[14,74],"Golden Idol":66,"CeramicFish":90,"Prayer Wheel":2,"Smiling Mask":25,"obtain_stats":[{"Potion Belt":14,"Golden Idol":10,"CeramicFish":9,"Vajra":5,"Prayer Wheel":19,"Coffee Dripper":17,"Toxic Egg 2":6,"Empty Cage":0,"Smiling Mask":11,"Burning Blood":0,"White Beast Statue":23},{"Potion Belt":8,"Golden Idol":5,"CeramicFish":5,"Vajra":3,"Prayer Wheel":10,"Coffee Dripper":9,"Toxic Egg 2":4,"Empty Cage":0,"Smiling Mask":6,"Burning Blood":0,"White Beast Statue":13},{"Potion Belt":43,"Golden Idol":27,"CeramicFish":27,"Vajra":13,"Prayer Wheel":58,"Coffee Dripper":54,"Toxic Egg 2":22,"Empty Cage":0,"Smiling Mask":32,"Burning Blood":0,"White Beast Statue":73}]},"card_choices":[{"not_picked":["Wild Strike","Flex"],"picked":"Metallicize","floor":1.0},{"not_picked":["Havoc","Dark Embrace"],"picked":"Shockwave","floor":3.0},{"not_picked":["Anger","Havoc"],"picked":"Pommel Strike","floor":4.0},{"not_picked":["Havoc+1","Perfected Strike"],"picked":"True Grit+1","floor":6},{"not_picked":["Bloodletting+1","Twin Strike"],"picked":"Impervious+1","floor":7},{"not_picked":["Thunderclap","Havoc+1"],"picked":"Dropkick","floor":11},{"not_picked":["Heavy Blade","Clash"],"picked":"Sword Boomerang","floor":12},{"not_picked":["Intimidate+1","Perfected Strike"],"picked":"Seeing Red+1","floor":14},{"not_picked":["Demon Form","Offering+1"],"picked":"Feed","floor":16},{"not_picked":["Seeing Red+1","Dark Embrace"],"picked":"Twin Strike","floor":18},{"not_picked":["Clothesline+1","True Grit+1"],"picked":"Cleave","floor":20},{"not_picked":["Perfected Strike+1","Carnage+1","Pommel Strike+1"],"picked":"SKIP","floor":20},{"not_picked":["Anger","Clothesline+1"],"picked":"Feel No Pain","floor":21},{"not_picked":["Anger","Armaments+1"],"picked":"Whirlwind","floor":21},{"not_picked":["Carnage","Warcry+1"],"picked":"Flex+1","floor":23}],"player_experience":72643,"relics_obtained":[{"floor":6,"key":"Toxic Egg 2"},{"floor":9,"key":"CeramicFish"},{"floor":11,"key":"Smiling Mask"},{"floor":14,"key":"Potion Belt"},{"floor":23,"key":"White Beast Statue"}],"event_choices":[{"damage_healed":0.0,"max_hp_gain":0.0,"max_hp_loss":0.0,"gold_gain":0.0,"event_name":"Scrap Ooze","player_choice":"Success","floor":5.0,"gold_loss":0.0,"damage_taken":18.0,"relics_obtained":["Vajra"]},{"damage_healed":26,"gold_gain":0,"player_choice":"Banana","damage_taken":0,"max_hp_gain":0,"max_hp_loss":0,"event_name":"Big Fish","floor":8,"gold_loss":0},{"damage_healed":0,"gold_gain":0,"player_choice":"Lose Max HP","damage_taken":0,"relics_obtained":["Golden Idol"],"max_hp_gain":0,"max_hp_loss":6,"event_name":"Golden Idol","floor":10,"gold_loss":0}],"is_beta":false,"boss_relics":[{"not_picked":["Fusion Hammer","Philosopher\u0027s Stone"],"picked":"Coffee Dripper"}],"items_purged_floors":[22],"is_endless":false,"potions_floor_spawned":[3,12,16,20,21],"killed_by":"Slavers","ascension_level":4}}