{"host":"ffjrj7fisyni1ebk","time":1613306187,"event":{"mods":["2.2 Compatiblity","BaseMod","Bestiary","Colored Map","Colored Powertips","Curses Come First","Highlight Path","Keyboard Shortcuts","Minty Spire (QoL Compilation)","Relic Stats","Slay the Relics Exporter","StSLib","SuperFastMode"],"gold_per_floor":[113,125,75,0,0,36,36,36,36,60,78,78,91,45,45,45,45],"floor_reached":16,"language":"ENG","playtime":975,"items_purged":["Strike_P"],"score":100,"play_id":"77acd9e7-30f1-4d03-ba92-3b9375ca7347","local_time":"20210214143627","is_ascension_mode":false,"campfire_choices":[{"floor":7.0,"key":"REST"},{"floor":15.0,"key":"REST"}],"circlet_count":0,"master_deck":["Strike_P","Defend_P","Defend_P","Defend_P","Defend_P","Eruption","Vigilance","PathToVictory","FollowUp","Sanctity","Prostrate+1","JustLucky","Prostrate","ThirdEye"],"relics":["VioletLotus","Golden Idol","Bag of Preparation","Darkstone Periapt"],"acts_visited":["Exordium"],"potions_floor_usage":[16,16,16],"damage_taken":[{"damage":20.0,"enemies":"Small Slimes","floor":1.0,"turns":2.0},{"damage":0.0,"enemies":"2 Louse","floor":2.0,"turns":2.0},{"damage":50.0,"enemies":"3 Sentries","floor":6.0,"turns":17.0},{"damage":2.0,"enemies":"Cultist","floor":10.0,"turns":5.0},{"damage":7.0,"enemies":"Exordium Thugs","floor":11.0,"turns":6.0},{"damage":0.0,"enemies":"Blue Slaver","floor":13.0,"turns":4.0},{"damage":34,"enemies":"The Guardian","floor":16,"turns":13}],"seed_played":"-6729965124205448787","potions_obtained":[{"floor":6.0,"key":"EntropicBrew"},{"floor":11.0,"key":"Weak Potion"}],"is_trial":false,"path_per_floor":["M","M","?","$","?","E","R","?","T","M","M","?","M","$","R","B"],"character_chosen":"WATCHER","items_purchased":["ThirdEye"],"campfire_rested":2,"item_purchase_floors":[14],"current_hp_per_floor":[52,52,52,52,52,2,22,22,22,20,13,13,13,13,33,0,0],"gold":45,"neow_bonus":"BOSS_RELIC","is_daily":false,"chose_seed":false,"campfire_upgraded":0,"win_rate":0.0,"timestamp":1613306187,"path_taken":["M","M","?","$","?","E","R","?","T","M","M","?","M","$","R","BOSS"],"items_purchased_type":["Card"],"build_version":"2020-12-22","purchased_purges":1,"victory":false,"max_hp_per_floor":[72,72,72,72,67,67,67,67,67,67,67,67,67,67,67,67,67],"relic_stats":{"Darkstone Periapt":0,"counters":[7,49],"Golden Idol":19,"VioletLotus":[5],"Bag of Preparation":[8],"obtain_stats":[{"Darkstone Periapt":9,"Golden Idol":5,"VioletLotus":0,"Bag of Preparation":6,"PureWater":0},{"Darkstone Periapt":3,"Golden Idol":2,"VioletLotus":0,"Bag of Preparation":3,"PureWater":0},{"Darkstone Periapt":21,"Golden Idol":4,"VioletLotus":0,"Bag of Preparation":21,"PureWater":0}]},"card_choices":[{"not_picked":["FlurryOfBlows","EmptyFist"],"picked":"PathToVictory","floor":1.0},{"not_picked":["Adaptation","Perseverance"],"picked":"FollowUp","floor":2.0},{"not_picked":["Meditate","SignatureMove"],"picked":"Sanctity","floor":6.0},{"not_picked":["EmptyFist","FollowUp"],"picked":"Prostrate","floor":10.0},{"not_picked":["Establishment","FlyingSleeves"],"picked":"JustLucky","floor":11.0},{"not_picked":["EmptyFist","JustLucky"],"picked":"Prostrate","floor":13.0}],"player_experience":322691,"relics_obtained":[{"floor":6.0,"key":"Bag of Preparation"},{"floor":9.0,"key":"Darkstone Periapt"}],"event_choices":[{"cards_removed":["Strike_P"],"damage_healed":0.0,"max_hp_gain":0.0,"max_hp_loss":0.0,"gold_gain":0.0,"event_name":"The Cleric","player_choice":"Card Removal","floor":3.0,"gold_loss":50.0,"damage_taken":0.0},{"damage_healed":0.0,"max_hp_gain":0.0,"max_hp_loss":5.0,"gold_gain":0.0,"event_name":"Golden Idol","player_choice":"Lose Max HP","floor":5.0,"gold_loss":0.0,"damage_taken":0.0,"relics_obtained":["Golden Idol"]},{"cards_removed":["Strike_P"],"damage_healed":0.0,"max_hp_gain":0.0,"max_hp_loss":0.0,"gold_gain":0.0,"event_name":"Living Wall","player_choice":"Forget","floor":8.0,"gold_loss":0.0,"damage_taken":0.0},{"damage_healed":0.0,"max_hp_gain":0.0,"max_hp_loss":0.0,"gold_gain":0.0,"event_name":"Accursed Blacksmith","player_choice":"Forge","floor":12.0,"gold_loss":0.0,"damage_taken":0.0,"cards_upgraded":["Prostrate"]}],"is_beta":false,"boss_relics":[],"items_purged_floors":[4],"is_endless":false,"potions_floor_spawned":[6,11],"killed_by":"The Guardian","ascension_level":0}}