{"host":"rolltorest","time":1613279430,"event":{"mods":["BaseMod","Minty Spire (QoL Compilation)","Relic Stats","Slay the Relics Exporter","StSLib"],"gold_per_floor":[116,128,128,142,159,191,204,239,239,239,254,254,287,287,287,366,366,386,386,386,405,423,457,457,501,528,567,590,167,196,196,196,283,283,303,53,64,119,9,51,51,71,71,105,105,139,139,139],"floor_reached":47,"language":"ENG","playtime":2555,"items_purged":["Strike_P","Strike_P"],"score":1426,"play_id":"3f052df2-fde3-4b77-9141-3c90e31c2f78","local_time":"20210213211030","is_ascension_mode":true,"campfire_choices":[{"data":"Eruption","floor":10,"key":"SMITH"},{"data":"EmptyFist","floor":12,"key":"SMITH"},{"data":"Consecrate","floor":15,"key":"SMITH"},{"data":"Blasphemy","floor":24,"key":"SMITH"},{"data":"Meditate","floor":32,"key":"SMITH"},{"data":"Meditate","floor":41,"key":"SMITH"}],"circlet_count":0,"master_deck":["AscendersBane","Defend_P+1","Defend_P","Defend_P+1","Defend_P+1","Eruption+1","Vigilance+1","Consecrate+1","CutThroughFate+1","FollowUp","CutThroughFate","Nirvana","BowlingBash","Nirvana","EmptyFist+1","Tantrum","SpiritShield","FlurryOfBlows+1","Wallop","Blasphemy+1","Meditate+1","WheelKick","Vengeance","Weave","Meditate+1","EmptyMind","ThirdEye","SpiritShield","ThirdEye+1","LessonLearned+1","Worship","Prostrate","Weave+1","EmptyBody+1","TalkToTheHand+1","FlurryOfBlows"],"relics":["HolyWater","NeowsBlessing","Pear","Bag of Preparation","The Courier","StrikeDummy","MutagenicStrength","Damaru","CeramicFish","Orichalcum","Mango","TungstenRod","VioletLotus","Thread and Needle","Dream Catcher","Pantograph","Shovel"],"acts_visited":["Exordium","TheCity","TheBeyond"],"potions_floor_usage":[11,25,25,33,38,44,47,47],"damage_taken":[{"damage":0,"enemies":"Jaw Worm","floor":1,"turns":1},{"damage":0,"enemies":"Cultist","floor":2,"turns":1},{"damage":0,"enemies":"Small Slimes","floor":4,"turns":1},{"damage":0,"enemies":"3 Louse","floor":5,"turns":2},{"damage":16,"enemies":"Gremlin Nob","floor":6,"turns":3},{"damage":6,"enemies":"Looter","floor":7,"turns":4},{"damage":4,"enemies":"3 Sentries","floor":8,"turns":5},{"damage":0,"enemies":"Gremlin Gang","floor":11,"turns":2},{"damage":6,"enemies":"Lagavulin","floor":13,"turns":4},{"damage":0,"enemies":"Slime Boss","floor":16,"turns":4},{"damage":0,"enemies":"Chosen","floor":18,"turns":1},{"damage":0,"enemies":"2 Thieves","floor":21,"turns":3},{"damage":0,"enemies":"Centurion and Healer","floor":22,"turns":2},{"damage":0,"enemies":"Gremlin Leader","floor":23,"turns":3},{"damage":12,"enemies":"Book of Stabbing","floor":25,"turns":3},{"damage":0,"enemies":"Gremlin Leader","floor":27,"turns":5},{"damage":7,"enemies":"3 Cultists","floor":28,"turns":3},{"damage":0,"enemies":"Cultist and Chosen","floor":30,"turns":2},{"damage":14,"enemies":"Automaton","floor":33,"turns":8},{"damage":0,"enemies":"Orb Walker","floor":35,"turns":1},{"damage":0,"enemies":"3 Darklings","floor":37,"turns":2},{"damage":25,"enemies":"2 Orb Walkers","floor":38,"turns":3},{"damage":0,"enemies":"Nemesis","floor":40,"turns":7},{"damage":5,"enemies":"4 Shapes","floor":42,"turns":18},{"damage":18,"enemies":"Giant Head","floor":44,"turns":5},{"damage":0,"enemies":"Mind Bloom Boss Battle","floor":46,"turns":6},{"damage":64,"enemies":"Reptomancer","floor":47,"turns":4}],"seed_played":"4409582291524667527","potions_obtained":[{"floor":4,"key":"Fire Potion"},{"floor":6,"key":"LiquidBronze"},{"floor":8,"key":"EntropicBrew"},{"floor":11,"key":"Energy Potion"},{"floor":16,"key":"Strength Potion"},{"floor":33,"key":"SmokeBomb"},{"floor":37,"key":"SpeedPotion"},{"floor":42,"key":"Swift Potion"},{"floor":44,"key":"ColorlessPotion"}],"is_trial":false,"path_per_floor":["M","M","?","M","M","E","M","E","T","R","M","R","E","?","R","B",null,"M","?","?","M","M","E","R","E","T","E","M","$","M","?","R","B",null,"M","$","M","?","?","E","R","M","T","E","$","?","E"],"character_chosen":"WATCHER","items_purchased":["Meditate","EmptyMind","TungstenRod","LessonLearned","Worship"],"campfire_rested":0,"item_purchase_floors":[29,29,29,36,36],"current_hp_per_floor":[61,61,61,61,61,55,49,45,45,45,45,45,39,39,39,39,68,68,68,68,68,68,68,68,56,56,70,63,63,63,63,63,49,81,81,81,81,56,56,56,56,51,51,33,33,58,0,0],"gold":139,"neow_bonus":"THREE_ENEMY_KILL","is_daily":false,"chose_seed":false,"campfire_upgraded":6,"win_rate":0.0,"timestamp":1613279430,"path_taken":["M","M","?","M","M","E","M","E","T","R","?","R","E","?","R","BOSS","M","?","?","M","M","E","R","E","T","E","M","$","M","?","R","BOSS","M","$","?","?","?","E","R","?","T","E","$","?","E"],"items_purchased_type":["Card","Card","Relic","Card","Card"],"build_version":"2020-12-18","purchased_purges":2,"victory":false,"max_hp_per_floor":[68,68,68,68,68,78,78,78,78,78,78,78,78,78,78,78,78,78,78,78,78,78,78,78,78,78,92,92,92,92,92,92,92,92,92,92,92,92,92,92,92,92,92,92,92,92,92,92],"relic_stats":{"Dream Catcher":0,"Shovel":0,"counters":[27,103],"CeramicFish":135,"Pantograph":25,"VioletLotus":[18],"Bag of Preparation":[40],"Orichalcum":[30],"obtain_stats":[{"Pear":6,"NeowsBlessing":0,"CeramicFish":25,"Damaru":23,"Mango":27,"Thread and Needle":38,"The Courier":9,"Bag of Preparation":8,"Orichalcum":26,"Dream Catcher":40,"Shovel":46,"MutagenicStrength":19,"Pantograph":44,"HolyWater":17,"VioletLotus":34,"PureWater":0,"StrikeDummy":13,"TungstenRod":29},{"Pear":5,"NeowsBlessing":0,"CeramicFish":15,"Damaru":14,"Mango":16,"Thread and Needle":22,"The Courier":7,"Bag of Preparation":7,"Orichalcum":15,"Dream Catcher":23,"Shovel":26,"MutagenicStrength":11,"Pantograph":25,"HolyWater":10,"VioletLotus":19,"PureWater":0,"StrikeDummy":9,"TungstenRod":17},{"Pear":8,"NeowsBlessing":0,"CeramicFish":39,"Damaru":36,"Mango":44,"Thread and Needle":63,"The Courier":17,"Bag of Preparation":17,"Orichalcum":39,"Dream Catcher":70,"Shovel":99,"MutagenicStrength":28,"Pantograph":93,"HolyWater":27,"VioletLotus":57,"PureWater":0,"StrikeDummy":23,"TungstenRod":47}],"TungstenRod":13},"card_choices":[{"not_picked":["Crescendo","Vengeance"],"picked":"Consecrate","floor":1},{"not_picked":["Nirvana","Indignation"],"picked":"CutThroughFate","floor":2},{"not_picked":["SashWhip","Perseverance"],"picked":"FollowUp","floor":4},{"not_picked":["FollowUp","JustLucky"],"picked":"CutThroughFate","floor":5},{"not_picked":["SignatureMove","Devotion"],"picked":"Nirvana","floor":6},{"not_picked":["Evaluate","WreathOfFlame"],"picked":"BowlingBash","floor":7},{"not_picked":["FlyingSleeves","Prostrate"],"picked":"Nirvana","floor":8},{"not_picked":["Evaluate","PathToVictory"],"picked":"EmptyFist","floor":11},{"not_picked":["ClearTheMind","SashWhip"],"picked":"Tantrum","floor":13},{"not_picked":["DevaForm","Alpha"],"picked":"SpiritShield","floor":16},{"not_picked":["Halt","FollowUp"],"picked":"FlurryOfBlows","floor":18},{"not_picked":["PathToVictory","Consecrate"],"picked":"Wallop","floor":21},{"not_picked":["Crescendo","DeceiveReality+1"],"picked":"Blasphemy","floor":22},{"not_picked":["FlyingSleeves","FlurryOfBlows+1"],"picked":"Meditate","floor":23},{"not_picked":["DeceiveReality","DeusExMachina"],"picked":"WheelKick","floor":25},{"not_picked":["JustLucky","FlyingSleeves+1"],"picked":"Vengeance","floor":27},{"not_picked":["Indignation","FearNoEvil"],"picked":"Weave","floor":28},{"not_picked":["CrushJoints","InnerPeace"],"picked":"ThirdEye","floor":30},{"not_picked":["DeusExMachina","Wish"],"picked":"SpiritShield","floor":33},{"not_picked":["CrushJoints","PathToVictory"],"picked":"ThirdEye+1","floor":35},{"not_picked":["CarveReality+1","CrushJoints","FollowUp"],"picked":"SKIP","floor":37},{"not_picked":["BattleHymn+1","Sanctity"],"picked":"Prostrate","floor":38},{"not_picked":["CrushJoints","EmptyMind+1"],"picked":"Weave+1","floor":40},{"not_picked":["WindmillStrike","BowlingBash+1"],"picked":"EmptyBody+1","floor":42},{"not_picked":["WreathOfFlame","Wallop"],"picked":"TalkToTheHand+1","floor":44},{"not_picked":["Prostrate","EmptyFist+1"],"picked":"FlurryOfBlows","floor":46}],"player_experience":1979222,"relics_obtained":[{"floor":6,"key":"Pear"},{"floor":8,"key":"Bag of Preparation"},{"floor":9,"key":"The Courier"},{"floor":13,"key":"StrikeDummy"},{"floor":23,"key":"Damaru"},{"floor":25,"key":"CeramicFish"},{"floor":26,"key":"Orichalcum"},{"floor":27,"key":"Mango"},{"floor":38,"key":"Thread and Needle"},{"floor":40,"key":"Dream Catcher"},{"floor":44,"key":"Pantograph"},{"floor":46,"key":"Shovel"}],"event_choices":[{"cards_removed":["Strike_P"],"damage_healed":0,"gold_gain":0,"player_choice":"Card Removal","damage_taken":0,"max_hp_gain":0,"max_hp_loss":0,"event_name":"Wheel of Change","floor":3,"gold_loss":0},{"damage_healed":0,"gold_gain":0,"player_choice":"Grow","damage_taken":0,"max_hp_gain":0,"max_hp_loss":0,"event_name":"Living Wall","floor":14,"gold_loss":0,"cards_upgraded":["Vigilance"]},{"damage_healed":0,"gold_gain":0,"player_choice":"Inject Mutagens","damage_taken":0,"relics_obtained":["MutagenicStrength"],"max_hp_gain":0,"max_hp_loss":0,"event_name":"Drug Dealer","floor":19,"gold_loss":0},{"damage_healed":0,"gold_gain":0,"player_choice":"Ignored","damage_taken":0,"max_hp_gain":0,"max_hp_loss":0,"event_name":"Vampires","floor":20,"gold_loss":0},{"damage_healed":0,"gold_gain":0,"player_choice":"0 cards matched","damage_taken":0,"max_hp_gain":0,"max_hp_loss":0,"event_name":"Match and Keep!","floor":31,"gold_loss":0,"cards_obtained":[]},{"damage_healed":0,"gold_gain":0,"player_choice":"Fight","damage_taken":0,"max_hp_gain":0,"max_hp_loss":0,"event_name":"Mysterious Sphere","floor":38,"gold_loss":0},{"cards_removed":["Strike_P"],"damage_healed":0,"gold_gain":0,"player_choice":"Upgrade and Remove","damage_taken":0,"max_hp_gain":0,"max_hp_loss":0,"event_name":"Designer","floor":39,"gold_loss":110,"cards_upgraded":["Defend_P"]},{"damage_healed":0,"gold_gain":0,"player_choice":"Fight","damage_taken":0,"max_hp_gain":0,"max_hp_loss":0,"event_name":"MindBloom","floor":46,"gold_loss":0}],"is_beta":true,"boss_relics":[{"not_picked":["SacredBark","Tiny House"],"picked":"HolyWater"},{"not_picked":["Fusion Hammer","Pandora\u0027s Box"],"picked":"VioletLotus"}],"items_purged_floors":[29,36],"is_endless":false,"potions_floor_spawned":[4,6,8,11,16,21,23,27,30,33,37,42,44,46],"killed_by":"Reptomancer","ascension_level":20}}