{"host":"r0gwzuklarxkbv63","time":1613279262,"event":{"mods":["2.2 Compatiblity","AchievementEnabler","Act Like it!","AlwaysNeverKeys","Aspiration","BaseMod","Better Altar","Better Match","Better Note","Better Sensory Stone","Better Skull","Better Third Choice","BetterRewards","Block Reminder","Colored Map","Colored Powertips","Conspire","Curses Come First","Dark Map","Defuse TimeMaze Blight","Displayed Cursed Tome","Downfall","GifTheSpireLib","Halation","Hubris","Humility","Infinite Spire","Menagerie","Minty Spire (QoL Compilation)","Permanent Neow","Quick Restart","RNG Fix","Rare Cards Sparkle","RatMod","Relic Sorter","Relic Stats","Replay The Spire","Reworked Bosses","Shop Mod","Spikes Relics","StSLib","Stuff the Spire","SuperFastMode","The Blue Laboratory","The Sage","Uncapped","Unceasing Turn Reminder","UnlockEverythingMod","Username Fix","egg"],"gold_per_floor":[114,114,69,85,85,137,158,183,237,157,78,78,86,61,61,97,147,156,156,156,156,84,84,100,237,250,250,250,250,264,264,264,301,301,307,316,138,143,18,31,31,38,38,38,38],"floor_reached":44,"language":"ENG","playtime":1394,"items_purged":["Strike_B","Strike_B","Defend_B","Defend_B","Strike_B"],"score":1634,"play_id":"83f6e264-3f82-440d-982e-005039b29ef4","local_time":"20210213230742","is_ascension_mode":true,"campfire_choices":[{"data":"Menagerie:WallOfBlossoms","floor":12,"key":"SMITH"},{"data":"Menagerie:SteelWall","floor":15,"key":"SMITH"},{"floor":28,"key":"REST"},{"data":"StuffTheSpire:BrainWave","floor":32,"key":"SMITH"},{"floor":41,"key":"REST"}],"circlet_count":0,"master_deck":["AscendersBane","Strike_B","Defend_B+1","Defend_B","Zap","Dualcast","conspire:SharedLibrary","DiskWipe","DiskWipe","Creative AI","Creative AI","Time Bomb+1","Core Surge","hubris:EnhanceAbility","Meteor Strike","Meteor Strike","RefreshScreen","Storm+1","ReplayTheSpireMod:Private Reserves+1","Genetic Algorithm+1","Sunder+1","Cold Snap","Menagerie:WallOfBlossoms+1","Menagerie:SteelWall+1","Defragment+1","StuffTheSpire:ForEach","Defragment","Regret","StuffTheSpire:BrainWave+1","Biased Cognition","Decay","StuffTheSpire:Brawn","infinitespire:Oblivion","Self Repair","Storm","BootSequence","Redo+1"],"relics":["Cracked Core","halation:PinkSoulGem","hubris:BundleOfHerbs","Blue Doll","MerchantsRug","Ice Cream","SnailShell","Replay:Multitool","Chemical X","Quantum Egg","infinitespire:Lychee Nut","StuffTheSpire:Saxophone","aspiration:HatOfInfinitePower","Membership Card","Garlic","Nunchaku","Torii","halation:IllGainedPizza","TungstenRod","BargainBundle","Replay:Kaleidoscope","Boot","aspiration:TomeofQuesting","hubris:SlimyHat","War Paint","Menagerie:Aurumvore","Replay:Wanted Poster","RoseTintedShades","StuffTheSpire:Barrel","ReplayTheSpireMod:Lightbulb","ReplayTheSpireMod:SealedPack","Prayer Wheel","Cables","Replay:Baseball","StrikeDummy"],"acts_visited":["Menagerie:Menagerie","TheCity","TheBeyond"],"potions_floor_usage":[8,13,16,22,24,36,40,42],"damage_taken":[{"damage":0,"enemies":"Menagerie:2_RABBITS","floor":1,"turns":4},{"damage":0,"enemies":"Menagerie:MonstrousExperiment","floor":4,"turns":3},{"damage":5,"enemies":"Menagerie:VoidReaper","floor":6,"turns":4},{"damage":0,"enemies":"Menagerie:WhisperingWraith","floor":7,"turns":4},{"damage":0,"enemies":"Menagerie:3_RABBITS","floor":8,"turns":3},{"damage":0,"enemies":"Menagerie:MeltingSalamander","floor":13,"turns":2},{"damage":0,"enemies":"Menagerie:AVATARS","floor":16,"turns":13},{"damage":0,"enemies":"Chosen","floor":18,"turns":4},{"damage":13,"enemies":"2 Thieves","floor":22,"turns":4},{"damage":32,"enemies":"Slavers","floor":24,"turns":6},{"damage":0,"enemies":"Book of Stabbing","floor":30,"turns":3},{"damage":4,"enemies":"bossMod:newChamp","floor":33,"turns":7},{"damage":0,"enemies":"Orb Walker","floor":35,"turns":3},{"damage":29,"enemies":"3 Darklings","floor":36,"turns":4},{"damage":5,"enemies":"Writhing Mass","floor":38,"turns":3},{"damage":48,"enemies":"Nightmare","floor":40,"turns":5},{"damage":25,"enemies":"4 Shapes","floor":42,"turns":3},{"damage":43,"enemies":"Nemesis","floor":44,"turns":4}],"seed_played":"7241421118553243708","potions_obtained":[{"floor":8,"key":"blueLaboratory:TeslaPotion"},{"floor":13,"key":"Block Potion"},{"floor":22,"key":"blueLaboratory:HummingbirdPotion"},{"floor":35,"key":"Elixir"},{"floor":36,"key":"blueLaboratory:CorrosionFlask"}],"is_trial":false,"path_per_floor":["M","?","$","M","$","E","M","M","T","R","?","R","M","$","R","B",null,"M","?","$","?","M","R","E","?","T","?","R","?","E","?","R","B",null,"M","M","$","M","?","NM","R","M","T","E"],"character_chosen":"DEFECT","items_purchased":["Blue Doll","conspire:SharedLibrary","MerchantsRug","SnailShell","DiskWipe","Chemical X","Creative AI","Time Bomb+1","Core Surge","hubris:EnhanceAbility","Quantum Egg","PowerPotion","Meteor Strike","RefreshScreen","StuffTheSpire:Saxophone","Membership Card","Garlic","Nunchaku","Storm+1","halation:IllGainedPizza","ReplayTheSpireMod:Private Reserves+1","BargainBundle","Replay:Kaleidoscope","Boot","BlessingOfTheForge","Sunder","Defragment+1","Cables","blueLaboratory:TeslaPotion"],"campfire_rested":2,"item_purchase_floors":[0,0,0,0,0,0,0,0,0,0,0,0,0,0,0,0,0,0,0,0,0,0,0,0,0,3,14,37,37],"current_hp_per_floor":[53,41,41,46,46,47,53,53,53,53,53,53,53,53,53,53,53,53,53,53,53,43,53,21,21,21,21,36,36,42,53,53,53,53,53,37,37,44,44,17,32,20,20,0,0],"gold":38,"neow_bonus":"","is_daily":false,"chose_seed":false,"campfire_upgraded":3,"win_rate":0.0,"timestamp":1613279262,"path_taken":["M","?","$","?","$","E","?","M","T","R","?","R","M","?","R","BOSS","M","?","?","?","?","R","E","?","T","?","R","?","E","?","R","BOSS","M","M","$","M","?","NM","R","M","T","E"],"items_purchased_type":["Relic","Card","Relic","Relic","Card","Relic","Card","Card","Card","Card","Relic","Potion","Card","Card","Relic","Relic","Relic","Relic","Card","Relic","Card","Relic","Relic","Relic","Potion","Card","Card","Relic","Potion"],"build_version":"2020-12-22","purchased_purges":5,"victory":false,"max_hp_per_floor":[53,53,53,53,53,53,53,53,53,53,53,53,53,53,53,53,53,53,53,53,53,53,53,53,53,53,53,53,53,53,53,53,53,53,53,53,53,53,53,53,53,53,53,53,53],"relic_stats":{"Nunchaku":[6],"Torii":34,"counters":[46,188],"Prayer Wheel":4,"Chemical X":[1],"War Paint":["Defend_B","Genetic Algorithm"],"Boot":[32],"obtain_stats":[{"sagemod:Red_Beast_Statue":34,"Ice Cream":0,"StuffTheSpire:Barrel":26,"halation:Gekota":6,"CeramicFish":24,"Whetstone":0,"Boot":0,"Replay:Wanted Poster":17,"ZombieTooth":5,"Menagerie:Aurumvore":11,"Philosopher\u0027s Stone":17,"Prayer Wheel":35,"aspiration:DSix":0,"conspire:Dentures":13,"MerchantsRug":0,"conspire:TreasureMap":38,"hubris:SoftwareUpdate":14,"Dead Branch":0,"Counterbalance":0,"hubris:HollowSoul":17,"ReplayTheSpireMod:SealedPack":34,"Replay:Ancient Bell":34,"Replay:Kaleidoscope":0,"War Paint":9,"aspiration:FrozenJewel":26,"Cables":37,"Du-Vu Doll":0,"conspire:GiftBox":34,"Replay:Baseball":40,"Shuriken":41,"infinitespire:Lychee Nut":0,"aspiration:HatOfInfinitePower":0,"StrikeDummy":43,"Lantern":23,"SnailShell":0,"Torii":0,"Blue Doll":0,"aspiration:TomeofQuesting":2,"RoseTintedShades":24,"Replay:Multitool":0,"hubris:SlimyHat":6,"PrismaticShard":3,"Pet Ghost":9,"Replay:Rubber Ducky":0,"Nunchaku":0,"WingedGreaves":0,"halation:Toothbrush":31,"Chemical X":0,"Cracked Core":0,"BargainBundle":0,"Quantum Egg":0,"StuffTheSpire:Saxophone":0,"halation:IllGainedPizza":0,"hubris:Towel":6,"Peace Pipe":13,"halation:EternalFortune":21,"StuffTheSpire:CocoNut":0,"hubris:BundleOfHerbs":0,"SpikesRelics:DaevaFist":9,"Garlic":0,"Membership Card":0,"halation:PinkSoulGem":28,"ReplayTheSpireMod:Lightbulb":30,"halation:Trompette":0,"TungstenRod":0,"infinitespire:Freezer":26},{"sagemod:Red_Beast_Statue":26,"Ice Cream":28,"StuffTheSpire:Barrel":38,"halation:Gekota":2,"CeramicFish":10,"Whetstone":13,"Boot":28,"Replay:Wanted Poster":35,"ZombieTooth":15,"Menagerie:Aurumvore":33,"Philosopher\u0027s Stone":20,"Prayer Wheel":41,"aspiration:DSix":13,"conspire:Dentures":18,"MerchantsRug":28,"conspire:TreasureMap":27,"hubris:SoftwareUpdate":5,"Dead Branch":0,"Counterbalance":13,"hubris:HollowSoul":6,"ReplayTheSpireMod:SealedPack":40,"Replay:Ancient Bell":26,"Replay:Kaleidoscope":13,"War Paint":33,"aspiration:FrozenJewel":24,"Cables":42,"Du-Vu Doll":13,"conspire:GiftBox":26,"Replay:Baseball":44,"Shuriken":27,"infinitespire:Lychee Nut":28,"aspiration:HatOfInfinitePower":28,"StrikeDummy":45,"Lantern":23,"SnailShell":28,"Torii":28,"Blue Doll":28,"aspiration:TomeofQuesting":29,"RoseTintedShades":38,"Replay:Multitool":28,"hubris:SlimyHat":31,"PrismaticShard":1,"Pet Ghost":3,"Replay:Rubber Ducky":13,"Nunchaku":28,"WingedGreaves":13,"halation:Toothbrush":25,"Chemical X":28,"Cracked Core":0,"BargainBundle":28,"Quantum Egg":28,"StuffTheSpire:Saxophone":28,"halation:IllGainedPizza":28,"hubris:Towel":15,"Peace Pipe":5,"halation:EternalFortune":8,"StuffTheSpire:CocoNut":13,"hubris:BundleOfHerbs":28,"SpikesRelics:DaevaFist":15,"Garlic":28,"Membership Card":28,"halation:PinkSoulGem":12,"ReplayTheSpireMod:Lightbulb":39,"halation:Trompette":13,"TungstenRod":28,"infinitespire:Freezer":11},{"sagemod:Red_Beast_Statue":100,"Ice Cream":109,"StuffTheSpire:Barrel":156,"halation:Gekota":5,"CeramicFish":38,"Whetstone":52,"Boot":109,"Replay:Wanted Poster":142,"ZombieTooth":57,"Menagerie:Aurumvore":127,"Philosopher\u0027s Stone":77,"Prayer Wheel":168,"aspiration:DSix":52,"conspire:Dentures":65,"MerchantsRug":109,"conspire:TreasureMap":102,"hubris:SoftwareUpdate":15,"Dead Branch":0,"Counterbalance":52,"hubris:HollowSoul":19,"ReplayTheSpireMod:SealedPack":166,"Replay:Ancient Bell":100,"Replay:Kaleidoscope":52,"War Paint":127,"aspiration:FrozenJewel":88,"Cables":173,"Du-Vu Doll":52,"conspire:GiftBox":100,"Replay:Baseball":181,"Shuriken":102,"infinitespire:Lychee Nut":109,"aspiration:HatOfInfinitePower":109,"StrikeDummy":184,"Lantern":84,"SnailShell":109,"Torii":109,"Blue Doll":109,"aspiration:TomeofQuesting":113,"RoseTintedShades":156,"Replay:Multitool":109,"hubris:SlimyHat":120,"PrismaticShard":3,"Pet Ghost":8,"Replay:Rubber Ducky":52,"Nunchaku":109,"WingedGreaves":52,"halation:Toothbrush":92,"Chemical X":109,"Cracked Core":0,"BargainBundle":109,"Quantum Egg":109,"StuffTheSpire:Saxophone":109,"halation:IllGainedPizza":109,"hubris:Towel":57,"Peace Pipe":15,"halation:EternalFortune":29,"StuffTheSpire:CocoNut":52,"hubris:BundleOfHerbs":109,"SpikesRelics:DaevaFist":57,"Garlic":109,"Membership Card":109,"halation:PinkSoulGem":47,"ReplayTheSpireMod:Lightbulb":159,"halation:Trompette":52,"TungstenRod":109,"infinitespire:Freezer":44}],"TungstenRod":69,"Cables":[11,9,1,0,1]},"card_choices":[{"not_picked":["Cold Snap","Turbo"],"picked":"Genetic Algorithm","floor":1},{"not_picked":["Hello World","StuffTheSpire:CleanHardDrive","Coolheaded"],"picked":"SKIP","floor":4},{"not_picked":["Turbo","StuffTheSpire:GlassShard","StuffTheSpire:Rend"],"picked":"SKIP","floor":6},{"not_picked":["Cold Snap","Leap","Beam Cell"],"picked":"SKIP","floor":7},{"not_picked":["Leap","Beam Cell"],"picked":"Cold Snap","floor":7},{"not_picked":["Turbo","Chaos","Steam Power"],"picked":"SKIP","floor":8},{"not_picked":["Menagerie:Foresee","Menagerie:LightningHelix"],"picked":"Menagerie:WallOfBlossoms","floor":10},{"not_picked":["Menagerie:MirarisWake","Menagerie:WallOfBlossoms"],"picked":"Menagerie:SteelWall","floor":10},{"not_picked":["Ball Lightning","Turbo","Time Bomb"],"picked":"SKIP","floor":13},{"not_picked":["Machine Learning","ReplayTheSpireMod:Fabricate Wheel"],"picked":"StuffTheSpire:ForEach","floor":16},{"not_picked":["Stack","Rebound","Cold Snap"],"picked":"SKIP","floor":18},{"not_picked":["Turbo+1","Redo"],"picked":"Defragment","floor":22},{"not_picked":["Gash","ReplayTheSpireMod:Dual Polarity","Hologram"],"picked":"SKIP","floor":24},{"not_picked":["Streamline+1","Rebound","StuffTheSpire:Plugnplay"],"picked":"SKIP","floor":30},{"not_picked":["Hyperbeam","Mirror Shield"],"picked":"Biased Cognition","floor":33},{"not_picked":["StuffTheSpire:EventHorizon","All For One"],"picked":"ReplayTheSpireMod:Fabricate Wheel","floor":34},{"not_picked":["infinitespire:Punishment","infinitespire:FinalStrike"],"picked":"infinitespire:Oblivion","floor":34},{"not_picked":["Streamline+1","Hologram","Gash"],"picked":"SKIP","floor":35},{"not_picked":["DiskWipe+1","Turbo","Consume"],"picked":"SKIP","floor":35},{"not_picked":["Hyperbeam","Conserve Battery"],"picked":"Self Repair","floor":36},{"not_picked":["Darkness+1","Stack","Sweeping Beam"],"picked":"SKIP","floor":36},{"not_picked":["Beam Cell","Conserve Battery"],"picked":"Storm","floor":38},{"not_picked":["Consume","Cold Snap","Conserve Battery"],"picked":"SKIP","floor":38},{"not_picked":["DiskWipe+1","Barrage+1"],"picked":"BootSequence","floor":40},{"not_picked":["Heatsinks","conspire:SharedLibrary"],"picked":"Redo+1","floor":42},{"not_picked":["Cold Snap+1","Sweeping Beam","StuffTheSpire:Plugnplay"],"picked":"SKIP","floor":42}],"player_experience":2200,"relics_obtained":[{"floor":6,"key":"hubris:SlimyHat"},{"floor":9,"key":"War Paint"},{"floor":24,"key":"RoseTintedShades"},{"floor":26,"key":"StuffTheSpire:Barrel"},{"floor":30,"key":"ReplayTheSpireMod:Lightbulb"},{"floor":40,"key":"Replay:Baseball"},{"floor":43,"key":"StrikeDummy"}],"event_choices":[{"damage_healed":0,"gold_gain":0,"player_choice":"RE ","damage_taken":16,"relics_obtained":["aspiration:TomeofQuesting"],"max_hp_gain":0,"max_hp_loss":0,"event_name":"betterSkull:BetterSkull","floor":2,"gold_loss":0,"cards_upgraded":[]},{"damage_healed":0,"gold_gain":0,"player_choice":"Spells","damage_taken":0,"max_hp_gain":0,"max_hp_loss":0,"event_name":"Menagerie:MagicPeddler","floor":10,"gold_loss":80},{"damage_healed":0,"gold_gain":0,"player_choice":"Pacify","damage_taken":0,"relics_obtained":["Menagerie:Aurumvore"],"max_hp_gain":0,"max_hp_loss":0,"event_name":"Menagerie:ScentOfGold","floor":11,"gold_loss":0},{"damage_healed":0,"gold_gain":275,"player_choice":"Desecrate","damage_taken":0,"max_hp_gain":0,"max_hp_loss":0,"event_name":"Golden Shrine","floor":25,"gold_loss":0,"cards_obtained":["Regret"]},{"damage_healed":0,"gold_gain":0,"player_choice":"Ignored","damage_taken":0,"max_hp_gain":0,"max_hp_loss":0,"event_name":"Vampires","floor":29,"gold_loss":0},{"damage_healed":11,"gold_gain":0,"player_choice":"Full Heal","damage_taken":0,"max_hp_gain":0,"max_hp_loss":0,"event_name":"Wheel of Change","floor":31,"gold_loss":0},{"damage_healed":0,"gold_gain":0,"player_choice":"3","damage_taken":0,"max_hp_gain":0,"max_hp_loss":0,"event_name":"betterMatch:BetterMatch","floor":39,"gold_loss":0,"cards_obtained":[]}],"is_beta":false,"boss_relics":[{"not_picked":["Sandwich","aspiration:IroncladSkillbook"],"picked":"Replay:Wanted Poster"},{"not_picked":["halation:SmartPhone","Runic Dome"],"picked":"ReplayTheSpireMod:SealedPack"}],"items_purged_floors":[0,0,0,0,0],"is_endless":true,"potions_floor_spawned":[6,8,13,22,35,36,42],"killed_by":"Nemesis","ascension_level":20,"is_humility":true}}