{"host":"ljaiy5ygc2blx6r2","time":1613305038,"event":{"mods":["Act Like it!","Arknights","BaseMod","Better Vampires","Challenge The Spire","Colored Powertips","Conspire","HornydragonMod","Marisa（F雨　魔理沙）","Minty Spire (QoL Compilation)","Pale of the Ancients","Reimu（博丽灵梦）","Reliquary","Remilia（蕾米莉亚）","Replay The Spire","RumiaBox-露米娅的神秘盒子","SOS（斯巴达之子）","StSLib","TestMod","The Administrix","The Animator","The Bug Knight","The Cursed","The Gatherer","The IronCluck","The Runesmith","The Servant 0.9.4","UnlockEverythingMod","[IsaacMod]以撒尖塔","【功能Mod】聪明的最终Boss","【遗物卡牌】REMEMod","篝火指南"],"gold_per_floor":[109,120,120,130,130,130,187,221,221,221,221],"floor_reached":10,"language":"ZHS","playtime":563,"items_purged":[],"score":71,"play_id":"13a96f98-60ad-457c-861f-734c85f92c4c","local_time":"20210214201718","is_ascension_mode":true,"campfire_choices":[{"data":"DoctorFetus","floor":6,"key":"SMITH"}],"circlet_count":0,"master_deck":["ats:Strike C","ats:Strike G","ats:Strike S","ats:Strike V","ats:Armor Crushing Shot","ats:Defend","ats:Defend","ats:Defend","ats:Defend","ats:Emotion Absorption","DoctorFetus+1","ats:Rat Pack+1","ats:Hammer On","ats:Absolute Focus","ats:Hammer On","ats:Flexible Camouflage","ats:Apocalypse","ats:Ambush","ats:Assault Order"],"relics":["ats:Sanity","testmod-TestBox","HushsDoor","testmod-Prudence","D6","Baka","Ice Cream","ats:Originium","reliquary:Stiletto","reliquary:FerryPass"],"acts_visited":["Exordium"],"potions_floor_usage":[10],"damage_taken":[{"damage":5,"enemies":"Cultist","floor":1,"turns":4},{"damage":2,"enemies":"Small Slimes","floor":2,"turns":2},{"damage":1,"enemies":"Jaw Worm","floor":4,"turns":4},{"damage":20,"enemies":"conspire:2 RoseBushes","floor":7,"turns":5},{"damage":65,"enemies":"Lagavulin","floor":8,"turns":5},{"damage":19,"enemies":"HollowMod:MossKnight","floor":10,"turns":5}],"seed_played":"2938742216152018298","potions_obtained":[{"floor":2,"key":"Languid Potion"},{"floor":4,"key":"Elixir"}],"is_trial":false,"path_per_floor":["M","M","?","M","?","R","M","E","T","E"],"character_chosen":"DOCTOR_CLASS","items_purchased":[],"campfire_rested":0,"item_purchase_floors":[],"current_hp_per_floor":[67,65,65,64,64,64,52,6,6,0,0],"gold":221,"neow_bonus":"THREE_CARDS","is_daily":false,"chose_seed":false,"campfire_upgraded":1,"win_rate":0.0,"timestamp":1613305038,"path_taken":["M","?","?","M","?","R","?","E","T","E"],"items_purchased_type":[],"build_version":"2020-12-22","purchased_purges":0,"victory":false,"max_hp_per_floor":[72,72,72,72,72,72,72,72,72,72,72],"card_choices":[{"not_picked":[],"picked":"DoctorFetus","floor":0},{"not_picked":["ats:Rapid Magazine","ats:Guard Mode"],"picked":"ats:Hammer On","floor":0},{"not_picked":["ats:Guard Mode","ats:Serious Mode"],"picked":"ats:Absolute Focus","floor":1},{"not_picked":["ats:Composite Medical Shells","ats:Closed Bolt Burst Fire"],"picked":"ats:Flexible Camouflage","floor":2},{"not_picked":["ats:Closed Bolt Burst Fire","ats:Revitalization"],"picked":"ats:Apocalypse","floor":4},{"not_picked":["ats:Demon Strength","ats:Curse Doll"],"picked":"ats:Ambush","floor":7},{"not_picked":["Bomb","ats:Curse Doll"],"picked":"ats:Assault Order","floor":8}],"player_experience":214177,"relics_obtained":[{"floor":1,"key":"Baka"},{"floor":8,"key":"ats:Originium"},{"floor":8,"key":"reliquary:Stiletto"},{"floor":9,"key":"reliquary:FerryPass"}],"event_choices":[{"damage_healed":0,"gold_gain":0,"player_choice":"Upgraded","damage_taken":0,"max_hp_gain":0,"max_hp_loss":0,"event_name":"Upgrade Shrine","floor":3,"gold_loss":0,"cards_upgraded":["ats:Rat Pack"]},{"damage_healed":0,"gold_gain":0,"player_choice":"Swap Relic","damage_taken":0,"relics_obtained":["Ice Cream"],"max_hp_gain":0,"max_hp_loss":0,"event_name":"给自己的盒子","floor":5,"relics_lost":["REME_ComplimentaryCards"],"gold_loss":0}],"is_beta":false,"boss_relics":[],"items_purged_floors":[],"is_endless":false,"potions_floor_spawned":[2,4],"killed_by":"HollowMod:MossKnight","ascension_level":1}}