{"host":"vxxgntm1odai56nh","time":1613319844,"event":{"mods":["AchievementEnabler","BaseMod","Colored Map","Colored Powertips","Highlight Path","Minty Spire (QoL Compilation)","Permanent Neow","Rare Cards Sparkle","Relic Stats","StSLib"],"gold_per_floor":[110,122,122,17,27,57,57,90,90,104,104,119,119,119],"floor_reached":13,"language":"ENG","playtime":477,"items_purged":[],"score":114,"play_id":"e075f401-18b7-4f74-9a2b-56e862c60a79","local_time":"20210214112404","is_ascension_mode":true,"campfire_choices":[{"data":"Infinite Blades","floor":7,"key":"SMITH"},{"floor":11,"key":"REST"}],"circlet_count":0,"master_deck":["Strike_G","Strike_G","Strike_G","Strike_G","Strike_G","Defend_G","Defend_G","Defend_G","Defend_G","Defend_G","Survivor","Neutralize","Finesse","Infinite Blades+1","Blade Dance","Accuracy","Blade Dance","Noxious Fumes","Choke","Terror","Blade Dance"],"relics":["Ring of the Snake","Sundial","Blood Vial","Darkstone Periapt"],"acts_visited":["Exordium"],"potions_floor_usage":[6,10],"damage_taken":[{"damage":0,"enemies":"Cultist","floor":1,"turns":4},{"damage":0,"enemies":"Jaw Worm","floor":2,"turns":4},{"damage":0,"enemies":"Small Slimes","floor":5,"turns":3},{"damage":10,"enemies":"3 Sentries","floor":6,"turns":6},{"damage":18,"enemies":"Gremlin Nob","floor":8,"turns":3},{"damage":18,"enemies":"Gremlin Gang","floor":10,"turns":3},{"damage":21,"enemies":"Lots of Slimes","floor":12,"turns":4},{"damage":25,"enemies":"3 Sentries","floor":13,"turns":2}],"seed_played":"-6198549987290993083","potions_obtained":[{"floor":2,"key":"Energy Potion"},{"floor":8,"key":"Energy Potion"},{"floor":12,"key":"Dexterity Potion"}],"is_trial":false,"path_per_floor":["M","M","?","$","M","E","R","E","T","M","R","M","E"],"character_chosen":"THE_SILENT","items_purchased":["Accuracy","Blade Dance"],"campfire_rested":1,"item_purchase_floors":[4,4],"current_hp_per_floor":[70,70,63,63,63,53,53,35,35,19,40,21,0,0],"gold":119,"neow_bonus":"RANDOM_COLORLESS","is_daily":false,"chose_seed":false,"campfire_upgraded":1,"win_rate":0.0,"timestamp":1613319844,"path_taken":["M","?","?","?","M","E","R","E","T","M","R","M","E"],"items_purchased_type":["Card","Card"],"build_version":"2020-12-22","purchased_purges":0,"victory":false,"max_hp_per_floor":[70,70,70,70,70,70,70,70,70,70,70,70,70,70],"relic_stats":{"Blood Vial":6,"Darkstone Periapt":0,"counters":[8,29],"Sundial":[0],"obtain_stats":[{"Blood Vial":8,"Darkstone Periapt":9,"Sundial":6,"Ring of the Snake":0},{"Blood Vial":5,"Darkstone Periapt":5,"Sundial":4,"Ring of the Snake":0},{"Blood Vial":20,"Darkstone Periapt":20,"Sundial":17,"Ring of the Snake":0}],"Ring of the Snake":[16]},"card_choices":[{"not_picked":["Madness","Blind"],"picked":"Finesse","floor":0},{"not_picked":["Crippling Poison","Quick Slash"],"picked":"Infinite Blades","floor":1},{"not_picked":["Endless Agony","Finisher"],"picked":"Blade Dance","floor":2},{"not_picked":["PiercingWail","All Out Attack"],"picked":"Noxious Fumes","floor":5},{"not_picked":["Masterful Stab","Flying Knee"],"picked":"Choke","floor":6},{"not_picked":["Crippling Poison","Bouncing Flask"],"picked":"Terror","floor":8},{"not_picked":["Expertise","Choke"],"picked":"Blade Dance","floor":10},{"not_picked":["Bane","Underhanded Strike","Sucker Punch"],"picked":"SKIP","floor":12}],"player_experience":145003,"relics_obtained":[{"floor":6,"key":"Sundial"},{"floor":8,"key":"Blood Vial"},{"floor":9,"key":"Darkstone Periapt"}],"event_choices":[{"damage_healed":0,"gold_gain":0,"player_choice":"Damaged","damage_taken":7,"max_hp_gain":0,"max_hp_loss":0,"event_name":"Wheel of Change","floor":3,"gold_loss":0}],"is_beta":false,"boss_relics":[],"items_purged_floors":[],"is_endless":false,"potions_floor_spawned":[2,8,12],"killed_by":"3 Sentries","ascension_level":4}}