{"host":"k2mw1od0xoi9pcfj","time":1613276790,"event":{"mods":["AchievementEnabler","Act Like it!","Aspiration","BaseMod","Beaked The Cultist","Downfall","Energized Spire","Highlight Path","Minty Spire (QoL Compilation)","Permanent Neow","Relic Stats","Reliquary","Replay The Spire","Retaliation","StSLib"],"gold_per_floor":[118,130,130,248,273,273,273,273,322,322,338,359,403,416,416,416,416],"floor_reached":16,"language":"ENG","playtime":512,"items_purged":[],"score":102,"play_id":"6bfb2a2a-3ff0-4408-a351-5f6627d81e8d","local_time":"20210213222630","is_ascension_mode":false,"campfire_choices":[{"data":"Zap","floor":6,"key":"SMITH"},{"floor":8,"key":"REST"},{"floor":10,"key":"RECALL"},{"floor":15,"key":"DIG"}],"circlet_count":0,"master_deck":["Strike_B","Strike_B","Strike_B","Strike_B","Defend_B","Defend_B","Defend_B","Defend_B","Zap+1","Dualcast","Beam Cell","FTL","ReplayTheSpireMod:Calculation Training","Go for the Eyes","Conserve Battery","Heatsinks","FIFO Queue","Rebound"],"relics":["Cracked Core","Golden Idol","reliquary:SilkGlove","aspiration:ChemicalBlood","reliquary:RosewoodLute","Darkstone Periapt"],"acts_visited":["Exordium"],"potions_floor_usage":[13,13,16,16],"damage_taken":[{"damage":1,"enemies":"Cultist","floor":1,"turns":3},{"damage":1,"enemies":"2 Louse","floor":2,"turns":2},{"damage":0,"enemies":"Small Slimes","floor":5,"turns":3},{"damage":0,"enemies":"Exordium Wildlife","floor":11,"turns":2},{"damage":3,"enemies":"2 Fungi Beasts","floor":12,"turns":4},{"damage":30,"enemies":"3 Sentries","floor":13,"turns":11},{"damage":10,"enemies":"Looter","floor":14,"turns":3},{"damage":15,"enemies":"Hexaghost","floor":16,"turns":5}],"seed_played":"1248186870179465067","potions_obtained":[{"floor":1,"key":"sneckomod:MuddlingPotion"},{"floor":5,"key":"hexamod:SoulburnPotion"},{"floor":12,"key":"Adrenaline Potion"},{"floor":13,"key":"PowerPotion"}],"is_trial":false,"path_per_floor":["M","M","?","?","M","R","?","R","T","R","M","M","E","M","R","B"],"character_chosen":"DEFECT","items_purchased":[],"campfire_rested":1,"item_purchase_floors":[],"current_hp_per_floor":[74,73,55,37,37,37,34,56,56,56,56,53,23,13,13,0,0],"gold":416,"neow_bonus":"THREE_CARDS","is_daily":false,"chose_seed":false,"campfire_upgraded":1,"win_rate":0.0,"timestamp":1613276790,"path_taken":["M","?","?","?","M","R","?","R","T","R","M","M","E","M","R","BOSS"],"items_purchased_type":[],"build_version":"2020-12-22","purchased_purges":0,"victory":false,"max_hp_per_floor":[75,75,75,75,75,75,75,75,75,75,75,75,75,75,75,75,75],"relic_stats":{"Darkstone Periapt":0,"counters":[8,33],"Golden Idol":48,"obtain_stats":[{"Darkstone Periapt":15,"reliquary:SilkGlove":4,"Golden Idol":3,"reliquary:RosewoodLute":13,"Cracked Core":0,"aspiration:ChemicalBlood":7},{"Darkstone Periapt":7,"reliquary:SilkGlove":2,"Golden Idol":2,"reliquary:RosewoodLute":6,"Cracked Core":0,"aspiration:ChemicalBlood":3},{"Darkstone Periapt":28,"reliquary:SilkGlove":5,"Golden Idol":5,"reliquary:RosewoodLute":25,"Cracked Core":0,"aspiration:ChemicalBlood":8}]},"card_choices":[{"not_picked":["Coolheaded","Compile Driver"],"picked":"Beam Cell","floor":0},{"not_picked":["Double Energy","ReplayTheSpireMod:Reroute Power"],"picked":"FTL","floor":1},{"not_picked":["Storm","Hello World"],"picked":"ReplayTheSpireMod:Calculation Training","floor":2},{"not_picked":["Storm","Streamline"],"picked":"Go for the Eyes","floor":4},{"not_picked":["BasicCrystalCard","Auto Shields"],"picked":"Conserve Battery","floor":4},{"not_picked":["Hologram","Lockon","Stack"],"picked":"SKIP","floor":5},{"not_picked":["Fusion","Coolheaded"],"picked":"Heatsinks","floor":11},{"not_picked":["Tempest","Go for the Eyes"],"picked":"FIFO Queue","floor":12},{"not_picked":["Panic Button","Buffer"],"picked":"Rebound","floor":13},{"not_picked":["Redo","Rebound","Chill"],"picked":"SKIP","floor":14}],"player_experience":774590,"relics_obtained":[{"floor":4,"key":"reliquary:SilkGlove"},{"floor":13,"key":"reliquary:RosewoodLute"},{"floor":15,"key":"Darkstone Periapt"}],"event_choices":[{"damage_healed":0,"gold_gain":0,"player_choice":"Take Damage","damage_taken":18,"relics_obtained":["Golden Idol"],"max_hp_gain":0,"max_hp_loss":0,"event_name":"Golden Idol","floor":3,"gold_loss":0},{"damage_healed":0,"gold_gain":0,"player_choice":"Success","damage_taken":3,"relics_obtained":["aspiration:ChemicalBlood"],"max_hp_gain":0,"max_hp_loss":0,"event_name":"Scrap Ooze","floor":7,"gold_loss":0}],"is_beta":false,"boss_relics":[],"items_purged_floors":[],"is_endless":false,"potions_floor_spawned":[1,5,12],"killed_by":"Hexaghost","ascension_level":0}}