{"host":"8b9ba58w9pmbqmpe","time":1613273973,"event":{"mods":["BaseMod","Downfall","Minty Spire (QoL Compilation)","StSLib"],"gold_per_floor":[99,99,20,20,20,20,100,126,126,141,141,152,165,185,201,297,297,197,216,229,229,229,229,229,229,239,252,152,152,166,166,182,283,283,283,294,306,316,332,367,367,384,44,44,44,174,185,201,251,265,265,265,265],"floor_reached":51,"language":"ENG","playtime":4010,"items_purged":["bronze:Strike"],"score":553,"play_id":"97d13988-105b-4e7d-ac77-9ce217b46326","local_time":"20210214043933","is_ascension_mode":true,"campfire_choices":[{"floor":1,"key":"RECALL"},{"data":"bronze:ShipIt","floor":6,"key":"SMITH"},{"data":"bronze:BugBarrage","floor":9,"key":"SMITH"},{"data":"bronze:Library","floor":18,"key":"SMITH"},{"data":"bronze:MaxOutput","floor":23,"key":"SMITH"},{"data":"bronze:BuggyMess","floor":28,"key":"SMITH"},{"floor":35,"key":"REST"},{"floor":44,"key":"REST"}],"circlet_count":0,"master_deck":["bronze:Strike","bronze:Defend","bronze:Defend","bronze:Defend","bronze:Defend","bronze:Replicate","bronze:Goto","bronze:Overheat","bronze:Frontload","bronze:ShipIt+1","bronze:OilSpill","bronze:BugBarrage+1","bronze:BronzeOrb","bronze:MaxOutput+1","bronze:Constructor","bronze:ForceShield","bronze:Library+1","bronze:Separator","bronze:BuggyMess+1","bronze:Repair","bronze:InfiniteBeams+1","bronze:Branch","bronze:Shield+1","bronze:BugBarrage+1","bronze:Boost","bronze:BronzeOrb+1","bronze:BuggyMess+1","bronze:BugBarrage","bronze:Break","bronze:GetLatest+1","bronze:ItsAFeature","bronze:CloningBeam"],"relics":["bronze:BronzeCore","downfall:HeartsMalice","Letter Opener","Vajra","Busted Crown","downfall:HeartBlessingRed","downfall:HeartBlessingBlue","Art of War","Fusion Hammer","bronze:ProtectiveGoggles","Toxic Egg 2","Bag of Preparation","Blood Vial","Lizard Tail"],"acts_visited":["Exordium","TheCity","TheBeyond"],"potions_floor_usage":[13,16,16,16,29,33,38,38,40,42,51,51],"damage_taken":[{"damage":0,"enemies":"Cultist","floor":2,"turns":1},{"damage":0,"enemies":"downfall:FleeingMerchant","floor":3,"turns":1},{"damage":0,"enemies":"2 Louse","floor":5,"turns":1},{"damage":26,"enemies":"Lagavulin","floor":8,"turns":5},{"damage":8,"enemies":"Small Slimes","floor":10,"turns":2},{"damage":3,"enemies":"Exordium Wildlife","floor":12,"turns":3},{"damage":0,"enemies":"3 Louse","floor":13,"turns":3},{"damage":1,"enemies":"Blue Slaver","floor":14,"turns":2},{"damage":13,"enemies":"Exordium Thugs","floor":15,"turns":3},{"damage":15,"enemies":"IC_STATUS_ARCHETYPE","floor":16,"turns":5},{"damage":13,"enemies":"Shell Parasite","floor":19,"turns":3},{"damage":0,"enemies":"Chosen","floor":20,"turns":3},{"damage":5,"enemies":"Centurion and Healer","floor":26,"turns":4},{"damage":21,"enemies":"Snake Plant","floor":27,"turns":3},{"damage":0,"enemies":"Slavers","floor":29,"turns":1},{"damage":0,"enemies":"Snecko","floor":30,"turns":5},{"damage":6,"enemies":"Centurion and Healer","floor":32,"turns":4},{"damage":24,"enemies":"SI_MIRROR_ARCHETYPE","floor":33,"turns":8},{"damage":11,"enemies":"3 Shapes","floor":36,"turns":4},{"damage":5,"enemies":"3 Darklings","floor":37,"turns":4},{"damage":13,"enemies":"Jaw Worm Horde","floor":38,"turns":4},{"damage":0,"enemies":"Sphere and 2 Shapes","floor":39,"turns":3},{"damage":65,"enemies":"Nemesis","floor":40,"turns":7},{"damage":21,"enemies":"Spire Growth","floor":42,"turns":4},{"damage":0,"enemies":"downfall:FleeingMerchant","floor":43,"turns":4},{"damage":0,"enemies":"downfall:FleeingMerchant","floor":46,"turns":4},{"damage":4,"enemies":"4 Shapes","floor":47,"turns":4},{"damage":10,"enemies":"Jaw Worm Horde","floor":48,"turns":4},{"damage":10,"enemies":"Jaw Worm Horde","floor":49,"turns":4},{"damage":3,"enemies":"Sphere and 2 Shapes","floor":50,"turns":5},{"damage":110,"enemies":"WA_ARCHETYPE_DIVINITY","floor":51,"turns":11}],"seed_played":"5284134276988985112","potions_obtained":[{"floor":8,"key":"Energy Potion"},{"floor":10,"key":"ColorlessPotion"},{"floor":12,"key":"bronze:FreeFunctionsPotion"},{"floor":13,"key":"ColorlessPotion"},{"floor":16,"key":"Swift Potion"},{"floor":20,"key":"Weak Potion"},{"floor":21,"key":"CultistPotion"},{"floor":27,"key":"SmokeBomb"},{"floor":30,"key":"SpeedPotion"},{"floor":36,"key":"SteroidPotion"},{"floor":40,"key":"LiquidBronze"},{"floor":49,"key":"ColorlessPotion"},{"floor":50,"key":"FearPotion"}],"is_trial":false,"path_per_floor":["R","M","$","?","M","R","T","E","R","M","?","M","M","M","M","B",null,"R","M","M","?","?","R","T","?","M","M","R","E","M","T","M","B",null,"R","M","M","M","M","E","T","M","$","R","?","$","M","M","?","M","B"],"character_chosen":"THE_AUTOMATON","items_purchased":["bronze:ShipIt","Bag of Preparation","Blood Vial","bronze:BugBarrage","bronze:ItsAFeature","bronze:CloningBeam"],"campfire_rested":2,"item_purchase_floors":[3,43,43,43,46,46],"current_hp_per_floor":[70,70,70,70,70,70,70,44,44,36,41,38,38,37,24,9,75,75,62,62,62,48,48,48,80,75,54,64,71,71,71,72,55,90,90,81,83,77,77,19,19,5,12,39,39,48,53,45,37,43,0,0,0],"gold":265,"neow_bonus":"THREE_ENEMY_KILL","is_daily":false,"chose_seed":false,"campfire_upgraded":5,"win_rate":0.0,"timestamp":1613273973,"path_taken":["R","M","?","?","M","R","T","E","R","M","?","M","M","?","M","BOSS","R","M","M","?","?","R","T","?","M","?","R","E","M","?","M","BOSS","R","M","M","M","M","E","T","M","$","R","?","$","M","M","?","M","BOSS"],"items_purchased_type":["Card","Relic","Relic","Card","Card","Card"],"build_version":"2020-12-22","purchased_purges":1,"victory":false,"max_hp_per_floor":[70,70,70,70,70,70,70,70,70,70,75,75,75,75,75,75,75,75,75,75,75,80,80,80,80,80,80,90,90,90,90,90,90,90,90,90,90,90,90,90,90,90,90,90,90,90,90,90,90,90,90,90,90],"card_choices":[{"not_picked":["bronze:Deprecate","bronze:Return"],"picked":"bronze:Overheat","floor":2},{"not_picked":["bronze:Safeguard","bronze:Philosophize"],"picked":"bronze:Frontload","floor":3},{"not_picked":["bronze:ClassDefault","bronze:Return"],"picked":"bronze:OilSpill","floor":5},{"not_picked":["bronze:BuggyMess","bronze:Invalidate"],"picked":"bronze:BugBarrage","floor":8},{"not_picked":["bronze:Deprecate","bronze:OilSpill"],"picked":"bronze:BronzeOrb","floor":10},{"not_picked":["bronze:WildBeam","bronze:SpaghettiCode"],"picked":"bronze:MaxOutput","floor":12},{"not_picked":["bronze:BronzeArmor","bronze:BitShift"],"picked":"bronze:Constructor","floor":13},{"not_picked":["bronze:Shield","bronze:Overheat"],"picked":"bronze:ForceShield","floor":14},{"not_picked":["bronze:Flail","bronze:Fortify","bronze:Constructor"],"picked":"SKIP","floor":15},{"not_picked":["bronze:HyperBeam","bronze:Break"],"picked":"bronze:Library","floor":16},{"not_picked":[],"picked":"bronze:Separator","floor":19},{"not_picked":[],"picked":"bronze:BuggyMess","floor":20},{"not_picked":["bronze:Philosophize+1"],"picked":"SKIP","floor":26},{"not_picked":[],"picked":"bronze:Repair","floor":27},{"not_picked":[],"picked":"bronze:InfiniteBeams+1","floor":30},{"not_picked":[],"picked":"bronze:Branch","floor":32},{"not_picked":[],"picked":"bronze:Shield+1","floor":36},{"not_picked":[],"picked":"bronze:BugBarrage+1","floor":37},{"not_picked":[],"picked":"bronze:Boost","floor":38},{"not_picked":["bronze:Frontload"],"picked":"SKIP","floor":39},{"not_picked":["bronze:CutThrough+1"],"picked":"SKIP","floor":40},{"not_picked":[],"picked":"bronze:BronzeOrb+1","floor":42},{"not_picked":[],"picked":"bronze:BuggyMess+1","floor":43},{"not_picked":[],"picked":"bronze:GetLatest+1","floor":46},{"not_picked":["bronze:Backtrace+1"],"picked":"SKIP","floor":47},{"not_picked":["bronze:ForceShield+1"],"picked":"SKIP","floor":48},{"not_picked":["bronze:BitShift+1"],"picked":"SKIP","floor":50}],"player_experience":306326,"relics_obtained":[{"floor":7,"key":"Letter Opener"},{"floor":8,"key":"Vajra"},{"floor":31,"key":"Art of War"},{"floor":40,"key":"bronze:ProtectiveGoggles"},{"floor":41,"key":"Toxic Egg 2"},{"floor":49,"key":"Lizard Tail"}],"event_choices":[{"cards_removed":["bronze:Strike"],"damage_healed":0,"gold_gain":0,"player_choice":"Card Removal","damage_taken":0,"max_hp_gain":0,"max_hp_loss":0,"event_name":"The Cleric","floor":4,"gold_loss":0},{"damage_healed":0,"gold_gain":0,"player_choice":"Donut","damage_taken":0,"max_hp_gain":5,"max_hp_loss":0,"event_name":"Big Fish","floor":11,"gold_loss":0},{"damage_healed":32,"gold_gain":0,"player_choice":"Full Heal","damage_taken":0,"max_hp_gain":0,"max_hp_loss":0,"event_name":"Wheel of Change","floor":25,"gold_loss":0}],"is_beta":false,"boss_relics":[{"not_picked":["Black Star","Pandora\u0027s Box"],"picked":"Busted Crown"},{"not_picked":["SacredBark","Empty Cage"],"picked":"Fusion Hammer"}],"items_purged_floors":[46],"is_endless":false,"potions_floor_spawned":[8,10,12,13,16,20,27,29,30,36,40,42,49,50],"killed_by":"WA_ARCHETYPE_DIVINITY","ascension_level":1}}