{"host":"w7pthw6r6331n954","time":1613342156,"event":{"mods":["AchievementEnabler","Act Like it!","BaseMod","BetterRewards","Colored Map","Colored Powertips","Custom Start","Downfall","Hallownest","Hermit","Jorbs\u0027s Wanderer Trilogy","Minty Spire (QoL Compilation)","Replay The Spire","Shop Mod","StSLib","SuperFastMode"],"gold_per_floor":[114,123,134,57,57,57,57,57,82,0,16,35,66,86,86,217,217,238,263,263,30,30,30,30,30,78,97,116,116,116],"floor_reached":29,"language":"ENG","playtime":2647,"items_purged":[],"score":404,"play_id":"99354544-5b22-418e-b3c2-089af3e8c0a4","local_time":"20210214173556","is_ascension_mode":true,"campfire_choices":[{"floor":6,"key":"RECALL"},{"floor":15,"key":"REST"},{"floor":23,"key":"REST"},{"floor":25,"key":"REST"}],"circlet_count":0,"master_deck":["Strike_B","Strike_B","Strike_B","Defend_B","Defend_B","Defend_B","Defend_B","Zap","Dualcast+1","ReplayGash","Crystallizer","Rebound","Ball Lightning","Go for the Eyes","Ball Lightning+1","Injury","Dark Shackles","Streamline","Steam","Steam Power","Chill","Fission","Genetic Algorithm","Sweeping Beam+1","Sunder","Melter","Shame"],"relics":["Cracked Core","MerchantsRug","Golden Idol","Replay:Wax Seal","FossilizedHelix","SacredBark","Membership Card","Singing Bowl","Replay:Baseball"],"acts_visited":["Exordium","TheCity"],"potions_floor_usage":[19,28],"damage_taken":[{"damage":3,"enemies":"Small Slimes","floor":1,"turns":3},{"damage":0,"enemies":"2 Louse","floor":3,"turns":2},{"damage":0,"enemies":"Jaw Worm","floor":11,"turns":2},{"damage":8,"enemies":"Looter","floor":12,"turns":3},{"damage":28,"enemies":"Lagavulin","floor":13,"turns":5},{"damage":0,"enemies":"3 Louse","floor":14,"turns":2},{"damage":33,"enemies":"The Guardian","floor":16,"turns":11},{"damage":1,"enemies":"3 Byrds","floor":18,"turns":5},{"damage":38,"enemies":"2 Thieves","floor":19,"turns":5},{"damage":24,"enemies":"Snake Plant","floor":27,"turns":3},{"damage":28,"enemies":"Snecko","floor":28,"turns":6},{"damage":20,"enemies":"Cultist and Chosen","floor":29,"turns":6}],"seed_played":"9168377256057245640","potions_obtained":[{"floor":11,"key":"PotionOfCapacity"},{"floor":13,"key":"Weak Potion"},{"floor":14,"key":"SkillPotion"}],"is_trial":false,"path_per_floor":["M","$","M","$","?","R","?","?","T","$","M","M","E","M","R","B",null,"M","M","?","$","?","R","T","R","T","M","M","M"],"character_chosen":"DEFECT","items_purchased":["MerchantsRug","Potion Belt","ReplayGash","Ball Lightning","Go for the Eyes","Dark Shackles","Membership Card","Sunder","Melter"],"campfire_rested":3,"item_purchase_floors":[0,0,0,4,4,10,21,21,21],"current_hp_per_floor":[61,61,61,61,61,61,61,61,61,61,61,53,25,25,47,14,60,59,21,21,21,21,43,43,65,65,43,17,0,0],"gold":116,"neow_bonus":"","is_daily":false,"chose_seed":false,"campfire_upgraded":0,"win_rate":0.0,"timestamp":1613342156,"path_taken":["M","$","M","$","?","R","?","?","T","?","M","M","E","M","R","BOSS","M","M","?","$","?","R","?","R","T","M","M","M"],"items_purchased_type":["Relic","Relic","Card","Card","Card","Card","Relic","Card","Card"],"build_version":"2020-12-22","purchased_purges":0,"victory":false,"max_hp_per_floor":[75,75,75,75,75,75,75,75,75,75,75,75,75,75,75,75,75,75,75,75,75,75,75,75,75,75,77,79,79,79],"card_choices":[{"not_picked":["Recycle","Hologram"],"picked":"Crystallizer","floor":1},{"not_picked":["Cold Snap","Consume"],"picked":"Rebound","floor":3},{"not_picked":["BasicCrystalCard","Redo"],"picked":"Streamline","floor":11},{"not_picked":["Panic Button","Static Discharge"],"picked":"Steam","floor":12},{"not_picked":["Chaos","BasicCrystalCard"],"picked":"Steam Power","floor":13},{"not_picked":["Time Bomb","ReplayGash"],"picked":"Chill","floor":14},{"not_picked":["Hyperbeam","Machine Learning"],"picked":"Fission","floor":16},{"not_picked":["Stack+1","Ball Lightning"],"picked":"Genetic Algorithm","floor":18},{"not_picked":["Leap","Redo"],"picked":"Sweeping Beam+1","floor":19},{"not_picked":["Go for the Eyes","Cold Snap","Force Field+1"],"picked":"Singing Bowl","floor":27},{"not_picked":["Barrage","ReplayTheSpireMod:Repulse+1","Rebound"],"picked":"Singing Bowl","floor":28}],"player_experience":1250048,"relics_obtained":[{"floor":9,"key":"Replay:Wax Seal"},{"floor":13,"key":"FossilizedHelix"},{"floor":26,"key":"Replay:Baseball"}],"event_choices":[{"damage_healed":0,"gold_gain":0,"player_choice":"Take Wound","damage_taken":0,"relics_obtained":["Golden Idol"],"max_hp_gain":0,"max_hp_loss":0,"event_name":"Golden Idol","floor":7,"gold_loss":0,"cards_obtained":["Injury"]},{"damage_healed":0,"gold_gain":0,"player_choice":"Ignored","damage_taken":0,"max_hp_gain":0,"max_hp_loss":0,"event_name":"Vampires","floor":20,"gold_loss":0},{"damage_healed":0,"gold_gain":0,"player_choice":"Stole Relic","damage_taken":0,"relics_obtained":["Singing Bowl"],"max_hp_gain":0,"max_hp_loss":0,"event_name":"Addict","floor":22,"gold_loss":0,"cards_obtained":["Shame"]}],"is_beta":false,"boss_relics":[{"not_picked":["Replay:Drink Me","Replay:Wanted Poster"],"picked":"SacredBark"}],"items_purged_floors":[],"is_endless":false,"potions_floor_spawned":[11,13,14],"killed_by":"Cultist and Chosen","ascension_level":5}}