{"host":"a5csdf9n4csbv6sp","time":1613295375,"event":{"mods":["BaseMod","Minty Spire (QoL Compilation)","Permanent Neow","Relic Stats"],"gold_per_floor":[115,115,125,145,162,162,162,162,162,162,162],"floor_reached":10,"language":"ENG","playtime":399,"items_purged":[],"score":116,"play_id":"f6013049-89e9-4cec-9621-3973fef91757","local_time":"20210214163615","is_ascension_mode":true,"campfire_choices":[{"data":"Force Field","floor":6,"key":"SMITH"},{"data":"Cold Snap","floor":8,"key":"SMITH"}],"circlet_count":0,"master_deck":["AscendersBane","Strike_B","Strike_B","Strike_B","Defend_B","Defend_B","Defend_B","Defend_B","Zap","Dualcast","Cold Snap+1","Force Field+1","Pain"],"relics":["Snecko Eye","WarpedTongs","Art of War"],"acts_visited":["Exordium"],"potions_floor_usage":[5],"damage_taken":[{"damage":10,"enemies":"Small Slimes","floor":1,"turns":3},{"damage":0,"enemies":"Cultist","floor":3,"turns":4},{"damage":10,"enemies":"Jaw Worm","floor":4,"turns":5},{"damage":9,"enemies":"Exordium Wildlife","floor":5,"turns":8},{"damage":30,"enemies":"Lagavulin","floor":10,"turns":8}],"seed_played":"1962998982752563871","potions_obtained":[{"floor":4,"key":"SkillPotion"}],"is_trial":false,"path_per_floor":["M","?","M","M","M","R","?","R","T","E"],"character_chosen":"DEFECT","items_purchased":[],"campfire_rested":0,"item_purchase_floors":[],"current_hp_per_floor":[54,47,47,37,28,28,28,28,28,0,0],"gold":162,"neow_bonus":"BOSS_RELIC","is_daily":false,"chose_seed":false,"campfire_upgraded":2,"win_rate":0.0,"timestamp":1613295375,"path_taken":["M","?","M","M","M","R","?","R","T","E"],"items_purchased_type":[],"build_version":"2020-12-22","purchased_purges":0,"victory":false,"max_hp_per_floor":[71,71,71,71,71,71,71,71,71,71,71],"relic_stats":{"counters":[5,28],"Snecko Eye":[44,34,49,59],"Art of War":[5],"obtain_stats":[{"Snecko Eye":0,"Art of War":9,"Cracked Core":0,"WarpedTongs":7},{"Snecko Eye":0,"Art of War":4,"Cracked Core":0,"WarpedTongs":4},{"Snecko Eye":0,"Art of War":20,"Cracked Core":0,"WarpedTongs":20}],"WarpedTongs":[8]},"card_choices":[{"not_picked":["Turbo","Conserve Battery"],"picked":"Cold Snap","floor":1},{"not_picked":["Redo","Static Discharge","Coolheaded"],"picked":"SKIP","floor":3},{"not_picked":["Tempest","Go for the Eyes","Rebound"],"picked":"SKIP","floor":4},{"not_picked":["White Noise","Sweeping Beam"],"picked":"Force Field","floor":5}],"player_experience":1885579,"relics_obtained":[{"floor":9,"key":"Art of War"}],"event_choices":[{"cards_removed":["Strike_B"],"damage_healed":0,"gold_gain":0,"player_choice":"Card Removal","damage_taken":7,"max_hp_gain":0,"max_hp_loss":0,"event_name":"Golden Wing","floor":2,"gold_loss":0},{"damage_healed":0,"gold_gain":0,"player_choice":"Rummage","damage_taken":0,"relics_obtained":["WarpedTongs"],"max_hp_gain":0,"max_hp_loss":0,"event_name":"Accursed Blacksmith","floor":7,"gold_loss":0,"cards_obtained":["Pain"]}],"is_beta":false,"boss_relics":[],"items_purged_floors":[],"is_endless":false,"potions_floor_spawned":[4],"killed_by":"Lagavulin","ascension_level":20}}