{"host":"k1qq3tnzhl68zvao","time":1613273078,"event":{"mods":["ATMod(阿瑾Mod)","AchievementEnabler","BaseMod","Colored Powertips","Conspire","DeckTracker","Downfall","Energized Spire","GifTheSpireLib","Minty Spire (QoL Compilation)","Quick Restart","Relic Filter Mod","Replay The Spire","Spicy Shops","StSLib","【遗物卡牌】REMEMod"],"gold_per_floor":[111,126,136,136,147,147,172,247,328,341,371,386,396,431,431,507,507,518,312,332,332,332,367,367,392,392,392,33,33,66,81,81,156,156,169,169,220,239,249,280,280,311,335,335,335,20,45,56,56,56],"floor_reached":51,"language":"ZHS","playtime":3412,"items_purged":["conspire:GhostlyStrike"],"score":1648,"play_id":"b53852e3-abb0-4a60-a74a-4c18e58db02e","local_time":"20210214112438","is_ascension_mode":true,"campfire_choices":[{"data":"expansioncontent:QuickStudy","floor":6.0,"key":"SMITH"},{"data":"AT_FamilyPortrait","floor":15.0,"key":"SMITH"},{"data":"Armaments","floor":24.0,"key":"SMITH"},{"data":"True Grit","floor":27.0,"key":"SMITH"},{"data":"Flex","floor":29.0,"key":"SMITH"},{"floor":32.0,"key":"DIG"},{"data":"AT_ShrugMaster","floor":44,"key":"SMITH"},{"data":"Rupture","floor":49,"key":"SMITH"}],"circlet_count":0,"master_deck":["AscendersBane","conspire:GhostlyStrike+1","conspire:GhostlyStrike+1","conspire:GhostlyDefend","Bash","AT_FamilyPortrait+1","expansioncontent:QuickStudy+1","True Grit+1","AT_BodySlamDance+1","Whirlwind","Shockwave+1","Berserk","Combust","Offering","Armaments+1","Battle Trance","Flex+1","Offering","Trip","Replay:Sssssssssstrike","Rupture+1","AT_ShrugMaster+1","Finesse","Bloodletting","Finesse","REME_BattleFury","Secret Technique","Writhe","AT_CelerityRune+1","Pain","Dual Wield","Replay:Sssssssssshield"],"relics":["Burning Blood","AT_ATBox","REME_ComplimentaryCards","Du-Vu Doll","Mango","Pantograph","War Paint","ReplayFunnel","energizedSpire:DeadBattery","conspire:DecoderRing","Replay:Kaleidoscope","Juzu Bracelet","Replay:PocketPolymizer","Membership Card","ReplayTheSpireMod:TigerMarble","AT_BellowingDragoncrestRing","AT_Kusabimaru","Orichalcum","REME_ChargedStone","Lizard Tail","Replay:Multitool","Frozen Egg 2","Dream Catcher","ClockworkSouvenir","Replay:Bottled Eggs","Ornamental Fan","Chemical X","Pear"],"acts_visited":["TheCity","TheBeyond"],"potions_floor_usage":[],"damage_taken":[{"damage":0.0,"enemies":"Small Slimes","floor":1.0,"turns":1.0},{"damage":0.0,"enemies":"Cultist","floor":2.0,"turns":3.0},{"damage":5.0,"enemies":"2 Louse","floor":3.0,"turns":3.0},{"damage":7.0,"enemies":"2 Fungi Beasts","floor":5.0,"turns":3.0},{"damage":10.0,"enemies":"Lagavulin","floor":7.0,"turns":7.0},{"damage":6.0,"enemies":"Blue Slaver","floor":10.0,"turns":3.0},{"damage":0.0,"enemies":"3 Sentries","floor":11.0,"turns":1.0},{"damage":14.0,"enemies":"Looter","floor":12.0,"turns":4.0},{"damage":17.0,"enemies":"Large Slime","floor":13.0,"turns":5.0},{"damage":36.0,"enemies":"Gremlin Nob","floor":14.0,"turns":4.0},{"damage":14.0,"enemies":"The Guardian","floor":16.0,"turns":7.0},{"damage":0.0,"enemies":"Spheric Guardian","floor":18.0,"turns":3.0},{"damage":8.0,"enemies":"2 Thieves","floor":20.0,"turns":4.0},{"damage":9.0,"enemies":"conspire:SneckoGhost","floor":23.0,"turns":4.0},{"damage":17.0,"enemies":"conspire:Head Lice","floor":25.0,"turns":5.0},{"damage":16.0,"enemies":"Book of Stabbing","floor":30.0,"turns":3.0},{"damage":0.0,"enemies":"Chosen and Byrds","floor":31.0,"turns":2.0},{"damage":30.0,"enemies":"Collector","floor":33.0,"turns":4.0},{"damage":5.0,"enemies":"Orb Walker","floor":35.0,"turns":2.0},{"damage":17.0,"enemies":"2 Orb Walkers","floor":37.0,"turns":3.0},{"damage":0.0,"enemies":"3 Shapes","floor":38.0,"turns":2.0},{"damage":19.0,"enemies":"Spire Growth","floor":39.0,"turns":4.0},{"damage":6,"enemies":"R_Hoarder","floor":40,"turns":3},{"damage":6,"enemies":"Nemesis","floor":42,"turns":3},{"damage":10,"enemies":"R_Hoarder","floor":47,"turns":4},{"damage":3,"enemies":"Sphere and 2 Shapes","floor":48,"turns":1},{"damage":10,"enemies":"Time Eater","floor":50,"turns":5}],"seed_played":"8028389689767391861","potions_obtained":[{"floor":3.0,"key":"Venom Potion"},{"floor":10.0,"key":"REME_GoldPotion"},{"floor":13.0,"key":"AttackPotion"},{"floor":14.0,"key":"Strength Potion"},{"floor":33.0,"key":"Weak Potion"},{"floor":38.0,"key":"EntropicBrew"}],"is_trial":false,"path_per_floor":["M","M","M","?","M","R","E","?","T","M","E","M","M","E","R","B",null,"M","$","M","?","?","E","R","E","T","R","$","R","E","M","R","B",null,"M","?","?","M","M","E","?","E","T","R","?","$","E","M","R","B",null],"character_chosen":"IRONCLAD","items_purchased":["conspire:DecoderRing","Membership Card","ReplayTheSpireMod:TigerMarble","AT_BellowingDragoncrestRing","ClockworkSouvenir","Replay:Bottled Eggs","Ornamental Fan","Chemical X"],"campfire_rested":0,"item_purchase_floors":[19,28,28,28,46,46,46,46],"current_hp_per_floor":[72,72,72,72,71,71,81,73,73,73,79,72,66,36,36,53,79,85,85,87,87,70,67,67,56,56,56,56,56,46,52,52,53,82,83,73,62,68,55,55,78,78,78,78,78,78,84,87,87,98],"gold":56,"neow_bonus":"ONE_RARE_RELIC","is_daily":false,"chose_seed":false,"campfire_upgraded":7,"win_rate":0.0,"timestamp":1613273078,"path_taken":["M","M","M","?","M","R","E","?","T","M","E","?","M","E","R","BOSS","M","$","?","?","?","E","R","E","T","R","$","R","E","M","R","BOSS","M","?","?","M","M","E","?","E","T","R","?","$","E","M","R","BOSS"],"items_purchased_type":["Relic","Relic","Relic","Relic","Relic","Relic","Relic","Relic"],"build_version":"2020-12-22","purchased_purges":1,"victory":true,"max_hp_per_floor":[72,72,72,72,72,72,86,86,86,86,86,87,87,87,87,87,87,87,87,87,87,92,92,92,92,92,92,92,92,92,92,92,92,92,92,92,92,92,92,92,92,92,92,92,92,92,102,102,102,102],"card_choices":[{"not_picked":["Clothesline","Twin Strike"],"picked":"True Grit","floor":1.0},{"not_picked":["Wild Strike","Iron Wave"],"picked":"AT_BodySlamDance","floor":2.0},{"not_picked":["Body Slam","Hemogenesis"],"picked":"Whirlwind","floor":3.0},{"not_picked":["AT_IchimonjiDouble","Run Through"],"picked":"Shockwave","floor":5.0},{"not_picked":["Whirlwind","Havoc"],"picked":"Berserk","floor":7.0},{"not_picked":["Whirlwind","AT_GerminateFire","Blood for Blood"],"picked":"SKIP","floor":10.0},{"not_picked":["Abandon","Wild Strike","Replay:Undeath\u0027s Touch"],"picked":"SKIP","floor":11.0},{"not_picked":["Uppercut","Thunderclap"],"picked":"Combust","floor":12.0},{"not_picked":["Clothesline","Warcry","AT_DiedThrough"],"picked":"SKIP","floor":13.0},{"not_picked":["Sever Soul","AT_IchimonjiDouble","Body Slam"],"picked":"SKIP","floor":14.0},{"not_picked":["conspire:HitWhereItHurts","REME_TheLastStrike"],"picked":"Offering","floor":16.0},{"not_picked":["Seeing Red","AT_ManFootWork"],"picked":"Armaments","floor":18.0},{"not_picked":["Heavy Blade","Armaments","REME_Scribble"],"picked":"SKIP","floor":20.0},{"not_picked":["Bloodletting","Ghostly Armor"],"picked":"Flex","floor":23.0},{"not_picked":["Clothesline","Havoc"],"picked":"Offering","floor":25.0},{"not_picked":["Headbutt","AT_IchimonjiDouble+1"],"picked":"Rupture","floor":30.0},{"not_picked":["Thunderclap","Twin Strike"],"picked":"AT_ShrugMaster","floor":31.0},{"not_picked":["Run Through","Cleave"],"picked":"Bloodletting","floor":35.0},{"not_picked":["REME_MagicPocketWatch","Swift Strike"],"picked":"Finesse","floor":36.0},{"not_picked":["REME_TheoryOfElimination","Mayhem"],"picked":"REME_BattleFury","floor":36.0},{"not_picked":["Forethought","AT_CelerityRune"],"picked":"Secret Technique","floor":36.0},{"not_picked":["AT_CaressingTears","Run Through","ReplayTheSpireMod:Stacked"],"picked":"SKIP","floor":38.0},{"not_picked":["Iron Wave","Carnage","Havoc"],"picked":"SKIP","floor":39.0},{"not_picked":["Body Slam","AT_IchimonjiDouble+1","REME_Fury"],"picked":"SKIP","floor":40},{"not_picked":["Iron Wave","Anger+1","REME_Cut+1"],"picked":"SKIP","floor":42},{"not_picked":["Havoc+1","Hemogenesis","Thunderclap+1"],"picked":"SKIP","floor":47},{"not_picked":["Heavy Blade","Twin Strike"],"picked":"Dual Wield","floor":48}],"player_experience":572856,"relics_obtained":[{"floor":7.0,"key":"Mango"},{"floor":9.0,"key":"Pantograph"},{"floor":11.0,"key":"War Paint"},{"floor":14.0,"key":"ReplayFunnel"},{"floor":23.0,"key":"Replay:Kaleidoscope"},{"floor":25.0,"key":"Juzu Bracelet"},{"floor":26.0,"key":"Replay:PocketPolymizer"},{"floor":30.0,"key":"AT_Kusabimaru"},{"floor":32.0,"key":"Orichalcum"},{"floor":37.0,"key":"Lizard Tail"},{"floor":40,"key":"Replay:Multitool"},{"floor":42,"key":"Frozen Egg 2"},{"floor":43,"key":"Dream Catcher"},{"floor":47,"key":"Pear"}],"event_choices":[{"damage_healed":0.0,"max_hp_gain":0.0,"max_hp_loss":0.0,"gold_gain":0.0,"event_name":"conspire:LoneGhost","player_choice":"Agree","floor":4.0,"gold_loss":0.0,"damage_taken":0.0},{"damage_healed":0.0,"max_hp_gain":0.0,"max_hp_loss":0.0,"gold_gain":75.0,"event_name":"FaceTrader","player_choice":"Touch","floor":8.0,"gold_loss":0.0,"damage_taken":8.0},{"damage_healed":0.0,"max_hp_gain":0.0,"max_hp_loss":0.0,"gold_gain":0.0,"event_name":"The Library","player_choice":"Read","floor":21.0,"gold_loss":0.0,"damage_taken":0.0,"cards_obtained":["Battle Trance"]},{"damage_healed":0.0,"max_hp_gain":5.0,"max_hp_loss":0.0,"gold_gain":0.0,"event_name":"Forgotten Altar","player_choice":"Shed Blood","floor":22.0,"gold_loss":0.0,"damage_taken":22.0},{"damage_healed":0.0,"max_hp_gain":0.0,"max_hp_loss":0.0,"gold_gain":0.0,"event_name":"SensoryStone","player_choice":"Memory 3","floor":36.0,"gold_loss":0.0,"damage_taken":10.0},{"damage_healed":0.0,"max_hp_gain":0.0,"max_hp_loss":0.0,"gold_gain":0.0,"event_name":"Mysterious Sphere","player_choice":"Fight","floor":37.0,"gold_loss":0.0,"damage_taken":0.0},{"damage_healed":23,"gold_gain":0,"player_choice":"Writhe","damage_taken":0,"max_hp_gain":0,"max_hp_loss":0,"event_name":"Winding Halls","floor":41,"gold_loss":0,"cards_obtained":["Writhe"]},{"damage_healed":0,"gold_gain":0,"player_choice":"Ignored","damage_taken":0,"max_hp_gain":0,"max_hp_loss":0,"event_name":"Tomb of Lord Red Mask","floor":45,"gold_loss":0}],"is_beta":false,"boss_relics":[{"not_picked":["conspire:SlowCooker","Runic Cube"],"picked":"energizedSpire:DeadBattery"},{"not_picked":["Black Star","Electric Blood"],"picked":"REME_ChargedStone"}],"items_purged_floors":[19],"is_endless":false,"potions_floor_spawned":[3,10,13,14,20,31,33,37,38,47,48],"ascension_level":13}}