{"host":"lx933ja015x1ub68","time":1613280064,"event":{"mods":["AchievementEnabler","BaseMod","Better Match","Better Third Choice","BetterRewards","Colored Map","Exacting","FTL Soundtrack","Fox Events","Minty Spire (QoL Compilation)","RNG Fix","Shop Mod","StSLib"],"gold_per_floor":[134,163,174,174,174,174,217,217,270,290,41,104,279,303,303,426,489,513,513,513,24,49,93,93,93,93,93,111,411,429,469,469,597,597,616,269,1268,1303,564,564,597,616,639,972,60,60,60,93,93,93,93,93,38,66,66,66],"floor_reached":55,"language":"ENG","playtime":5511,"items_purged":["Normality","Normality"],"score":1116,"play_id":"e571e76c-a4d3-4d1b-bc99-1d968173ad9c","local_time":"20210214162104","is_ascension_mode":true,"campfire_choices":[{"floor":6.0,"key":"REST"},{"data":"Seeing Red","floor":8.0,"key":"SMITH"},{"data":"Body Slam","floor":15.0,"key":"SMITH"},{"floor":25.0,"key":"DIG"},{"data":"Barricade","floor":27.0,"key":"SMITH"},{"data":"Searing Blow","floor":32.0,"key":"SMITH"},{"floor":40.0,"key":"RECALL"},{"floor":47.0,"key":"REST"},{"floor":49.0,"key":"REST"},{"floor":52.0,"key":"DIG"}],"circlet_count":0,"master_deck":["Strike_R+1","Strike_R+1","Strike_R","Strike_R","Strike_R","Defend_R","Defend_R","Defend_R+1","Defend_R+1","Bash","Seeing Red+1","Twin Strike","Rampage","Iron Wave","Iron Wave+1","Fire Breathing","Shrug It Off","Body Slam+1","Cleave","Barricade+1","Thunderclap","Flex+1","Reaper","Headbutt+1","Ghostly Armor","Armaments","Writhe","Searing Blow+1","Power Through","Double Tap","Heavy Blade","Feel No Pain","Good Instincts","Ghostly Armor","True Grit+1","Parasite","Second Wind+1","Infernal Blade+1","Entrench+1","Body Slam+1","Discovery","Master of Strategy","Anger+1","Anger","Seeing Red+1","Reaper","Battle Trance+1"],"relics":["Anchor","Boot","Bottled Lightning","MutagenicStrength","Necronomicon","MerchantsRug","Mummified Hand","Kunai","Mark of Pain","HandDrill","Orichalcum","Girya","ClockworkSouvenir","InkBottle","Happy Flower","HornCleat","Ornamental Fan","Eternal Feather"],"acts_visited":["TheCity","TheBeyond","TheEnding"],"potions_floor_usage":[],"damage_taken":[{"damage":7.0,"enemies":"2 Louse","floor":1.0,"turns":3.0},{"damage":0.0,"enemies":"Small Slimes","floor":2.0,"turns":2.0},{"damage":0.0,"enemies":"Jaw Worm","floor":3.0,"turns":1.0},{"damage":26.0,"enemies":"Gremlin Nob","floor":7.0,"turns":5.0},{"damage":0.0,"enemies":"Looter","floor":10.0,"turns":3.0},{"damage":16.0,"enemies":"3 Sentries","floor":12.0,"turns":6.0},{"damage":1.0,"enemies":"Red Slaver","floor":14.0,"turns":3.0},{"damage":12.0,"enemies":"Slime Boss","floor":16.0,"turns":8.0},{"damage":0.0,"enemies":"Shell Parasite","floor":18.0,"turns":9.0},{"damage":5.0,"enemies":"2 Thieves","floor":22.0,"turns":4.0},{"damage":9.0,"enemies":"Slavers","floor":23.0,"turns":7.0},{"damage":26.0,"enemies":"3 Cultists","floor":28.0,"turns":7.0},{"damage":35.0,"enemies":"Centurion and Healer","floor":30.0,"turns":7.0},{"damage":6.0,"enemies":"Book of Stabbing","floor":31.0,"turns":7.0},{"damage":60.0,"enemies":"Automaton","floor":33.0,"turns":16.0},{"damage":35.0,"enemies":"3 Darklings","floor":35.0,"turns":7.0},{"damage":0.0,"enemies":"Orb Walker","floor":38.0,"turns":4.0},{"damage":106.0,"enemies":"Reptomancer","floor":41.0,"turns":8.0},{"damage":18.0,"enemies":"Writhing Mass","floor":42.0,"turns":6.0},{"damage":26.0,"enemies":"Giant Head","floor":48.0,"turns":8.0},{"damage":31.0,"enemies":"Time Eater","floor":50.0,"turns":11.0},{"damage":77.0,"enemies":"Shield and Spear","floor":54.0,"turns":7.0},{"damage":116,"enemies":"The Heart","floor":55,"turns":14}],"seed_played":"-6970292723151951609","potions_obtained":[{"floor":2.0,"key":"AttackPotion"},{"floor":7.0,"key":"EssenceOfSteel"},{"floor":14.0,"key":"Swift Potion"},{"floor":16.0,"key":"Weak Potion"},{"floor":17.0,"key":"SneckoOil"},{"floor":28.0,"key":"HeartOfIron"},{"floor":30.0,"key":"Ancient Potion"},{"floor":31.0,"key":"Swift Potion"},{"floor":33.0,"key":"ColorlessPotion"},{"floor":35.0,"key":"Explosive Potion"},{"floor":48.0,"key":"Swift Potion"}],"is_trial":false,"path_per_floor":["M","M","M","?","?","R","E","R","T","M","$","E","?","M","R","B",null,"M","?","?","$","M","E","$","R","T","R","M","?","M","E","R","B",null,"M","$","?","M","$","R","E","M","T","?","$","?","R","E","R","B",null,"R","$","E","B"],"character_chosen":"IRONCLAD","items_purchased":["Anchor","War Paint","Seeing Red","Twin Strike","Bottled Lightning","MerchantsRug","Mummified Hand","Reaper","Potion Belt","Good Instincts","HandDrill","Orichalcum","Girya","ClockworkSouvenir","Ghostly Armor","Dream Catcher","Happy Flower","Orrery","Discovery","Master of Strategy","Weak Potion","LiquidBronze","LiquidBronze","FairyPotion","Ornamental Fan"],"campfire_rested":3,"item_purchase_floors":[0,0,0,0,11,21,21,21,36,36,36,39,39,39,39,45,45,45,45,45,45,45,45,53,53],"current_hp_per_floor":[65,71,77,61,41,65,45,45,45,51,66,56,56,61,61,55,85,85,85,69,84,85,82,85,85,95,95,85,85,66,66,66,26,95,68,83,83,89,97,97,25,18,18,18,33,33,62,56,85,81,97,97,97,50,0,0],"gold":66,"neow_bonus":"","is_daily":false,"chose_seed":false,"campfire_upgraded":4,"win_rate":0.0,"timestamp":1613280064,"path_taken":["M","?","M","?","?","R","E","R","T","M","$","E","?","?","R","BOSS","M","?","?","$","M","E","?","R","T","R","M","?","M","E","R","BOSS","M","$","?","M","$","R","E","M","T","?","$","?","R","E","R","BOSS","R","$","E","BOSS"],"items_purchased_type":["Relic","Relic","Card","Card","Relic","Relic","Relic","Card","Relic","Card","Relic","Relic","Relic","Relic","Card","Relic","Relic","Relic","Card","Card","Potion","Potion","Potion","Potion","Relic"],"build_version":"2020-12-22","purchased_purges":2,"victory":false,"max_hp_per_floor":[80,80,80,80,80,80,80,80,80,80,80,80,80,80,80,80,85,85,85,85,85,85,85,85,85,95,95,95,95,95,95,95,95,95,97,97,97,97,97,97,97,97,97,97,97,97,97,97,97,97,97,97,97,97,97,97],"card_choices":[{"not_picked":["Cleave","Sword Boomerang"],"picked":"Rampage","floor":1.0},{"not_picked":["Dropkick","Twin Strike"],"picked":"Iron Wave","floor":2.0},{"not_picked":["True Grit","Burning Pact"],"picked":"Iron Wave","floor":3.0},{"not_picked":["Twin Strike","Clothesline"],"picked":"Fire Breathing","floor":7.0},{"not_picked":["Clash","Thunderclap"],"picked":"Shrug It Off","floor":10.0},{"not_picked":["Corruption","Heavy Blade"],"picked":"Body Slam","floor":12.0},{"not_picked":["Second Wind","Dual Wield"],"picked":"Cleave","floor":14.0},{"not_picked":["Berserk","Corruption"],"picked":"Barricade","floor":16.0},{"not_picked":["Heavy Blade","Reckless Charge"],"picked":"Thunderclap","floor":17.0},{"not_picked":["Twin Strike","Fire Breathing"],"picked":"Flex+1","floor":18.0},{"not_picked":["Pommel Strike","Warcry"],"picked":"Headbutt+1","floor":22.0},{"not_picked":["Searing Blow","Twin Strike"],"picked":"Ghostly Armor","floor":23.0},{"not_picked":["Shrug It Off","Searing Blow","Spot Weakness"],"picked":"Armaments","floor":28.0},{"not_picked":["True Grit","Warcry","Pommel Strike"],"picked":"Searing Blow","floor":30.0},{"not_picked":["Body Slam","Dual Wield","Whirlwind"],"picked":"Power Through","floor":31.0},{"not_picked":["Berserk","Brutality","Barricade"],"picked":"Double Tap","floor":33.0},{"not_picked":["Cleave","Perfected Strike","Iron Wave+1"],"picked":"Heavy Blade","floor":35.0},{"not_picked":["Disarm","Flame Barrier","Thunderclap+1"],"picked":"Feel No Pain","floor":35.0},{"not_picked":["Offering","Body Slam","Iron Wave","Perfected Strike+1"],"picked":"SKIP","floor":38.0},{"not_picked":["Flex","Twin Strike","Body Slam"],"picked":"True Grit+1","floor":41.0},{"not_picked":["Shrug It Off","Heavy Blade+1","Warcry+1"],"picked":"Second Wind+1","floor":42.0},{"not_picked":["Pommel Strike","Hemokinesis","Carnage"],"picked":"Infernal Blade+1","floor":45.0},{"not_picked":["Feed","Shrug It Off+1","Cleave+1"],"picked":"Entrench+1","floor":45.0},{"not_picked":["Heavy Blade+1","Metallicize","Battle Trance"],"picked":"Body Slam+1","floor":45.0},{"not_picked":["Shockwave+1","Ghostly Armor","Whirlwind+1"],"picked":"Anger+1","floor":45.0},{"not_picked":["Perfected Strike","Body Slam"],"picked":"Anger","floor":47.0},{"not_picked":["Rupture","Whirlwind+1"],"picked":"Seeing Red+1","floor":48.0},{"not_picked":["Entrench","Shrug It Off"],"picked":"Reaper","floor":49.0},{"not_picked":["Anger","Headbutt+1"],"picked":"Battle Trance+1","floor":54.0}],"player_experience":82804,"relics_obtained":[{"floor":7.0,"key":"Boot"},{"floor":9.0,"key":"MealTicket"},{"floor":12.0,"key":"Omamori"},{"floor":20.0,"key":"Necronomicon"},{"floor":23.0,"key":"Shovel"},{"floor":25.0,"key":"Question Card"},{"floor":26.0,"key":"Pear"},{"floor":31.0,"key":"Kunai"},{"floor":41.0,"key":"InkBottle"},{"floor":48.0,"key":"Meat on the Bone"},{"floor":52.0,"key":"HornCleat"},{"floor":54.0,"key":"Eternal Feather"}],"event_choices":[{"damage_healed":77.0,"max_hp_gain":0.0,"max_hp_loss":80.0,"gold_gain":0.0,"event_name":"betterThird:BetterShining","player_choice":"Upgrade","floor":4.0,"gold_loss":0.0,"damage_taken":16.0,"cards_upgraded":["Iron Wave","Strike_R"]},{"damage_healed":0.0,"max_hp_gain":0.0,"max_hp_loss":0.0,"gold_gain":0.0,"event_name":"Golden Idol","player_choice":"Take Damage","floor":5.0,"gold_loss":0.0,"damage_taken":20.0,"relics_obtained":["Golden Idol"]},{"damage_healed":0.0,"max_hp_gain":0.0,"max_hp_loss":0.0,"gold_gain":175.0,"event_name":"betterThird:BetterSerpent","player_choice":"AGREE","floor":13.0,"gold_loss":0.0,"damage_taken":104.0},{"damage_healed":0.0,"max_hp_gain":0.0,"max_hp_loss":0.0,"gold_gain":0.0,"event_name":"Drug Dealer","player_choice":"Inject Mutagens","floor":19.0,"gold_loss":0.0,"damage_taken":0.0,"relics_obtained":["MutagenicStrength"]},{"damage_healed":0.0,"max_hp_gain":0.0,"max_hp_loss":0.0,"gold_gain":0.0,"event_name":"Cursed Tome","player_choice":"Obtained Book","floor":20.0,"gold_loss":0.0,"damage_taken":16.0},{"damage_healed":0.0,"max_hp_gain":0.0,"max_hp_loss":0.0,"gold_gain":0.0,"event_name":"The Mausoleum","player_choice":"Opened","floor":29.0,"gold_loss":0.0,"damage_taken":0.0,"relics_obtained":["Old Coin"],"cards_obtained":["Writhe"]},{"damage_healed":0.0,"max_hp_gain":0.0,"max_hp_loss":0.0,"gold_gain":999.0,"event_name":"MindBloom","player_choice":"Gold","floor":37.0,"gold_loss":0.0,"damage_taken":0.0,"cards_obtained":["Normality","Normality"]},{"damage_healed":0.0,"max_hp_gain":0.0,"max_hp_loss":0.0,"gold_gain":333.0,"event_name":"The Moai Head","player_choice":"Gave Idol","floor":44.0,"relics_lost":["Golden Idol"],"gold_loss":0.0,"damage_taken":0.0},{"damage_healed":0.0,"max_hp_gain":0.0,"max_hp_loss":0.0,"gold_gain":0.0,"event_name":"Mysterious Sphere","player_choice":"Ignored","floor":46.0,"gold_loss":0.0,"damage_taken":0.0}],"is_beta":false,"boss_relics":[{"not_picked":["Runic Dome","Fusion Hammer"],"picked":"Tiny House"},{"not_picked":["Empty Cage","Black Blood"],"picked":"Mark of Pain"}],"items_purged_floors":[39,45],"is_endless":false,"potions_floor_spawned":[2,7,14,16,28,30,31,33,35,48],"killed_by":"The Heart","ascension_level":1}}