{"host":"vfdcloqstimyyqm4","time":1613283739,"event":{"mods":["AchievementEnabler","BaseMod","Block Reminder","Colored Powertips","Displayed Cursed Tome","Emptier Cage","Highlight Path","Minty Spire (QoL Compilation)","Quick Restart","Rare Cards Sparkle","StSLib"],"gold_per_floor":[114,128,53,69,144,144,144,160,233,250,325,325,337,77,77,173,173,185,202,202,212,227,227,242,254,254,254,5,21,41,41,41,136,136,149,149,199,199,199,199,217,217,217,231,242,13,13,27,27,27],"floor_reached":51,"language":"ENG","playtime":13146,"items_purged":["Strike_G"],"score":593,"play_id":"f30a54e5-4b2c-4f77-b358-7c9b2c587284","local_time":"20210213222218","is_ascension_mode":false,"campfire_choices":[{"data":"Survivor","floor":6.0,"key":"SMITH"},{"floor":12.0,"key":"REST"},{"data":"Prepared","floor":15.0,"key":"SMITH"},{"data":"Venomology","floor":23.0,"key":"SMITH"},{"floor":27.0,"key":"REST"},{"floor":32.0,"key":"REST"},{"floor":40.0,"key":"REST"},{"data":"Envenom","floor":42.0,"key":"SMITH"},{"data":"Caltrops","floor":49.0,"key":"SMITH"}],"circlet_count":0,"master_deck":["Strike_G","Strike_G","Defend_G","Defend_G","Survivor+1","Neutralize","Blade Dance","Caltrops+1","Flying Knee","Heel Hook","Leg Sweep+1","Sucker Punch","Prepared+1","Flash of Steel","Venomology+1","Noxious Fumes+1","Blur+1","Iron Wave","Deadly Poison","Infinite Blades+1","Underhanded Strike","PiercingWail","A Thousand Cuts","Dagger Throw+1","Envenom+1","Infinite Blades+1","Calculated Gamble+1","Outmaneuver+1","Deflect","Slice+1","Backflip+1","Crippling Poison+1","Bandage Up","Deadly Poison"],"relics":["Ring of the Snake","NeowsBlessing","Bottled Lightning","Pantograph","Anchor","SacredBark","Potion Belt","Astrolabe","WingedGreaves","Vajra","Lee\u0027s Waffle"],"acts_visited":["Exordium","TheCity","TheBeyond"],"potions_floor_usage":[50,50,50,50,50,50],"damage_taken":[{"damage":0.0,"enemies":"Jaw Worm","floor":1.0,"turns":1.0},{"damage":0.0,"enemies":"Small Slimes","floor":2.0,"turns":1.0},{"damage":0.0,"enemies":"Cultist","floor":4.0,"turns":1.0},{"damage":14.0,"enemies":"Exordium Thugs","floor":8.0,"turns":5.0},{"damage":11.0,"enemies":"Gremlin Gang","floor":10.0,"turns":6.0},{"damage":0.0,"enemies":"Red Slaver","floor":13.0,"turns":5.0},{"damage":34.0,"enemies":"Hexaghost","floor":16.0,"turns":16.0},{"damage":6.0,"enemies":"3 Byrds","floor":18.0,"turns":6.0},{"damage":0.0,"enemies":"Chosen","floor":19.0,"turns":4.0},{"damage":11.0,"enemies":"Snake Plant","floor":21.0,"turns":7.0},{"damage":2.0,"enemies":"Chosen and Byrds","floor":22.0,"turns":5.0},{"damage":15.0,"enemies":"Shelled Parasite and Fungi","floor":24.0,"turns":6.0},{"damage":23.0,"enemies":"Sentry and Sphere","floor":25.0,"turns":5.0},{"damage":19.0,"enemies":"Snake Plant","floor":29.0,"turns":6.0},{"damage":17.0,"enemies":"Cultist and Chosen","floor":30.0,"turns":6.0},{"damage":53.0,"enemies":"Champ","floor":33.0,"turns":17.0},{"damage":41.0,"enemies":"3 Darklings","floor":35.0,"turns":5.0},{"damage":23.0,"enemies":"Mind Bloom Boss Battle","floor":37.0,"turns":7.0},{"damage":11.0,"enemies":"Orb Walker","floor":41.0,"turns":4.0},{"damage":5.0,"enemies":"4 Shapes","floor":44.0,"turns":5.0},{"damage":11.0,"enemies":"Spire Growth","floor":45.0,"turns":5.0},{"damage":21.0,"enemies":"3 Darklings","floor":48.0,"turns":7.0},{"damage":59,"enemies":"Awakened One","floor":50,"turns":10}],"seed_played":"-9155082846473001154","potions_obtained":[{"floor":1.0,"key":"DuplicationPotion"},{"floor":4.0,"key":"Energy Potion"},{"floor":10.0,"key":"Fire Potion"},{"floor":25.0,"key":"GamblersBrew"},{"floor":29.0,"key":"Strength Potion"},{"floor":33.0,"key":"Poison Potion"},{"floor":35.0,"key":"Explosive Potion"},{"floor":45.0,"key":"Block Potion"},{"floor":48.0,"key":"FearPotion"}],"is_trial":false,"path_per_floor":["M","M","$","M","?","R","T","M","T","M","?","R","M","$","R","B",null,"M","M","?","M","M","R","M","M","T","R","$","M","M","$","R","B",null,"M","?","?","?","?","R","M","R","T","M","M","$","?","M","R","B",null],"character_chosen":"THE_SILENT","items_purchased":["Prepared","Anchor","Flash of Steel","FairyPotion","A Thousand Cuts","Lee\u0027s Waffle","Bandage Up"],"campfire_rested":4,"item_purchase_floors":[14,14,14,28,28,46,46],"current_hp_per_floor":[70,70,70,70,59,59,59,45,45,34,27,48,48,48,48,36,70,64,64,64,53,51,51,36,13,13,34,34,15,42,42,63,17,70,29,29,31,31,31,52,41,41,41,36,25,77,77,60,60,22],"gold":27,"neow_bonus":"THREE_ENEMY_KILL","is_daily":false,"chose_seed":false,"campfire_upgraded":5,"win_rate":0.0,"timestamp":1613283738,"path_taken":["M","M","$","M","?","R","?","M","T","M","?","R","M","$","R","BOSS","M","M","?","M","M","R","M","M","T","R","?","?","M","?","R","BOSS","M","?","?","?","?","R","M","R","T","?","M","$","?","M","R","BOSS"],"items_purchased_type":["Card","Relic","Card","Potion","Card","Relic","Card"],"build_version":"2020-12-22","purchased_purges":1,"victory":true,"max_hp_per_floor":[70,70,70,70,70,70,70,70,70,70,70,70,70,70,70,70,70,70,70,70,70,70,70,70,70,70,70,70,70,70,70,70,70,70,70,70,70,70,70,70,70,70,70,70,70,77,77,77,77,77],"card_choices":[{"not_picked":["Caltrops","PiercingWail"],"picked":"Blade Dance","floor":1.0},{"not_picked":["Riddle With Holes","Acrobatics"],"picked":"Caltrops","floor":2.0},{"not_picked":["Slice","Calculated Gamble"],"picked":"Flying Knee","floor":4.0},{"not_picked":["Flying Knee","Outmaneuver"],"picked":"Heel Hook","floor":8.0},{"not_picked":["Deflect","Dagger Throw"],"picked":"Leg Sweep","floor":10.0},{"not_picked":["Dagger Throw","Caltrops"],"picked":"Sucker Punch","floor":13.0},{"not_picked":["Doppelganger","Night Terror"],"picked":"Venomology","floor":16.0},{"not_picked":["Underhanded Strike","Well Laid Plans"],"picked":"Noxious Fumes+1","floor":18.0},{"not_picked":["Reflex","Prepared"],"picked":"Blur+1","floor":19.0},{"not_picked":["Deflect","Dodge and Roll"],"picked":"Deadly Poison","floor":21.0},{"not_picked":["Riddle With Holes","Dodge and Roll+1"],"picked":"Infinite Blades+1","floor":22.0},{"not_picked":["Blur","PiercingWail"],"picked":"Underhanded Strike","floor":24.0},{"not_picked":["Noxious Fumes","Deadly Poison"],"picked":"PiercingWail","floor":25.0},{"not_picked":["Glass Knife","PiercingWail+1"],"picked":"Dagger Throw+1","floor":29.0},{"not_picked":["Flying Knee","Quick Slash","Masterful Stab"],"picked":"SKIP","floor":30.0},{"not_picked":["Burst","Doppelganger"],"picked":"Envenom","floor":33.0},{"not_picked":["Underhanded Strike","Deadly Poison"],"picked":"Deflect","floor":35.0},{"not_picked":["All Out Attack","Caltrops"],"picked":"Slice+1","floor":37.0},{"not_picked":["Dagger Spray+1","Underhanded Strike"],"picked":"Backflip+1","floor":41.0},{"not_picked":["Heel Hook","Well Laid Plans+1"],"picked":"Crippling Poison+1","floor":44.0},{"not_picked":["All Out Attack+1","Dodge and Roll","Distraction"],"picked":"SKIP","floor":45.0},{"not_picked":["Masterful Stab","Caltrops"],"picked":"Deadly Poison","floor":48.0}],"player_experience":5017,"relics_obtained":[{"floor":7.0,"key":"Bottled Lightning"},{"floor":9.0,"key":"Pantograph"},{"floor":26.0,"key":"Potion Belt"},{"floor":37.0,"key":"WingedGreaves"},{"floor":43.0,"key":"Vajra"}],"event_choices":[{"damage_healed":0.0,"max_hp_gain":0.0,"max_hp_loss":0.0,"gold_gain":75.0,"event_name":"World of Goop","player_choice":"Gather Gold","floor":5.0,"gold_loss":0.0,"damage_taken":11.0},{"damage_healed":0.0,"max_hp_gain":0.0,"max_hp_loss":0.0,"gold_gain":75.0,"event_name":"FaceTrader","player_choice":"Touch","floor":11.0,"gold_loss":0.0,"damage_taken":7.0},{"cards_removed":["Defend_G"],"damage_healed":0.0,"max_hp_gain":0.0,"max_hp_loss":0.0,"gold_gain":0.0,"event_name":"NoteForYourself","player_choice":"Took Card","floor":20.0,"gold_loss":0.0,"damage_taken":0.0,"cards_obtained":["Iron Wave"]},{"damage_healed":0.0,"max_hp_gain":0.0,"max_hp_loss":0.0,"gold_gain":0.0,"event_name":"Mysterious Sphere","player_choice":"Ignored","floor":36.0,"gold_loss":0.0,"damage_taken":0.0},{"damage_healed":0.0,"max_hp_gain":0.0,"max_hp_loss":0.0,"gold_gain":0.0,"event_name":"MindBloom","player_choice":"Fight","floor":37.0,"gold_loss":0.0,"damage_taken":0.0},{"damage_healed":0.0,"max_hp_gain":0.0,"max_hp_loss":0.0,"gold_gain":0.0,"event_name":"The Moai Head","player_choice":"Ignored","floor":38.0,"gold_loss":0.0,"damage_taken":0.0},{"cards_removed":["Defend_G"],"damage_healed":0.0,"max_hp_gain":0.0,"max_hp_loss":0.0,"gold_gain":0.0,"event_name":"Falling","player_choice":"Removed Skill","floor":39.0,"gold_loss":0.0,"damage_taken":0.0},{"damage_healed":0.0,"max_hp_gain":0.0,"max_hp_loss":0.0,"gold_gain":0.0,"event_name":"Accursed Blacksmith","player_choice":"Forge","floor":47.0,"gold_loss":0.0,"damage_taken":0.0,"cards_upgraded":["Leg Sweep"]}],"is_beta":false,"boss_relics":[{"not_picked":["SlaversCollar","Calling Bell"],"picked":"SacredBark"},{"not_picked":["Empty Cage","Busted Crown"],"picked":"Astrolabe"}],"items_purged_floors":[3],"is_endless":false,"potions_floor_spawned":[1,4,10,16,25,29,33,35,45,48],"ascension_level":0}}