{"host":"y087t2reloz9bi43","time":1613320742,"event":{"mods":["2.2 Compatiblity","AchievementEnabler","Aspiration","BaseMod","Beaked The Cultist","Bestiary","Better Note","Better Vampires","BetterRewards","ChefMod","Clockwork Mod","Colored Map","Colored Powertips","Conspire","Downfall","Ekko","Fireblade Mod","Friendly Minions","GifTheSpireLib","Gold Saver","Gremlin Mod","Halation","Hermit","Hubris","Infinite Spire","Jedi Mod","JesterMod","Jorbs\u0027s Wanderer Trilogy","Mad Scientist","Marisa????????","Mimic Mod","Minty Spire (QoL Compilation)","Permanent Neow","Potionbrewer","Rare Cards Sparkle","Relic Stats","Reliquary","Replay The Spire","Robot Space Explorer","Shade Mod","Shop Mod","StSLib","The Alterego","The Blackbeard","The Bug Knight","The Construct","The Cursed","The Disciple","The Exalted","The Hierophant","The Marked","The Mystic","The Necromancer","The Runesmith","The Senshi","The Servant 0.9.4","TheBandit","TheFirefly","TheHero","TheVacant","Transform Curses","Uncapped","everything is the same but u backflip on backflip","thorton"],"gold_per_floor":[279,293,293,309,326,354,85,96,96,96,108,139,139,64,64,165,165,182,200,216,230,230,230,263,274,349,92,126,126,140,140,140,239,239,253,271,291,305,317,317,345,345,379,379,392,392,392],"floor_reached":46,"language":"ENG","playtime":4333,"items_purged":["Strike_W","ekkoTheBoyWhoShatteredTime:Defend","ekkoTheBoyWhoShatteredTime:KeepingMomentum"],"score":606,"play_id":"e0fe2773-5394-4e69-84e0-e1685e6081cf","local_time":"20210214163902","is_ascension_mode":false,"campfire_choices":[{"data":"ekkoTheBoyWhoShatteredTime:OverloadingWeapon","floor":10,"key":"SMITH"},{"data":"ekkoTheBoyWhoShatteredTime:NeedlesslyLargeRod","floor":13,"key":"SMITH"},{"data":"ekkoTheBoyWhoShatteredTime:NeedlesslyLargeRod","floor":15,"key":"SMITH"},{"data":"infinitespire:Execution","floor":23,"key":"SMITH"},{"floor":29,"key":"REST"},{"floor":32,"key":"REST"},{"floor":40,"key":"RECALL"},{"floor":44,"key":"REST"}],"circlet_count":0,"master_deck":["ekkoTheBoyWhoShatteredTime:Strike","ekkoTheBoyWhoShatteredTime:Strike","ekkoTheBoyWhoShatteredTime:Strike","ekkoTheBoyWhoShatteredTime:Strike","ekkoTheBoyWhoShatteredTime:Strike","ekkoTheBoyWhoShatteredTime:Defend","ekkoTheBoyWhoShatteredTime:Defend","ekkoTheBoyWhoShatteredTime:Defend","ekkoTheBoyWhoShatteredTime:TimeMaster+1","ekkoTheBoyWhoShatteredTime:Powered","ekkoTheBoyWhoShatteredTime:AfterimageHit","ekkoTheBoyWhoShatteredTime:AfterimageHit","ekkoTheBoyWhoShatteredTime:OverloadingWeapon+1","ekkoTheBoyWhoShatteredTime:FluidEnergy","ekkoTheBoyWhoShatteredTime:NeedlesslyLargeRod+1","ekkoTheBoyWhoShatteredTime:WideSlice","ekkoTheBoyWhoShatteredTime:AfterimageBait","ekkoTheBoyWhoShatteredTime:NeedlesslyLargeRod+1","ekkoTheBoyWhoShatteredTime:QuickBreak+1","ekkoTheBoyWhoShatteredTime:SktSynergy","ekkoTheBoyWhoShatteredTime:NashorsTooth","ekkoTheBoyWhoShatteredTime:ComeAtMe","infinitespire:Execution+1","ekkoTheBoyWhoShatteredTime:Dash+1","ekkoTheBoyWhoShatteredTime:AcademyAttraction","ekkoTheBoyWhoShatteredTime:Vibin","ekkoTheBoyWhoShatteredTime:Backtrack","ekkoTheBoyWhoShatteredTime:TrinityForce","ekkoTheBoyWhoShatteredTime:VelocityConsuming+1","ekkoTheBoyWhoShatteredTime:PhaseDive+1","ekkoTheBoyWhoShatteredTime:Timewinder","infinitespire:Execution+1","ekkoTheBoyWhoShatteredTime:PhaseDive+1"],"relics":["ekkoTheBoyWhoShatteredTime:zDriveResonance","hubris:Potato","Vajra","conspire:DecoderRing","Blue Doll","jedi:paperlyon","ReplayTheSpireMod:DimensionalGlitch","halation:BottledLove","reliquary:Boomerang","hubris:MysteriousPyramids","infinitespire:Bottled Soul","reliquary:Knoch","hubris:VirtuousBlindfold","hubris:DeckOfHolding"],"acts_visited":["Exordium","TheCity","TheBeyond"],"potions_floor_usage":[5,8,24,25,38,39],"damage_taken":[{"damage":3,"enemies":"2 Louse","floor":1,"turns":3},{"damage":1,"enemies":"Cultist","floor":2,"turns":4},{"damage":0,"enemies":"Small Slimes","floor":4,"turns":3},{"damage":18,"enemies":"Gremlin Gang","floor":5,"turns":3},{"damage":15,"enemies":"Lagavulin","floor":6,"turns":5},{"damage":18,"enemies":"Lots of Slimes","floor":8,"turns":4},{"damage":2,"enemies":"2 Fungi Beasts","floor":11,"turns":4},{"damage":21,"enemies":"3 Sentries","floor":12,"turns":9},{"damage":0,"enemies":"Slime Boss","floor":16,"turns":5},{"damage":0,"enemies":"conspire:FuzzyDice","floor":18,"turns":4},{"damage":5,"enemies":"Chosen","floor":19,"turns":3},{"damage":8,"enemies":"conspire:HollyBat","floor":20,"turns":6},{"damage":28,"enemies":"Centurion and Healer","floor":21,"turns":5},{"damage":20,"enemies":"Gremlin Leader","floor":24,"turns":3},{"damage":20,"enemies":"Snecko","floor":25,"turns":5},{"damage":0,"enemies":"HollowMod:Nosk","floor":28,"turns":6},{"damage":25,"enemies":"Sentry and Sphere","floor":30,"turns":4},{"damage":33,"enemies":"Collector","floor":33,"turns":6},{"damage":20,"enemies":"3 Darklings","floor":35,"turns":5},{"damage":0,"enemies":"Orb Walker","floor":36,"turns":2},{"damage":0,"enemies":"Spire Growth","floor":37,"turns":2},{"damage":45,"enemies":"Maw","floor":38,"turns":7},{"damage":13,"enemies":"Sphere and 2 Shapes","floor":39,"turns":4},{"damage":25,"enemies":"Nemesis","floor":41,"turns":5},{"damage":0,"enemies":"4 Shapes","floor":43,"turns":8},{"damage":9,"enemies":"4 Shapes","floor":45,"turns":8},{"damage":45,"enemies":"HollowMod:StalkingDevout","floor":46,"turns":4}],"seed_played":"256009326728706723","potions_obtained":[{"floor":1,"key":"PowerPotion"},{"floor":6,"key":"conspire:TimeTravelPotion"},{"floor":12,"key":"potionbrewer:NoxiousPotion"},{"floor":19,"key":"ekkoTheBoyWhoShatteredTime:ResonatingPotion"},{"floor":21,"key":"jedi:holywater"},{"floor":24,"key":"CultistPotion"},{"floor":28,"key":"potionbrewer:BoundlessPotion"},{"floor":33,"key":"LiquidBronze"},{"floor":35,"key":"SkillPotion"},{"floor":39,"key":"FairyPotion"},{"floor":45,"key":"GamblersBrew"}],"is_trial":false,"path_per_floor":["M","M","?","M","M","E","$","M","T","R","M","E","R","$","R","B",null,"M","M","M","M","AVR","R","E","M","T","$","E","R","M","?","R","B",null,"M","M","M","M","M","R","E","?","MIM","R","M","E"],"character_chosen":"EKKO_THE_BOY_WHO_SHATTERED_TIME","items_purchased":["Vajra","ekkoTheBoyWhoShatteredTime:NeedlesslyLargeRod","ekkoTheBoyWhoShatteredTime:NeedlesslyLargeRod","ekkoTheBoyWhoShatteredTime:QuickBreak+1","ekkoTheBoyWhoShatteredTime:AcademyAttraction"],"campfire_rested":3,"item_purchase_floors":[7,7,14,14,27],"current_hp_per_floor":[89,88,88,88,70,55,55,55,55,55,53,32,32,32,32,32,92,92,87,79,51,51,51,31,11,11,11,11,38,13,13,40,7,92,72,72,72,27,14,14,14,14,14,41,32,0,0],"gold":392,"neow_bonus":"TWENTY_PERCENT_HP_BONUS","is_daily":false,"chose_seed":false,"campfire_upgraded":4,"win_rate":0.0,"timestamp":1613320742,"path_taken":["M","M","?","M","M","E","$","M","T","R","?","E","R","$","R","BOSS","M","M","M","M","AVR","R","E","M","T","$","E","R","M","?","R","BOSS","M","M","M","?","M","R","E","?","MIM","R","M","E"],"items_purchased_type":["Relic","Card","Card","Card","Card"],"build_version":"2020-12-22","purchased_purges":3,"victory":false,"max_hp_per_floor":[92,92,92,92,92,92,92,92,92,92,92,92,92,92,92,92,92,92,92,92,92,92,92,92,92,92,92,92,92,92,92,92,92,92,92,92,92,92,92,92,92,92,92,92,92,92,92],"relic_stats":{"counters":[27,124],"obtain_stats":[{"reliquary:Boomerang":24,"halation:BottledLove":22,"Vajra":7,"hubris:VirtuousBlindfold":34,"Blue Doll":12,"hubris:MysteriousPyramids":26,"jedi:paperlyon":17,"infinitespire:Bottled Soul":28,"conspire:DecoderRing":9,"hubris:DeckOfHolding":41,"reliquary:Knoch":31,"ekkoTheBoyWhoShatteredTime:zDriveResonance":0,"ReplayTheSpireMod:DimensionalGlitch":22,"hubris:Potato":6},{"reliquary:Boomerang":14,"halation:BottledLove":13,"Vajra":5,"hubris:VirtuousBlindfold":18,"Blue Doll":8,"hubris:MysteriousPyramids":15,"jedi:paperlyon":9,"infinitespire:Bottled Soul":16,"conspire:DecoderRing":6,"hubris:DeckOfHolding":24,"reliquary:Knoch":17,"ekkoTheBoyWhoShatteredTime:zDriveResonance":0,"ReplayTheSpireMod:DimensionalGlitch":13,"hubris:Potato":5},{"reliquary:Boomerang":60,"halation:BottledLove":57,"Vajra":17,"hubris:VirtuousBlindfold":80,"Blue Doll":34,"hubris:MysteriousPyramids":65,"jedi:paperlyon":39,"infinitespire:Bottled Soul":70,"conspire:DecoderRing":21,"hubris:DeckOfHolding":105,"reliquary:Knoch":74,"ekkoTheBoyWhoShatteredTime:zDriveResonance":0,"ReplayTheSpireMod:DimensionalGlitch":57,"hubris:Potato":17}]},"card_choices":[{"not_picked":["ekkoTheBoyWhoShatteredTime:CommittedStrike","ekkoTheBoyWhoShatteredTime:AfterimageTease"],"picked":"ekkoTheBoyWhoShatteredTime:AfterimageHit","floor":1},{"not_picked":["ekkoTheBoyWhoShatteredTime:HauntedAfterimage","ekkoTheBoyWhoShatteredTime:QuickBreak"],"picked":"ekkoTheBoyWhoShatteredTime:AfterimageHit","floor":2},{"not_picked":["ekkoTheBoyWhoShatteredTime:AfterimageBait","ekkoTheBoyWhoShatteredTime:HauntedAfterimage"],"picked":"ekkoTheBoyWhoShatteredTime:OverloadingWeapon","floor":4},{"not_picked":["ekkoTheBoyWhoShatteredTime:IceBreak","ekkoTheBoyWhoShatteredTime:DefensiveStance","ekkoTheBoyWhoShatteredTime:NaggingBlow"],"picked":"SKIP","floor":5},{"not_picked":["ekkoTheBoyWhoShatteredTime:WaitForKeyTiming","ekkoTheBoyWhoShatteredTime:LichBane"],"picked":"ekkoTheBoyWhoShatteredTime:FluidEnergy","floor":6},{"not_picked":["ekkoTheBoyWhoShatteredTime:Confident","ekkoTheBoyWhoShatteredTime:WaitForKeyTiming","ekkoTheBoyWhoShatteredTime:TimeRecall"],"picked":"SKIP","floor":8},{"not_picked":["ekkoTheBoyWhoShatteredTime:NaggingBlow","ekkoTheBoyWhoShatteredTime:Dash"],"picked":"ekkoTheBoyWhoShatteredTime:WideSlice","floor":11},{"not_picked":["ekkoTheBoyWhoShatteredTime:Leap","ekkoTheBoyWhoShatteredTime:HailOfBlades"],"picked":"ekkoTheBoyWhoShatteredTime:AfterimageBait","floor":12},{"not_picked":["ekkoTheBoyWhoShatteredTime:ZhonyasHourglass","ekkoTheBoyWhoShatteredTime:DuplicateTimelines"],"picked":"ekkoTheBoyWhoShatteredTime:SktSynergy","floor":16},{"not_picked":["ekkoTheBoyWhoShatteredTime:WaitForKeyTiming+1","ekkoTheBoyWhoShatteredTime:Backtrack","ekkoTheBoyWhoShatteredTime:DefensiveStance"],"picked":"SKIP","floor":18},{"not_picked":["ekkoTheBoyWhoShatteredTime:KneeNSwordCombo","ekkoTheBoyWhoShatteredTime:LevelUp"],"picked":"ekkoTheBoyWhoShatteredTime:KeepingMomentum","floor":19},{"not_picked":["ekkoTheBoyWhoShatteredTime:SneakHit+1","ekkoTheBoyWhoShatteredTime:HextechProtobelt+1"],"picked":"ekkoTheBoyWhoShatteredTime:NashorsTooth","floor":20},{"not_picked":["ekkoTheBoyWhoShatteredTime:AfterimageDualStroke","ekkoTheBoyWhoShatteredTime:Resocharge+1"],"picked":"ekkoTheBoyWhoShatteredTime:ComeAtMe","floor":21},{"not_picked":["ekkoTheBoyWhoShatteredTime:GrandeFinale","ekkoTheBoyWhoShatteredTime:Leap+1","ekkoTheBoyWhoShatteredTime:Greed"],"picked":"SKIP","floor":24},{"not_picked":["ekkoTheBoyWhoShatteredTime:TimeRecall","ekkoTheBoyWhoShatteredTime:Confident"],"picked":"ekkoTheBoyWhoShatteredTime:Dash+1","floor":25},{"not_picked":["ekkoTheBoyWhoShatteredTime:AfterimageSetup","ekkoTheBoyWhoShatteredTime:SktSynergy"],"picked":"ekkoTheBoyWhoShatteredTime:Vibin","floor":28},{"not_picked":["ekkoTheBoyWhoShatteredTime:HauntedAfterimage+1","ekkoTheBoyWhoShatteredTime:Greed+1"],"picked":"ekkoTheBoyWhoShatteredTime:Backtrack","floor":30},{"not_picked":["ekkoTheBoyWhoShatteredTime:TrickOrTreatTrend","ekkoTheBoyWhoShatteredTime:GrandeFinale"],"picked":"ekkoTheBoyWhoShatteredTime:TrinityForce","floor":33},{"not_picked":["ekkoTheBoyWhoShatteredTime:WideSlice+1","ekkoTheBoyWhoShatteredTime:QuickBreak"],"picked":"ekkoTheBoyWhoShatteredTime:VelocityConsuming+1","floor":35},{"not_picked":["ekkoTheBoyWhoShatteredTime:AfterimageBait+1","ekkoTheBoyWhoShatteredTime:QuickBreak"],"picked":"ekkoTheBoyWhoShatteredTime:PhaseDive+1","floor":36},{"not_picked":["ekkoTheBoyWhoShatteredTime:NaggingBlow","ekkoTheBoyWhoShatteredTime:AfterimageTease+1","ekkoTheBoyWhoShatteredTime:AfterimageSetup"],"picked":"SKIP","floor":37},{"not_picked":["ekkoTheBoyWhoShatteredTime:WaitForKeyTiming+1","ekkoTheBoyWhoShatteredTime:Acceleration+1","ekkoTheBoyWhoShatteredTime:AcademyAttraction"],"picked":"SKIP","floor":38},{"not_picked":["ekkoTheBoyWhoShatteredTime:PhaseDive","ekkoTheBoyWhoShatteredTime:WaitForKeyTiming+1"],"picked":"ekkoTheBoyWhoShatteredTime:Timewinder","floor":39},{"not_picked":["ekkoTheBoyWhoShatteredTime:AfterimageTease+1","ekkoTheBoyWhoShatteredTime:Leap","ekkoTheBoyWhoShatteredTime:SneakHit"],"picked":"SKIP","floor":41},{"not_picked":["ekkoTheBoyWhoShatteredTime:QuickBreak","ekkoTheBoyWhoShatteredTime:FeelLessPain"],"picked":"ekkoTheBoyWhoShatteredTime:PhaseDive+1","floor":43},{"not_picked":["ekkoTheBoyWhoShatteredTime:GrandeFinale","ekkoTheBoyWhoShatteredTime:AfterimageHit","ekkoTheBoyWhoShatteredTime:Knowledge+1"],"picked":"SKIP","floor":45}],"player_experience":492891,"relics_obtained":[{"floor":6,"key":"hubris:Potato"},{"floor":9,"key":"conspire:DecoderRing"},{"floor":12,"key":"Blue Doll"},{"floor":24,"key":"reliquary:Boomerang"},{"floor":26,"key":"hubris:MysteriousPyramids"},{"floor":28,"key":"infinitespire:Bottled Soul"},{"floor":41,"key":"hubris:DeckOfHolding"}],"event_choices":[{"damage_healed":0,"gold_gain":0,"player_choice":"Forge","damage_taken":0,"max_hp_gain":0,"max_hp_loss":0,"event_name":"Accursed Blacksmith","floor":3,"gold_loss":0,"cards_upgraded":["ekkoTheBoyWhoShatteredTime:TimeMaster"]},{"damage_healed":0,"gold_gain":0,"player_choice":"Gave Potion","damage_taken":0,"relics_obtained":["reliquary:Knoch"],"max_hp_gain":0,"max_hp_loss":0,"event_name":"WeMeetAgain","floor":31,"gold_loss":0},{"damage_healed":0,"gold_gain":0,"player_choice":"Copied","damage_taken":0,"max_hp_gain":0,"max_hp_loss":0,"event_name":"Duplicator","floor":42,"gold_loss":0,"cards_obtained":["infinitespire:Execution"]}],"is_beta":false,"boss_relics":[{"not_picked":["halation:ForbiddenBikini","beaked:SacredDeck"],"picked":"jedi:paperlyon"},{"not_picked":["halation:HeavySnake","Painkiller Herb"],"picked":"hubris:VirtuousBlindfold"}],"items_purged_floors":[7,22,27],"is_endless":false,"potions_floor_spawned":[1,6,12,19,21,24,28,33,35,39,45],"killed_by":"HollowMod:StalkingDevout","ascension_level":0}}