{"host":"51f0ad793vly1w6u","time":1613303617,"event":{"mods":["BaseMod","Colored Map","DeckTracker","Minty Spire (QoL Compilation)","StSLib","SuperFastMode"],"gold_per_floor":[19,19,29,29,47,75,37,37,37,37,70,145,25,41,41,141,141,157,177,177,195,195,195,223,148,196,196,210,210,210],"floor_reached":29,"language":"KOR","playtime":488,"items_purged":["Defend_B"],"score":300,"play_id":"0742a6ef-54b1-46ac-8481-01adfff3ae6b","local_time":"20210214205337","is_ascension_mode":true,"campfire_choices":[{"data":"Capacitor","floor":8,"key":"SMITH"},{"data":"Dualcast","floor":10,"key":"SMITH"},{"data":"Defragment","floor":15,"key":"SMITH"},{"floor":23,"key":"REST"}],"circlet_count":0,"master_deck":["Defend_B","Defend_B","Zap+1","Dualcast+1","Undo","Glacier","Rip and Tear","Echo Form","Capacitor+1","Reboot","Defragment+1","Conserve Battery","Ball Lightning","Core Surge","Redo+1","Conserve Battery+1","Turbo"],"relics":["Cracked Core","Girya","Bag of Marbles","Symbiotic Virus","StrikeDummy","Empty Cage","Red Mask","Pen Nib"],"acts_visited":["Exordium","TheCity"],"potions_floor_usage":[6,24,28,29],"damage_taken":[{"damage":3,"enemies":"2 Louse","floor":1,"turns":2},{"damage":0,"enemies":"Jaw Worm","floor":3,"turns":2},{"damage":0,"enemies":"Small Slimes","floor":5,"turns":3},{"damage":6,"enemies":"Lagavulin","floor":6,"turns":8},{"damage":16,"enemies":"Gremlin Nob","floor":11,"turns":4},{"damage":0,"enemies":"Looter","floor":14,"turns":2},{"damage":3,"enemies":"The Guardian","floor":16,"turns":9},{"damage":13,"enemies":"2 Thieves","floor":18,"turns":4},{"damage":12,"enemies":"3 Byrds","floor":19,"turns":4},{"damage":17,"enemies":"Shelled Parasite and Fungi","floor":21,"turns":5},{"damage":26,"enemies":"Masked Bandits","floor":24,"turns":3},{"damage":0,"enemies":"Snake Plant","floor":28,"turns":4},{"damage":6,"enemies":"Gremlin Leader","floor":29,"turns":2}],"seed_played":"-7602574058826514757","potions_obtained":[{"floor":1,"key":"Explosive Potion"},{"floor":5,"key":"Weak Potion"},{"floor":11,"key":"FocusPotion"},{"floor":18,"key":"PowerPotion"}],"is_trial":false,"path_per_floor":["M","?","M","T","M","E","$","R","T","R","E","?","$","M","R","B",null,"M","M","?","M","?","R","?","$","T","?","M","E"],"character_chosen":"DEFECT","items_purchased":["Capacitor","Defragment","Conserve Battery"],"campfire_rested":1,"item_purchase_floors":[7,13,13],"current_hp_per_floor":[65,65,65,65,65,59,59,59,59,59,43,32,32,32,32,29,64,51,39,39,22,22,44,18,18,18,4,4,0,0],"gold":210,"neow_bonus":"REMOVE_TWO","is_daily":false,"chose_seed":false,"campfire_upgraded":3,"win_rate":0.0,"timestamp":1613303617,"path_taken":["M","?","M","?","M","E","?","R","T","R","E","?","$","M","R","BOSS","M","M","?","M","?","R","?","$","T","?","M","E"],"items_purchased_type":["Card","Card","Card"],"build_version":"2020-12-22","purchased_purges":1,"victory":false,"max_hp_per_floor":[75,75,75,75,75,75,75,75,75,75,75,75,75,75,75,75,75,75,75,75,75,75,75,75,75,75,80,80,80,80],"card_choices":[{"not_picked":["Hologram","Loop"],"picked":"Undo","floor":1},{"not_picked":["Beam Cell","Coolheaded"],"picked":"Glacier","floor":3},{"not_picked":["Leap","Genetic Algorithm"],"picked":"Rip and Tear","floor":5},{"not_picked":["Darkness","Turbo"],"picked":"Echo Form","floor":6},{"not_picked":["Gash","Double Energy"],"picked":"Reboot","floor":11},{"not_picked":["Go for the Eyes","Gash"],"picked":"Ball Lightning","floor":14},{"not_picked":["Hyperbeam","Thunder Strike"],"picked":"Core Surge","floor":16},{"not_picked":["Barrage","Gash"],"picked":"Redo+1","floor":18},{"not_picked":["Hologram","Redo","Go for the Eyes+1"],"picked":"SKIP","floor":19},{"not_picked":["Streamline","Chaos","Compile Driver"],"picked":"SKIP","floor":21},{"not_picked":["Reinforced Body","Sweeping Beam"],"picked":"Conserve Battery+1","floor":24},{"not_picked":["Hologram","Conserve Battery"],"picked":"Turbo","floor":28}],"player_experience":1460040,"relics_obtained":[{"floor":4,"key":"Girya"},{"floor":6,"key":"Bag of Marbles"},{"floor":9,"key":"Symbiotic Virus"},{"floor":11,"key":"StrikeDummy"},{"floor":24,"key":"Red Mask"},{"floor":26,"key":"Pen Nib"}],"event_choices":[{"damage_healed":0,"gold_gain":0,"player_choice":"Grow","damage_taken":0,"max_hp_gain":0,"max_hp_loss":0,"event_name":"Living Wall","floor":2,"gold_loss":0,"cards_upgraded":["Zap"]},{"damage_healed":0,"gold_gain":75,"player_choice":"Gather Gold","damage_taken":11,"max_hp_gain":0,"max_hp_loss":0,"event_name":"World of Goop","floor":12,"gold_loss":0},{"cards_removed":["Strike_B"],"damage_healed":0,"gold_gain":0,"player_choice":"Elegance","damage_taken":0,"max_hp_gain":0,"max_hp_loss":0,"event_name":"Back to Basics","floor":20,"gold_loss":0},{"damage_healed":0,"gold_gain":0,"player_choice":"Ignored","damage_taken":0,"max_hp_gain":0,"max_hp_loss":0,"event_name":"Ghosts","floor":22,"gold_loss":0},{"damage_healed":0,"gold_gain":0,"player_choice":"Fought Bandits","damage_taken":0,"max_hp_gain":0,"max_hp_loss":0,"event_name":"Masked Bandits","floor":24,"gold_loss":0},{"damage_healed":0,"gold_gain":0,"player_choice":"Shed Blood","damage_taken":19,"max_hp_gain":5,"max_hp_loss":0,"event_name":"Forgotten Altar","floor":27,"gold_loss":0}],"is_beta":false,"boss_relics":[{"not_picked":["Fusion Hammer","Nuclear Battery"],"picked":"Empty Cage"}],"items_purged_floors":[25],"is_endless":false,"potions_floor_spawned":[1,5,11,18],"killed_by":"Gremlin Leader","ascension_level":6}}