{"host":"k2mw1od0xoi9pcfj","time":1613272499,"event":{"mods":["AchievementEnabler","Act Like it!","Aspiration","BaseMod","Beaked The Cultist","Downfall","Energized Spire","Highlight Path","Minty Spire (QoL Compilation)","Permanent Neow","Relic Stats","Reliquary","Replay The Spire","Retaliation","StSLib"],"gold_per_floor":[199,199,38,52,69,103,103,30,53,89,98,113,142,151,175,289,289,289,289],"floor_reached":17,"language":"ENG","playtime":9391,"items_purged":[],"score":192,"play_id":"1a36d296-e327-4bc9-94aa-b4e208abdf53","local_time":"20210213211459","is_ascension_mode":false,"campfire_choices":[{"floor":1,"key":"RECALL"},{"floor":11,"key":"REST"}],"circlet_count":0,"master_deck":["Guardian:Strike_Guardian","Guardian:Strike_Guardian+1","Guardian:Strike_Guardian+1","Guardian:Defend_Guardian","Guardian:Defend_Guardian","Guardian:Defend_Guardian","Guardian:Defend_Guardian","Guardian:CurlUp","Guardian:TwinSlam","Guardian:SpikerProtocol","Guardian:Clone","Guardian:ShieldCharger+1","Guardian:CompilePackage","Guardian:TimeSifter","Guardian:FloatingOrbs","Guardian:ArmoredProtocol+1","Guardian:EvasiveProtocol","Guardian:FierceBash","Guardian:SpikerProtocol","downfall:Malfunctioning","Guardian:Orbwalk","Guardian:TimeSifter"],"relics":["Guardian:ModeShifter","Gremlin Food","Matryoshka","CeramicFish","Dream Catcher","reliquary:Firecrackers","Sozu"],"acts_visited":["Exordium","TheCity"],"potions_floor_usage":[6,8],"damage_taken":[{"damage":0,"enemies":"downfall:FleeingMerchant","floor":3,"turns":4},{"damage":1,"enemies":"Jaw Worm","floor":4,"turns":6},{"damage":0,"enemies":"Cultist","floor":5,"turns":4},{"damage":28,"enemies":"3 Sentries","floor":6,"turns":14},{"damage":0,"enemies":"downfall:FleeingMerchant","floor":8,"turns":4},{"damage":5,"enemies":"Small Slimes","floor":9,"turns":5},{"damage":0,"enemies":"Lagavulin","floor":10,"turns":8},{"damage":9,"enemies":"3 Louse","floor":12,"turns":4},{"damage":13,"enemies":"Lots of Slimes","floor":13,"turns":5},{"damage":7,"enemies":"downfall:LooterAlt","floor":15,"turns":5},{"damage":10,"enemies":"SI_SHIV_ARCHETYPE","floor":16,"turns":6}],"seed_played":"-8897074643328451028","potions_obtained":[{"floor":4,"key":"hexamod:SoulburnPotion"},{"floor":5,"key":"Weak Potion"},{"floor":6,"key":"Fruit Juice"},{"floor":9,"key":"hexamod:SoulburnPotion"},{"floor":13,"key":"Weak Potion"}],"is_trial":false,"path_per_floor":["R","?","$","M","M","E","T","$","M","E","R","M","M","?","M","B",null],"character_chosen":"GUARDIAN","items_purchased":["Gremlin Food","Guardian:FloatingOrbs"],"campfire_rested":1,"item_purchase_floors":[3,8],"current_hp_per_floor":[80,80,80,79,79,56,56,56,51,51,76,67,54,54,47,37,85,85,85],"gold":289,"neow_bonus":"HUNDRED_GOLD","is_daily":false,"chose_seed":false,"campfire_upgraded":0,"win_rate":0.0,"timestamp":1613272499,"path_taken":["R","?","$","?","M","E","T","?","M","E","R","M","M","?","M","BOSS"],"items_purchased_type":["Relic","Card"],"build_version":"2020-12-22","purchased_purges":0,"victory":false,"max_hp_per_floor":[80,80,80,80,80,85,85,85,85,85,85,85,85,85,85,85,85,85,85],"relic_stats":{"Sozu":0,"Dream Catcher":1,"counters":[11,65],"CeramicFish":81,"obtain_stats":[{"Gremlin Food":3,"Sozu":17,"Dream Catcher":7,"Matryoshka":6,"CeramicFish":7,"reliquary:Firecrackers":10,"Guardian:ModeShifter":0},{"Gremlin Food":1,"Sozu":11,"Dream Catcher":4,"Matryoshka":4,"CeramicFish":4,"reliquary:Firecrackers":7,"Guardian:ModeShifter":0},{"Gremlin Food":4,"Sozu":65,"Dream Catcher":28,"Matryoshka":28,"CeramicFish":28,"reliquary:Firecrackers":45,"Guardian:ModeShifter":0}]},"card_choices":[{"not_picked":["Guardian:Gem_Red","Guardian:WalkerClaw","Guardian:Reroute"],"picked":"SKIP","floor":3},{"not_picked":["Guardian:Gem_Yellow","Guardian:ShieldCharger"],"picked":"Guardian:Clone","floor":4},{"not_picked":["Guardian:Gem_Cyan","Guardian:Gem_Green"],"picked":"Guardian:ShieldCharger","floor":5},{"not_picked":["Guardian:Suspension","Guardian:BronzeArmor"],"picked":"Guardian:CompilePackage","floor":6},{"not_picked":["Guardian:WalkerClaw","Guardian:Gem_Purple"],"picked":"Guardian:TimeSifter","floor":8},{"not_picked":["Guardian:Gem_Fragmented","Guardian:CrystalBeam"],"picked":"Guardian:ArmoredProtocol","floor":9},{"not_picked":["Guardian:VentSteam","Guardian:Suspension"],"picked":"Guardian:EvasiveProtocol","floor":10},{"not_picked":["Guardian:ShieldSpikes","Guardian:TemporalStrike"],"picked":"Guardian:FierceBash","floor":11},{"not_picked":["Guardian:Gem_Red","Guardian:CrystalBeam","Guardian:Gem_Crimson"],"picked":"SKIP","floor":12},{"not_picked":["Guardian:Gem_Cyan","Guardian:TemporalShield"],"picked":"Guardian:SpikerProtocol","floor":13},{"not_picked":["Guardian:Gem_Purple","Guardian:WalkerClaw"],"picked":"Guardian:Orbwalk","floor":15},{"not_picked":["Guardian:GatlingBeam","Guardian:BaubleBeam"],"picked":"Guardian:TimeSifter","floor":16}],"player_experience":765199,"relics_obtained":[{"floor":6,"key":"Matryoshka"},{"floor":7,"key":"CeramicFish"},{"floor":7,"key":"Dream Catcher"},{"floor":10,"key":"reliquary:Firecrackers"}],"event_choices":[],"is_beta":false,"boss_relics":[{"not_picked":["Honey Jar","aspiration:WatcherSkillbook"],"picked":"Sozu"}],"items_purged_floors":[],"is_endless":false,"potions_floor_spawned":[4,5,6,9,13],"ascension_level":0}}