{"host":"dcj2yvrgcvh5dl2s","time":1613264271,"event":{"mods":["BaseMod","Bestiary","Better Note","Block Reminder","Colored Powertips","Curses Come First","DeckTracker","Displayed Cursed Tome","Minty Spire (QoL Compilation)","Quick Restart","Rare Cards Sparkle","Relic Stats","StSLib"],"gold_per_floor":[118,65,79,91,3,34,52,52,103,135,135,149,180,180,180,180,180],"floor_reached":16,"language":"ENG","playtime":528,"items_purged":[],"score":240,"play_id":"14a18838-a02c-4d27-bf5f-93c7a8e3829a","local_time":"20210214105751","is_ascension_mode":true,"campfire_choices":[{"floor":8,"key":"REST"},{"floor":11,"key":"REST"},{"floor":15,"key":"REST"}],"circlet_count":0,"master_deck":["AscendersBane","Strike_R","Strike_R","Strike_R","Strike_R","Strike_R","Defend_R","Defend_R","Defend_R","Defend_R","Bash","Disarm","Sword Boomerang","Clothesline","Pummel","Inflame","Exhume","Flex","Body Slam","Heavy Blade"],"relics":["Burning Blood","NeowsBlessing","Bottled Flame","Toy Ornithopter","Ancient Tea Set","Oddly Smooth Stone"],"acts_visited":["Exordium"],"potions_floor_usage":[6,10,13,13],"damage_taken":[{"damage":0,"enemies":"Cultist","floor":1,"turns":1},{"damage":0,"enemies":"Jaw Worm","floor":3,"turns":1},{"damage":0,"enemies":"Small Slimes","floor":4,"turns":1},{"damage":50,"enemies":"Gremlin Nob","floor":6,"turns":5},{"damage":15,"enemies":"3 Louse","floor":7,"turns":4},{"damage":34,"enemies":"Lagavulin","floor":10,"turns":9},{"damage":10,"enemies":"2 Fungi Beasts","floor":12,"turns":4},{"damage":40,"enemies":"3 Sentries","floor":13,"turns":8},{"damage":40,"enemies":"Hexaghost","floor":16,"turns":10}],"seed_played":"7906421260685132415","potions_obtained":[{"floor":1,"key":"SkillPotion"},{"floor":7,"key":"SkillPotion"},{"floor":10,"key":"SpeedPotion"},{"floor":12,"key":"DuplicationPotion"}],"is_trial":false,"path_per_floor":["M","$","M","M","$","E","M","R","T","E","R","M","E","?","R","B"],"character_chosen":"IRONCLAD","items_purchased":["Sword Boomerang","Pummel"],"campfire_rested":3,"item_purchase_floors":[2,5],"current_hp_per_floor":[74,74,75,75,75,31,22,44,44,21,43,39,15,15,37,0,0],"gold":180,"neow_bonus":"THREE_ENEMY_KILL","is_daily":false,"chose_seed":false,"campfire_upgraded":0,"win_rate":0.0,"timestamp":1613264271,"path_taken":["M","$","M","M","$","E","?","R","T","E","R","M","E","?","R","BOSS"],"items_purchased_type":["Card","Card"],"build_version":"2020-12-22","purchased_purges":0,"victory":false,"max_hp_per_floor":[75,75,75,75,75,75,75,75,75,75,75,75,75,75,75,75,75],"relic_stats":{"counters":[9,43],"obtain_stats":[{"Bottled Flame":6,"NeowsBlessing":0,"Oddly Smooth Stone":13,"Ancient Tea Set":10,"Burning Blood":0,"Toy Ornithopter":9},{"Bottled Flame":4,"NeowsBlessing":0,"Oddly Smooth Stone":8,"Ancient Tea Set":6,"Burning Blood":0,"Toy Ornithopter":5},{"Bottled Flame":8,"NeowsBlessing":0,"Oddly Smooth Stone":33,"Ancient Tea Set":21,"Burning Blood":0,"Toy Ornithopter":12}],"Burning Blood":37,"Toy Ornithopter":15},"card_choices":[{"not_picked":["Headbutt","Anger"],"picked":"Disarm","floor":1},{"not_picked":["Iron Wave","Second Wind","Anger"],"picked":"SKIP","floor":3},{"not_picked":["Iron Wave","Hemokinesis"],"picked":"Clothesline","floor":4},{"not_picked":["Intimidate","Clash"],"picked":"Inflame","floor":6},{"not_picked":["Armaments","Power Through"],"picked":"Exhume","floor":7},{"not_picked":["Hemokinesis","Heavy Blade"],"picked":"Flex","floor":10},{"not_picked":["Wild Strike","Rage"],"picked":"Body Slam","floor":12},{"not_picked":["Anger","Flame Barrier"],"picked":"Heavy Blade","floor":13}],"player_experience":2398957,"relics_obtained":[{"floor":6,"key":"Bottled Flame"},{"floor":9,"key":"Toy Ornithopter"},{"floor":10,"key":"Ancient Tea Set"},{"floor":13,"key":"Oddly Smooth Stone"}],"event_choices":[{"damage_healed":0,"gold_gain":0,"player_choice":"Ignored","damage_taken":0,"max_hp_gain":0,"max_hp_loss":0,"event_name":"Liars Game","floor":14,"gold_loss":0}],"is_beta":false,"boss_relics":[],"items_purged_floors":[],"is_endless":false,"potions_floor_spawned":[1,7,10,12],"killed_by":"Hexaghost","ascension_level":20}}