{"host":"5agrj1fd4s00r127","time":1613319676,"event":{"mods":["BaseMod","Hermit","Minty Spire (QoL Compilation)","StSLib"],"gold_per_floor":[116,191,205,380,398,426,426,145,145,173,191,191,214,228,228,359,359,378,421,95,55,74,74,95,135,161,174,174,273,311,311,311,311,311],"floor_reached":33,"language":"RUS","playtime":1600,"items_purged":["Doubt","Injury"],"score":285,"play_id":"d71d0f22-4079-4a2d-ad79-86a38b8e6bac","local_time":"20210214182116","is_ascension_mode":false,"campfire_choices":[{"data":"Noxious Fumes","floor":7,"key":"SMITH"},{"floor":15,"key":"REST"},{"floor":23,"key":"REST"},{"floor":28,"key":"REST"},{"floor":32,"key":"REST"}],"circlet_count":0,"master_deck":["Strike_G","Strike_G","Strike_G","Strike_G","Strike_G","Defend_G","Defend_G","Defend_G","Defend_G","Defend_G","Survivor","Neutralize","Deadly Poison","Predator","Noxious Fumes+1","PiercingWail","Deadly Poison","Well Laid Plans","Envenom+1","Outmaneuver+1","Noxious Fumes","Terror","Crippling Poison+1"],"relics":["Ring of the Snake","NeowsBlessing","Meat on the Bone","MealTicket","Centennial Puzzle","Odd Mushroom","Golden Idol","Fusion Hammer","Red Mask","TwistedFunnel","Pear","Bag of Preparation","Bottled Tornado"],"acts_visited":["Exordium","TheCity"],"potions_floor_usage":[6,6,13,16,16,19,30],"damage_taken":[{"damage":0,"enemies":"Small Slimes","floor":1,"turns":1},{"damage":0,"enemies":"2 Louse","floor":3,"turns":1},{"damage":0,"enemies":"Jaw Worm","floor":5,"turns":1},{"damage":25,"enemies":"Lagavulin","floor":6,"turns":6},{"damage":11,"enemies":"The Mushroom Lair","floor":10,"turns":5},{"damage":9,"enemies":"2 Fungi Beasts","floor":11,"turns":4},{"damage":5,"enemies":"Large Slime","floor":13,"turns":6},{"damage":4,"enemies":"Blue Slaver","floor":14,"turns":4},{"damage":30,"enemies":"Hexaghost","floor":16,"turns":8},{"damage":28,"enemies":"2 Thieves","floor":18,"turns":5},{"damage":36,"enemies":"Masked Bandits","floor":19,"turns":5},{"damage":0,"enemies":"Spheric Guardian","floor":22,"turns":3},{"damage":21,"enemies":"Centurion and Healer","floor":24,"turns":6},{"damage":40,"enemies":"Slavers","floor":25,"turns":5},{"damage":19,"enemies":"Cultist and Chosen","floor":27,"turns":5},{"damage":36,"enemies":"Book of Stabbing","floor":30,"turns":6},{"damage":49,"enemies":"Champ","floor":33,"turns":9}],"seed_played":"3957428443353943553","potions_obtained":[{"floor":1,"key":"Regen Potion"},{"floor":5,"key":"CunningPotion"},{"floor":6,"key":"BlessingOfTheForge"},{"floor":10,"key":"CunningPotion"},{"floor":13,"key":"DuplicationPotion"},{"floor":18,"key":"Strength Potion"},{"floor":27,"key":"PowerPotion"}],"is_trial":false,"path_per_floor":["M","?","M","?","M","E","R","$","T","?","M","?","M","M","R","B",null,"M","?","$","?","M","R","M","E","T","M","R","?","E","?","R","B"],"character_chosen":"THE_SILENT","items_purchased":["MealTicket","PiercingWail","TwistedFunnel","Noxious Fumes"],"campfire_rested":4,"item_purchase_floors":[8,8,20,20],"current_hp_per_floor":[70,59,59,59,59,49,49,49,49,38,41,41,36,44,65,47,70,42,18,33,33,45,66,45,27,27,20,44,44,20,20,44,0,0],"gold":311,"neow_bonus":"THREE_ENEMY_KILL","is_daily":false,"chose_seed":false,"campfire_upgraded":1,"win_rate":0.0,"timestamp":1613319676,"path_taken":["M","?","M","?","M","E","R","?","T","?","M","?","M","?","R","BOSS","M","?","$","?","M","R","?","E","T","M","R","?","E","?","R","BOSS"],"items_purchased_type":["Relic","Card","Relic","Card"],"build_version":"2020-12-22","purchased_purges":2,"victory":false,"max_hp_per_floor":[70,70,70,70,70,70,70,70,70,70,70,70,70,70,70,70,70,70,70,70,70,70,70,70,80,80,80,80,80,80,80,80,80,80],"card_choices":[{"not_picked":["Reflex","PiercingWail"],"picked":"Deadly Poison","floor":1},{"not_picked":["Expertise","Deflect"],"picked":"Predator","floor":3},{"not_picked":["Dagger Throw","Calculated Gamble","Tactician"],"picked":"SKIP","floor":5},{"not_picked":["Bouncing Flask","Riddle With Holes"],"picked":"Noxious Fumes","floor":6},{"not_picked":["Masterful Stab","Outmaneuver"],"picked":"Deadly Poison","floor":11},{"not_picked":["Masterful Stab","Blade Dance","Finisher"],"picked":"SKIP","floor":13},{"not_picked":["Masterful Stab","Blade Dance","Finisher"],"picked":"SKIP","floor":13},{"not_picked":["Sucker Punch","Distraction"],"picked":"Well Laid Plans","floor":14},{"not_picked":["Night Terror","Malaise"],"picked":"Envenom","floor":16},{"not_picked":["Slice+1","PiercingWail"],"picked":"Outmaneuver+1","floor":18},{"not_picked":["Sucker Punch","Reflex"],"picked":"Terror","floor":22},{"not_picked":["Prepared","Deflect+1","Escape Plan+1"],"picked":"SKIP","floor":24},{"not_picked":["Dagger Spray","Eviscerate"],"picked":"Crippling Poison+1","floor":25},{"not_picked":["Slice","Expertise","Dagger Throw+1"],"picked":"SKIP","floor":27},{"not_picked":["Doppelganger","Crippling Poison+1","Quick Slash+1"],"picked":"SKIP","floor":30}],"player_experience":882,"relics_obtained":[{"floor":6,"key":"Meat on the Bone"},{"floor":9,"key":"Centennial Puzzle"},{"floor":10,"key":"Odd Mushroom"},{"floor":19,"key":"Red Mask"},{"floor":25,"key":"Pear"},{"floor":26,"key":"Bag of Preparation"},{"floor":30,"key":"Bottled Tornado"}],"event_choices":[{"damage_healed":0,"gold_gain":75,"player_choice":"Gather Gold","damage_taken":11,"max_hp_gain":0,"max_hp_loss":0,"event_name":"World of Goop","floor":2,"gold_loss":0},{"damage_healed":0,"gold_gain":175,"player_choice":"AGREE","damage_taken":0,"max_hp_gain":0,"max_hp_loss":0,"event_name":"Liars Game","floor":4,"gold_loss":0,"cards_obtained":["Doubt"]},{"damage_healed":0,"gold_gain":0,"player_choice":"Fought Mushrooms","damage_taken":0,"max_hp_gain":0,"max_hp_loss":0,"event_name":"Mushrooms","floor":10,"gold_loss":0},{"damage_healed":0,"gold_gain":0,"player_choice":"Take Wound","damage_taken":0,"relics_obtained":["Golden Idol"],"max_hp_gain":0,"max_hp_loss":0,"event_name":"Golden Idol","floor":12,"gold_loss":0,"cards_obtained":["Injury"]},{"damage_healed":0,"gold_gain":0,"player_choice":"Fought Bandits","damage_taken":0,"max_hp_gain":0,"max_hp_loss":0,"event_name":"Masked Bandits","floor":19,"gold_loss":0},{"damage_healed":0,"gold_gain":0,"player_choice":"Upgrade","damage_taken":0,"max_hp_gain":0,"max_hp_loss":0,"event_name":"Designer","floor":21,"gold_loss":40,"cards_upgraded":["Envenom"]},{"damage_healed":0,"gold_gain":99,"player_choice":"Stole From Cult","damage_taken":0,"max_hp_gain":0,"max_hp_loss":0,"event_name":"Nest","floor":29,"gold_loss":0},{"damage_healed":0,"gold_gain":0,"player_choice":"Ignored","damage_taken":0,"max_hp_gain":0,"max_hp_loss":0,"event_name":"Ghosts","floor":31,"gold_loss":0}],"is_beta":false,"boss_relics":[{"not_picked":["Ectoplasm","Astrolabe"],"picked":"Fusion Hammer"}],"items_purged_floors":[8,20],"is_endless":false,"potions_floor_spawned":[1,5,6,10,13,18,27],"killed_by":"Champ","ascension_level":0}}