{"host":"3498uni0c31c9bdm","time":1613327525,"event":{"mods":["BaseMod","Better Match","Better Note","Better Sensory Stone","Better Skull","Better Third Choice","Colored Map","Minty Spire (QoL Compilation)","Quick Restart","RNG Fix","Random Character Button","Replay The Spire","Shop Mod","Smile Girya","StSLib","Unceasing Turn Reminder"],"gold_per_floor":[115,115,298,310,322,357,357,357,357],"floor_reached":8,"language":"ENG","playtime":203,"items_purged":[],"score":98,"play_id":"73842253-3bcc-4911-84fb-9c5fcb23228c","local_time":"20210215053205","is_ascension_mode":true,"campfire_choices":[{"floor":7,"key":"REST"}],"circlet_count":0,"master_deck":["AscendersBane","Strike_B","Strike_B","Strike_B","Strike_B","Defend_B","Defend_B","Defend_B","Defend_B","Zap","Dualcast","Melter","Magnetism","Stack","Cold Snap","Sweeping Beam","Aggregate"],"relics":["Cracked Core","NeowsBlessing","Divine Protection"],"acts_visited":["Exordium"],"potions_floor_usage":[6,8],"damage_taken":[{"damage":0,"enemies":"Jaw Worm","floor":1,"turns":1},{"damage":0,"enemies":"2 Louse","floor":4,"turns":1},{"damage":0,"enemies":"Small Slimes","floor":5,"turns":1},{"damage":29,"enemies":"Lagavulin","floor":6,"turns":8},{"damage":45,"enemies":"Gremlin Nob","floor":8,"turns":4}],"seed_played":"-1494647578849585317","potions_obtained":[{"floor":4,"key":"ColorlessPotion"},{"floor":6,"key":"Regen Potion"}],"is_trial":false,"path_per_floor":["M","?","?","M","M","E","R","E"],"character_chosen":"DEFECT","items_purchased":[],"campfire_rested":1,"item_purchase_floors":[],"current_hp_per_floor":[64,64,36,36,36,7,28,0,0],"gold":357,"neow_bonus":"THREE_ENEMY_KILL","is_daily":false,"chose_seed":false,"campfire_upgraded":0,"win_rate":0.0,"timestamp":1613327525,"path_taken":["M","?","?","M","M","E","R","E"],"items_purchased_type":[],"build_version":"2020-12-22","purchased_purges":0,"victory":false,"max_hp_per_floor":[71,71,71,71,71,71,71,71,71],"card_choices":[{"not_picked":["Leap","ReplaySort"],"picked":"Melter","floor":1},{"not_picked":["Flash of Steel","Dark Shackles"],"picked":"Magnetism","floor":2},{"not_picked":["Gash","Storm"],"picked":"Stack","floor":3},{"not_picked":["ReplayTheSpireMod:GoodbyeWorld","Steam"],"picked":"Cold Snap","floor":4},{"not_picked":["Compile Driver","BasicCrystalCard"],"picked":"Sweeping Beam","floor":5},{"not_picked":["Streamline","Reboot"],"picked":"Aggregate","floor":6}],"player_experience":904761,"relics_obtained":[{"floor":6,"key":"Divine Protection"}],"event_choices":[{"damage_healed":0,"gold_gain":1,"player_choice":"1","damage_taken":0,"max_hp_gain":0,"max_hp_loss":0,"event_name":"betterStone:BetterStone","floor":2,"gold_loss":0}],"is_beta":false,"boss_relics":[],"items_purged_floors":[],"is_endless":false,"potions_floor_spawned":[4,6],"killed_by":"Gremlin Nob","ascension_level":15}}