{"host":"t5vp0whyqzs05fb6","time":1613282298,"event":{"mods":["AchievementEnabler","BaseMod","Colored Map","Minty Spire (QoL Compilation)","Rare Cards Sparkle","SuperFastMode","everything is the same but u backflip on backflip"],"gold_per_floor":[210,210,2,2,22,22,53,53,78,91,91,91,103,123,123,227,227,237,271,291,291,291,291],"floor_reached":22,"language":"KOR","playtime":686,"items_purged":[],"score":184,"play_id":"bf7efc9d-7973-46cd-996a-16a5224f928f","local_time":"20210214145818","is_ascension_mode":false,"campfire_choices":[{"data":"Armaments","floor":6.0,"key":"SMITH"},{"data":"Bludgeon","floor":8.0,"key":"SMITH"},{"data":"Bash","floor":12.0,"key":"SMITH"},{"data":"Shrug It Off","floor":15.0,"key":"SMITH"}],"circlet_count":0,"master_deck":["Strike_R","Strike_R","Strike_R","Strike_R","Defend_R","Defend_R","Defend_R","Defend_R","Bash+1","Sword Boomerang","Shrug It Off+1","Armaments+1","Bludgeon+1","Burning Pact","Whirlwind","Pommel Strike","Immolate","Fire Breathing"],"relics":["Burning Blood","Medical Kit","HornCleat","Juzu Bracelet","Question Card","SlaversCollar","Red Mask","Nilry\u0027s Codex"],"acts_visited":["Exordium","TheCity"],"potions_floor_usage":[19],"damage_taken":[{"damage":7.0,"enemies":"Small Slimes","floor":1.0,"turns":3.0},{"damage":0.0,"enemies":"Jaw Worm","floor":5.0,"turns":4.0},{"damage":26.0,"enemies":"3 Sentries","floor":7.0,"turns":11.0},{"damage":0.0,"enemies":"2 Louse","floor":10.0,"turns":3.0},{"damage":5.0,"enemies":"Looter","floor":13.0,"turns":3.0},{"damage":12.0,"enemies":"Exordium Thugs","floor":14.0,"turns":3.0},{"damage":46.0,"enemies":"The Guardian","floor":16.0,"turns":13.0},{"damage":20.0,"enemies":"2 Thieves","floor":18.0,"turns":3.0},{"damage":50,"enemies":"Masked Bandits","floor":19,"turns":6},{"damage":5,"enemies":"Chosen","floor":20,"turns":6},{"damage":13,"enemies":"3 Cultists","floor":22,"turns":3}],"seed_played":"-1245866990357721131","potions_obtained":[{"floor":5.0,"key":"FearPotion"},{"floor":10.0,"key":"FearPotion"},{"floor":13.0,"key":"LiquidMemories"}],"is_trial":false,"path_per_floor":["M","?","$","?","M","R","E","R","T","M","?","R","M","M","R","B",null,"M","?","M","?","M"],"character_chosen":"IRONCLAD","items_purchased":["Medical Kit","Shrug It Off"],"campfire_rested":0,"item_purchase_floors":[3,3],"current_hp_per_floor":[79,79,79,84,85,85,65,65,65,71,64,64,65,59,59,19,85,71,27,28,12,0,0],"gold":291,"neow_bonus":"HUNDRED_GOLD","is_daily":false,"chose_seed":false,"campfire_upgraded":4,"win_rate":0.0,"timestamp":1613282298,"path_taken":["M","?","$","?","M","R","E","R","T","M","?","R","M","M","R","BOSS","M","?","M","?","M"],"items_purchased_type":["Relic","Card"],"build_version":"2020-12-22","purchased_purges":0,"victory":false,"max_hp_per_floor":[80,80,80,85,85,85,85,85,85,85,85,85,85,85,85,85,85,85,85,85,85,85,85],"card_choices":[{"not_picked":["Iron Wave","Spot Weakness"],"picked":"Sword Boomerang","floor":1.0},{"not_picked":["Thunderclap","Heavy Blade"],"picked":"Armaments","floor":5.0},{"not_picked":["Sword Boomerang","Warcry"],"picked":"Bludgeon","floor":7.0},{"not_picked":["Flex","Sentinel"],"picked":"Burning Pact","floor":10.0},{"not_picked":["Iron Wave","Clothesline","Bloodletting"],"picked":"Whirlwind","floor":13.0},{"not_picked":["Clash","Sword Boomerang","Body Slam"],"picked":"Pommel Strike","floor":14.0},{"not_picked":["Demon Form","Barricade","Brutality"],"picked":"Immolate","floor":16.0},{"not_picked":["Whirlwind","Thunderclap","Headbutt+1","Warcry+1"],"picked":"SKIP","floor":18.0},{"not_picked":["Bloodletting","Combust","Thunderclap"],"picked":"Fire Breathing","floor":20}],"player_experience":214204,"relics_obtained":[{"floor":7.0,"key":"HornCleat"},{"floor":9.0,"key":"Juzu Bracelet"},{"floor":19,"key":"Red Mask"},{"floor":21,"key":"Nilry\u0027s Codex"}],"event_choices":[{"cards_removed":["Strike_R"],"damage_healed":0.0,"max_hp_gain":0.0,"max_hp_loss":0.0,"gold_gain":0.0,"event_name":"Living Wall","player_choice":"Forget","floor":2.0,"gold_loss":0.0,"damage_taken":0.0},{"damage_healed":0.0,"max_hp_gain":5.0,"max_hp_loss":0.0,"gold_gain":0.0,"event_name":"Big Fish","player_choice":"Donut","floor":4.0,"gold_loss":0.0,"damage_taken":0.0},{"damage_healed":0.0,"max_hp_gain":0.0,"max_hp_loss":0.0,"gold_gain":0.0,"event_name":"Scrap Ooze","player_choice":"Success","floor":11.0,"gold_loss":0.0,"damage_taken":7.0,"relics_obtained":["Question Card"]},{"damage_healed":0,"gold_gain":0,"player_choice":"Fought Bandits","damage_taken":0,"max_hp_gain":0,"max_hp_loss":0,"event_name":"Masked Bandits","floor":19,"gold_loss":0},{"damage_healed":0,"gold_gain":0,"player_choice":"Obtained Book","damage_taken":16,"max_hp_gain":0,"max_hp_loss":0,"event_name":"Cursed Tome","floor":21,"gold_loss":0}],"is_beta":false,"boss_relics":[{"not_picked":["Tiny House","Velvet Choker"],"picked":"SlaversCollar"}],"items_purged_floors":[],"is_endless":false,"potions_floor_spawned":[5,10,13],"killed_by":"3 Cultists","ascension_level":0}}