{"host":"8iprjuzow65cevwy","time":1613267382,"event":{"mods":["BaseMod","Colored Map","Highlight Path","Minty Spire (QoL Compilation)"],"gold_per_floor":[117,130,130,143,154,183,201,221,221,255,255,275,275,29,29,126,126,126,51,51,51,51,51,51,51,51,51,51,51,51,51,51,51,51,51,51,51,51,51,51,51,51,51,51,51,51,51,51,51,51],"floor_reached":51,"language":"ENG","playtime":3310,"items_purged":["Defend_R"],"score":1180,"play_id":"cca50bad-0421-485a-8865-aeb5c9749861","local_time":"20210214024942","is_ascension_mode":true,"campfire_choices":[{"data":"Flame Barrier","floor":13,"key":"SMITH"},{"data":"Apotheosis","floor":15,"key":"SMITH"},{"floor":29,"key":"REST"},{"data":"Brutality","floor":32,"key":"SMITH"},{"floor":40,"key":"REST"},{"floor":46,"key":"REST"},{"floor":49,"key":"REST"}],"circlet_count":0,"master_deck":["Strike_R+1","Strike_R+1","Strike_R+1","Strike_R+1","Defend_R+1","Defend_R+1","Bash","Perfected Strike","Flame Barrier+1","Wild Strike","Shrug It Off","Iron Wave","Sever Soul","Feel No Pain","Pummel+1","Uppercut+1","Apotheosis+1","Brutality+1","Power Through","Uppercut","Carnage","Perfected Strike","Power Through+1","Perfected Strike","Flame Barrier","Dark Embrace","Demon Form","Perfected Strike+1","Panacea","Dark Shackles","Trip","Sentinel","Heavy Blade+1","Hemokinesis+1","Shockwave","Parasite","Heavy Blade+1","Perfected Strike+1"],"relics":["Snecko Eye","Incense Burner","Meat on the Bone","Self Forming Clay","Ectoplasm","Shuriken","Torii","Whetstone","Charon\u0027s Ashes","Fusion Hammer","Pantograph","Juzu Bracelet","Mercury Hourglass","Ginger","Bottled Lightning"],"acts_visited":["Exordium","TheCity","TheBeyond"],"potions_floor_usage":[20,27,45,50],"damage_taken":[{"damage":2,"enemies":"Jaw Worm","floor":1,"turns":3},{"damage":5,"enemies":"2 Louse","floor":2,"turns":3},{"damage":0,"enemies":"Small Slimes","floor":4,"turns":1},{"damage":0,"enemies":"Looter","floor":5,"turns":2},{"damage":0,"enemies":"3 Sentries","floor":6,"turns":8},{"damage":2,"enemies":"Red Slaver","floor":7,"turns":2},{"damage":0,"enemies":"2 Fungi Beasts","floor":8,"turns":2},{"damage":1,"enemies":"Gremlin Nob","floor":10,"turns":3},{"damage":0,"enemies":"Large Slime","floor":12,"turns":4},{"damage":0,"enemies":"Slime Boss","floor":16,"turns":5},{"damage":1,"enemies":"Chosen","floor":18,"turns":2},{"damage":0,"enemies":"Shell Parasite","floor":20,"turns":3},{"damage":14,"enemies":"Slavers","floor":23,"turns":5},{"damage":0,"enemies":"Sentry and Sphere","floor":24,"turns":3},{"damage":8,"enemies":"Book of Stabbing","floor":25,"turns":4},{"damage":21,"enemies":"Gremlin Leader","floor":27,"turns":5},{"damage":7,"enemies":"Snake Plant","floor":28,"turns":3},{"damage":1,"enemies":"Shelled Parasite and Fungi","floor":30,"turns":4},{"damage":13,"enemies":"Champ","floor":33,"turns":8},{"damage":0,"enemies":"3 Shapes","floor":35,"turns":3},{"damage":15,"enemies":"3 Darklings","floor":38,"turns":5},{"damage":5,"enemies":"Transient","floor":39,"turns":5},{"damage":2,"enemies":"Nemesis","floor":41,"turns":3},{"damage":6,"enemies":"Giant Head","floor":44,"turns":5},{"damage":5,"enemies":"Writhing Mass","floor":45,"turns":3},{"damage":21,"enemies":"Reptomancer","floor":47,"turns":4},{"damage":13,"enemies":"4 Shapes","floor":48,"turns":3},{"damage":41,"enemies":"Donu and Deca","floor":50,"turns":6}],"seed_played":"-5692166966405719366","potions_obtained":[{"floor":1,"key":"ElixirPotion"},{"floor":10,"key":"FairyPotion"},{"floor":12,"key":"Block Potion"},{"floor":23,"key":"PowerPotion"},{"floor":24,"key":"BlessingOfTheForge"},{"floor":25,"key":"BloodPotion"},{"floor":41,"key":"Block Potion"},{"floor":47,"key":"Explosive Potion"}],"is_trial":false,"path_per_floor":["M","M","?","M","M","E","M","M","T","E","?","M","R","$","R","B",null,"M","?","M","?","?","E","M","E","T","E","M","R","M","$","R","B",null,"M","?","T","M","M","R","E","$","T","E","M","R","E","M","R","B",null],"character_chosen":"IRONCLAD","items_purchased":["Apotheosis"],"campfire_rested":4,"item_purchase_floors":[14],"current_hp_per_floor":[78,73,73,73,73,73,71,71,71,70,54,54,54,54,54,54,74,73,73,73,73,73,59,59,51,51,42,47,71,70,70,70,57,74,74,64,64,49,44,68,66,66,66,60,55,79,58,45,69,51],"gold":51,"neow_bonus":"BOSS_RELIC","is_daily":false,"chose_seed":false,"campfire_upgraded":3,"win_rate":0.0,"timestamp":1613267382,"path_taken":["M","M","?","M","M","E","M","M","T","E","?","M","R","$","R","BOSS","M","?","M","?","?","E","M","E","T","E","M","R","M","$","R","BOSS","M","?","?","M","M","R","E","?","T","E","M","R","E","M","R","BOSS"],"items_purchased_type":["Card"],"build_version":"2020-12-22","purchased_purges":1,"victory":true,"max_hp_per_floor":[80,80,80,80,80,80,80,80,80,80,80,80,80,80,80,80,80,80,80,80,80,80,80,80,80,80,80,80,80,80,80,80,80,80,80,80,80,80,80,80,80,80,80,80,80,80,80,80,80,80],"card_choices":[{"not_picked":["Bloodletting","Thunderclap"],"picked":"Perfected Strike","floor":1},{"not_picked":["Flex","Iron Wave"],"picked":"Flame Barrier","floor":2},{"not_picked":["True Grit","Body Slam"],"picked":"Shrug It Off","floor":4},{"not_picked":["Rampage","Havoc"],"picked":"Iron Wave","floor":5},{"not_picked":["Anger","Combust"],"picked":"Sever Soul","floor":6},{"not_picked":["Havoc","Body Slam"],"picked":"Feel No Pain","floor":7},{"not_picked":["Wild Strike","Pommel Strike"],"picked":"Pummel","floor":8},{"not_picked":["Twin Strike","Disarm","Burning Pact"],"picked":"SKIP","floor":10},{"not_picked":["Sword Boomerang","Carnage"],"picked":"Uppercut","floor":12},{"not_picked":["Double Tap","Corruption"],"picked":"Brutality","floor":16},{"not_picked":["Armaments","Sentinel"],"picked":"Power Through","floor":18},{"not_picked":["Rampage","Thunderclap","Hemokinesis"],"picked":"SKIP","floor":20},{"not_picked":["True Grit","Sword Boomerang+1"],"picked":"Carnage","floor":23},{"not_picked":["Ghostly Armor","Burning Pact+1"],"picked":"Perfected Strike","floor":24},{"not_picked":["Pummel","Iron Wave"],"picked":"Power Through+1","floor":25},{"not_picked":["Rampage+1","Shrug It Off"],"picked":"Perfected Strike","floor":27},{"not_picked":["Armaments+1","Shrug It Off"],"picked":"Flame Barrier","floor":28},{"not_picked":["Headbutt+1","Rupture+1"],"picked":"Dark Embrace","floor":30},{"not_picked":["Fiend Fire","Offering"],"picked":"Demon Form","floor":33},{"not_picked":["Sword Boomerang","Warcry"],"picked":"Perfected Strike+1","floor":35},{"not_picked":["Dark Shackles","Sadistic Nature"],"picked":"Panacea","floor":36},{"not_picked":["Discovery","Blind"],"picked":"Dark Shackles","floor":36},{"not_picked":["Blind","Panacea"],"picked":"Trip","floor":36},{"not_picked":["Shrug It Off","Clothesline"],"picked":"Sentinel","floor":38},{"not_picked":["Iron Wave","Flame Barrier"],"picked":"Heavy Blade+1","floor":39},{"not_picked":["Thunderclap","Whirlwind"],"picked":"Hemokinesis+1","floor":41},{"not_picked":["Headbutt","Reaper"],"picked":"Shockwave","floor":44},{"not_picked":["Iron Wave+1","Entrench+1"],"picked":"Heavy Blade+1","floor":45},{"not_picked":["Clash+1","Armaments+1","Burning Pact"],"picked":"SKIP","floor":47},{"not_picked":["Power Through","Sword Boomerang+1"],"picked":"Perfected Strike+1","floor":48}],"player_experience":328197,"relics_obtained":[{"floor":6,"key":"Incense Burner"},{"floor":9,"key":"Meat on the Bone"},{"floor":10,"key":"Self Forming Clay"},{"floor":23,"key":"Shuriken"},{"floor":25,"key":"Torii"},{"floor":26,"key":"Whetstone"},{"floor":27,"key":"Charon\u0027s Ashes"},{"floor":37,"key":"Pantograph"},{"floor":41,"key":"Juzu Bracelet"},{"floor":43,"key":"Mercury Hourglass"},{"floor":44,"key":"Ginger"},{"floor":47,"key":"Bottled Lightning"}],"event_choices":[{"damage_healed":0,"gold_gain":0,"cards_transformed":["Strike_R"],"player_choice":"Change","damage_taken":0,"max_hp_gain":0,"max_hp_loss":0,"event_name":"Living Wall","floor":3,"gold_loss":0,"cards_obtained":["Wild Strike"]},{"damage_healed":0,"gold_gain":0,"player_choice":"Entered Light","damage_taken":16,"max_hp_gain":0,"max_hp_loss":0,"event_name":"Shining Light","floor":11,"gold_loss":0,"cards_upgraded":["Strike_R","Defend_R"]},{"cards_removed":["Defend_R"],"damage_healed":0,"gold_gain":0,"player_choice":"Gave Gold","damage_taken":0,"max_hp_gain":0,"max_hp_loss":0,"event_name":"Beggar","floor":19,"gold_loss":75},{"damage_healed":0,"gold_gain":0,"player_choice":"Read","damage_taken":0,"max_hp_gain":0,"max_hp_loss":0,"event_name":"The Library","floor":21,"gold_loss":0,"cards_obtained":["Uppercut"]},{"damage_healed":0,"gold_gain":0,"player_choice":"Simplicity","damage_taken":0,"max_hp_gain":0,"max_hp_loss":0,"event_name":"Back to Basics","floor":22,"gold_loss":0,"cards_upgraded":["Strike_R","Strike_R","Strike_R","Defend_R"]},{"damage_healed":0,"gold_gain":0,"player_choice":"Memory 3","damage_taken":10,"max_hp_gain":0,"max_hp_loss":0,"event_name":"SensoryStone","floor":36,"gold_loss":0}],"is_beta":false,"boss_relics":[{"not_picked":["Empty Cage","Runic Dome"],"picked":"Ectoplasm"},{"not_picked":["Pandora\u0027s Box","Cursed Key"],"picked":"Fusion Hammer"}],"items_purged_floors":[14],"is_endless":false,"potions_floor_spawned":[1,10,12,23,24,25,41,44,47],"ascension_level":5}}