{"host":"Ringo","time":1613306491,"event":{"mods":["BaseMod","Colored Map","Conspire","Dota2Spire","Hubris","Minty Spire (QoL Compilation)","Replay The Spire","StSLib","The Construct","[IsaacMod]ÒÔÈö¼âËþ","¡¾ÒÅÎï¿¨ÅÆ¡¿REMEMod"],"gold_per_floor":[111,128,178,178,178,218,254,297,321,356,394,434,473,517,517,616,616,641,653,690,746,758,801,813,860,872,923,532,571,606,649,649,744,807,825,848,475,382,382,426,459,494,517,551,585,629,672,712,712,737,465,465,165,165,198,229,273,341,380,455,486,522,536,536,536,536],"floor_reached":52,"language":"ZHS","playtime":1687,"items_purged":["Cleave"],"score":4903,"play_id":"1673178a-156e-4cc5-8ade-2fa1d5a0aabc","local_time":"20210214204131","daily_mods":["SealedDeck","Vintage","Colorless Cards","Heirloom","Time Dilation","Flight","DeadlyEvents","Elite Swarm","Lethality","Binary"],"is_ascension_mode":true,"campfire_choices":[{"data":"Armaments","floor":15.0,"key":"SMITH"},{"data":"Replay:Undeath\u0027s Touch","floor":24,"key":"SMITH"},{"data":"ReplayUltimateDefense","floor":32,"key":"SMITH"},{"data":"Mayhem","floor":49,"key":"SMITH"},{"data":"ReplayTheSpireMod:Corrosion Curse","floor":49,"key":"SMITH"}],"circlet_count":0,"master_deck":["AscendersBane","Infernal Blade+1","ReplayTheSpireMod:Private Reserves+1","Flex","Pommel Strike","Sword Boomerang","Shrug It Off+1","conspire:Banana+1","Thunderclap","Replay:Undeath\u0027s Touch+1","Armaments+1","Twin Strike","ReplayUltimateDefense+1","Heavy Blade+1","Swift Strike+1","Mayhem+1","Pummel","Metallicize+1","ReplayTheSpireMod:Corrosion Curse+1","Finesse"],"relics":["Burning Blood","Busted Crown","HushsDoor","REME_ComplimentaryCards","replay:Trail_Library","SteamSale","Peace Pipe","MealTicket","HowToJump","Darkstone Periapt","Dota2Spire:DrumOfEndurance","Golden Idol","Pocketwatch","Replay:Towering Pillar of Hats","hubris:CrystalStatue","Boot","TuHaoJin","hubris:SlimyHat","conspire:InfiniteJournal","YumHeart","Dota2Spire:DivineRapier","conspire:RunicOctahedron","MawBank","hubris:BottledHeart","Strawberry","Pet Ghost","Dota2Spire:AghanimScepter","Smiling Mask","Dota2Spire:Dagon","Vajra","Bag of Preparation","Dota2Spire:EchoSabre","Lee\u0027s Waffle","Letter Opener","Singing Bowl","Tiny House","Dota2Spire:Vanguard","Pondfish Scales","Dota2Spire:Mjollnir","FossilizedHelix","Dota2Spire:HeartOfTarrasque","conspire:DeflatedDodgeball","Girya","Dota2Spire:MaskOfMadness","InkBottle","Golden Egg","War Paint","EdensBlessing","SharpPlug","ReplayFunnel","Guide Book","hubris:Metronome","Ancient Tea Set","Akabeko","Orichalcum","Dota2Spire:Desolator","GuppysPaw","Quantum Egg","Dota2Spire:CrimsonGuard","PillsDrop"],"acts_visited":["Exordium","TheCity","TheBeyond"],"potions_floor_usage":[33],"damage_taken":[{"damage":0.0,"enemies":"Cultist","floor":1.0,"turns":2.0},{"damage":7.0,"enemies":"Small Slimes","floor":2.0,"turns":2.0},{"damage":0.0,"enemies":"Hiden Room Battle","floor":3.0,"turns":2.0},{"damage":0.0,"enemies":"Gremlin Nob","floor":6.0,"turns":2.0},{"damage":0.0,"enemies":"Lagavulin","floor":7.0,"turns":2.0},{"damage":0.0,"enemies":"Replay:BlueRogue","floor":8.0,"turns":1.0},{"damage":12.0,"enemies":"Gremlin Nob","floor":10.0,"turns":1.0},{"damage":4.0,"enemies":"3 Sentries","floor":11.0,"turns":3.0},{"damage":0.0,"enemies":"Gremlin Nob","floor":12.0,"turns":1.0},{"damage":0.0,"enemies":"3 Sentries","floor":13.0,"turns":4.0},{"damage":0.0,"enemies":"Replay:BlueRogue","floor":14.0,"turns":1.0},{"damage":8.0,"enemies":"The Guardian","floor":16.0,"turns":2.0},{"damage":0.0,"enemies":"2 Thieves","floor":18.0,"turns":1.0},{"damage":0.0,"enemies":"Chosen","floor":20.0,"turns":1.0},{"damage":0.0,"enemies":"conspire:SneckoGhost","floor":21.0,"turns":1.0},{"damage":0,"enemies":"conspire:Head Lice","floor":23,"turns":1},{"damage":0,"enemies":"Replay:Snechameleon","floor":25,"turns":1},{"damage":0,"enemies":"Gremlin Leader","floor":27,"turns":2},{"damage":0,"enemies":"Book of Stabbing","floor":29,"turns":2},{"damage":0,"enemies":"Gremlin Leader","floor":30,"turns":1},{"damage":0,"enemies":"conspire:SneckoGhost","floor":31,"turns":1},{"damage":0,"enemies":"hubris:MusketHawk","floor":33,"turns":2},{"damage":0,"enemies":"3 Shapes","floor":35,"turns":1},{"damage":0,"enemies":"R_Hoarder","floor":40,"turns":2},{"damage":0,"enemies":"Giant Head","floor":41,"turns":1},{"damage":0,"enemies":"R_Hoarder","floor":42,"turns":2},{"damage":0,"enemies":"Giant Head","floor":44,"turns":1},{"damage":0,"enemies":"Nemesis","floor":45,"turns":1},{"damage":0,"enemies":"Giant Head","floor":46,"turns":2},{"damage":0,"enemies":"Reptomancer","floor":47,"turns":2},{"damage":0,"enemies":"R_Hoarder","floor":48,"turns":1},{"damage":0,"enemies":"3 Shapes","floor":35,"turns":1},{"damage":0,"enemies":"R_Hoarder","floor":40,"turns":1},{"damage":0,"enemies":"Reptomancer","floor":41,"turns":1},{"damage":0,"enemies":"R_Hoarder","floor":42,"turns":1},{"damage":0,"enemies":"Reptomancer","floor":44,"turns":1},{"damage":0,"enemies":"R_Hoarder","floor":46,"turns":1},{"damage":0,"enemies":"Giant Head","floor":47,"turns":1},{"damage":0,"enemies":"Orb Walker","floor":48,"turns":1},{"damage":0,"enemies":"Awakened One","floor":50,"turns":3},{"damage":0,"enemies":"Time Eater","floor":51,"turns":1}],"seed_played":"8500254438764542305","potions_obtained":[{"floor":3.0,"key":"Fire Potion"},{"floor":7.0,"key":"Death Potion"},{"floor":11.0,"key":"Dexterity Potion"},{"floor":12.0,"key":"Energy Potion"},{"floor":25,"key":"BlessingOfTheForge"},{"floor":34,"key":"Energy Potion"},{"floor":41,"key":"BlessingOfTheForge"},{"floor":47,"key":"HeartOfIron"}],"is_trial":true,"path_per_floor":["M","M","?","?","?","E","E","E","T","E","E","E","E","E","R","B",null,"M","?","M","E","?","E","R","E","T","E","$","E","E","E","R","B",null,"M","?","$","$","?","E","E","E","T","E","E","E","E","E","R","M","$","$","$","?","E","E","E","T","E","T","E","E","M","R","B","B",null],"character_chosen":"IRONCLAD","items_purchased":["Bag of Preparation","Dota2Spire:EchoSabre","Lee\u0027s Waffle","ReplayUltimateDefense","Heavy Blade+1","Dota2Spire:Mjollnir","FossilizedHelix","Swift Strike","Mayhem","Guide Book","hubris:Metronome","Metallicize"],"campfire_rested":0,"item_purchase_floors":[28,28,28,28,28,37,37,37,38,36,36,36],"current_hp_per_floor":[75,75,78,84,84,84,85,86,86,80,83,87,88,89,89,88,90,90,1,1,1,1,1,1,1,1,1,1,1,1,1,1,1,1,1,1,1,1,1,1,1,1,1,1,1,1,1,1,1,1,1,1,1,1,1,1,1,1,1,1,1,1,1,1,1,1],"gold":536,"neow_bonus":"","is_daily":false,"chose_seed":false,"campfire_upgraded":5,"win_rate":0.0,"timestamp":1613306491,"path_taken":["M","M","?","?","?","E","E","E","T","E","?","E","E","E","R","BOSS","M","?","?","?","?","E","R","E","T","E","$","E","E","E","R","BOSS","M","?","$","$","?","E","E","E","T","E","E","E","E","E","R","M","$","$","$","?","E","E","E","T","E","?","E","E","?","R","BOSS","BOSS"],"items_purchased_type":["Relic","Relic","Relic","Card","Card","Relic","Relic","Card","Card","Relic","Relic","Card"],"build_version":"2020-12-18","purchased_purges":1,"victory":true,"max_hp_per_floor":[76,77,78,84,84,84,85,86,86,86,87,87,88,89,89,90,90,90,1,1,1,1,1,1,1,1,1,1,1,1,1,1,1,1,1,1,1,1,1,1,1,1,1,1,1,1,1,1,1,1,1,1,1,1,1,1,1,1,1,1,1,1,1,1,1,1],"card_choices":[{"not_picked":[],"picked":"Bomb","floor":0.0}],"player_experience":689217,"relics_obtained":[{"floor":1.0,"key":"MealTicket"},{"floor":2.0,"key":"HowToJump"},{"floor":3.0,"key":"Darkstone Periapt"},{"floor":3.0,"key":"Dota2Spire:DrumOfEndurance"},{"floor":6.0,"key":"Pocketwatch"},{"floor":7.0,"key":"Replay:Towering Pillar of Hats"},{"floor":8.0,"key":"hubris:CrystalStatue"},{"floor":9.0,"key":"Boot"},{"floor":10.0,"key":"TuHaoJin"},{"floor":11.0,"key":"hubris:SlimyHat"},{"floor":12.0,"key":"conspire:InfiniteJournal"},{"floor":13.0,"key":"YumHeart"},{"floor":14.0,"key":"Dota2Spire:DivineRapier"},{"floor":18.0,"key":"MawBank"},{"floor":20.0,"key":"Strawberry"},{"floor":21.0,"key":"Pet Ghost"},{"floor":23,"key":"Dota2Spire:AghanimScepter"},{"floor":25,"key":"Smiling Mask"},{"floor":26,"key":"Dota2Spire:Dagon"},{"floor":27,"key":"Vajra"},{"floor":29,"key":"ForgetMeNow"},{"floor":30,"key":"Letter Opener"},{"floor":31,"key":"Singing Bowl"},{"floor":35,"key":"Dota2Spire:Vanguard"},{"floor":36,"key":"Pondfish Scales"},{"floor":40,"key":"Dota2Spire:HeartOfTarrasque"},{"floor":41,"key":"conspire:DeflatedDodgeball"},{"floor":42,"key":"Girya"},{"floor":43,"key":"Dota2Spire:MaskOfMadness"},{"floor":44,"key":"InkBottle"},{"floor":45,"key":"Golden Egg"},{"floor":46,"key":"War Paint"},{"floor":47,"key":"EdensBlessing"},{"floor":48,"key":"SharpPlug"},{"floor":35,"key":"ReplayFunnel"},{"floor":40,"key":"Ancient Tea Set"},{"floor":41,"key":"Akabeko"},{"floor":42,"key":"Orichalcum"},{"floor":43,"key":"Dota2Spire:Desolator"},{"floor":44,"key":"GuppysPaw"},{"floor":45,"key":"Quantum Egg"},{"floor":47,"key":"Dota2Spire:CrimsonGuard"},{"floor":48,"key":"PillsDrop"}],"event_choices":[{"damage_healed":0.0,"max_hp_gain":0.0,"max_hp_loss":0.0,"gold_gain":0.0,"event_name":"HidenRoomEvent","player_choice":"Fight","floor":3.0,"gold_loss":0.0,"damage_taken":0.0},{"damage_healed":0.0,"max_hp_gain":0.0,"max_hp_loss":0.0,"gold_gain":0.0,"event_name":"Golden Idol","player_choice":"Take Wound","floor":4.0,"gold_loss":0.0,"damage_taken":0.0,"relics_obtained":["Golden Idol"],"cards_obtained":["Injury"]},{"cards_removed":["Injury"],"damage_healed":0.0,"max_hp_gain":0.0,"max_hp_loss":0.0,"gold_gain":0.0,"event_name":"Fountain of Cleansing","player_choice":"Removed Curses","floor":5.0,"gold_loss":0.0,"damage_taken":0.0},{"damage_healed":0,"gold_gain":0,"player_choice":"Shed Blood","damage_taken":0,"max_hp_gain":5,"max_hp_loss":0,"event_name":"Forgotten Altar","floor":22,"gold_loss":0},{"damage_healed":0,"gold_gain":0,"player_choice":"0 cards matched","damage_taken":0,"max_hp_gain":0,"max_hp_loss":0,"event_name":"Match and Keep!","floor":39,"gold_loss":0,"cards_obtained":[]},{"damage_healed":0,"gold_gain":0,"player_choice":"Memory 1","damage_taken":0,"max_hp_gain":0,"max_hp_loss":0,"event_name":"SensoryStone","floor":39,"gold_loss":0}],"is_beta":true,"boss_relics":[{"not_picked":["construct:WeddingRing","Calling Bell"],"picked":"conspire:RunicOctahedron"},{"not_picked":[]},{"not_picked":["ReplayTheSpireMod:DimensionalGlitch","hubris:CrackedHourglass"],"picked":"Tiny House"},{"not_picked":[]}],"items_purged_floors":[28],"is_endless":false,"potions_floor_spawned":[3,7,11,12,13,14,25,27,30,41,44,46,47,48,42,44,47,48],"ascension_level":20}}