{"host":"jngeqill3bw7azzz","time":1613275195,"event":{"mods":["BaseMod","Highlight Path","Minty Spire (QoL Compilation)","Permanent Neow","Relic Stats"],"gold_per_floor":[109,69,84,102,120,150,163,182,228,228,241,241,241],"floor_reached":12,"language":"ENG","playtime":594,"items_purged":[],"score":168,"play_id":"b9285ebf-f92e-43e7-a3d8-299c51182e6a","local_time":"20210213225955","is_ascension_mode":true,"campfire_choices":[{"data":"Carnage","floor":10,"key":"SMITH"}],"circlet_count":0,"master_deck":["AscendersBane","Strike_R","Strike_R","Strike_R","Strike_R","Strike_R","Defend_R","Defend_R","Defend_R","Defend_R","Bash","Fiend Fire","Inflame","Clash","Carnage+1","Disarm","Double Tap","Clothesline"],"relics":["Burning Blood","Ornamental Fan","Smiling Mask"],"acts_visited":["Exordium"],"potions_floor_usage":[6],"damage_taken":[{"damage":1,"enemies":"Cultist","floor":1,"turns":3},{"damage":3,"enemies":"2 Louse","floor":3,"turns":3},{"damage":2,"enemies":"Jaw Worm","floor":4,"turns":3},{"damage":11,"enemies":"Blue Slaver","floor":5,"turns":3},{"damage":24,"enemies":"Lagavulin","floor":6,"turns":6},{"damage":14,"enemies":"Lots of Slimes","floor":7,"turns":4},{"damage":4,"enemies":"Looter","floor":8,"turns":2},{"damage":12,"enemies":"2 Fungi Beasts","floor":11,"turns":4},{"damage":0,"enemies":"3 Sentries","floor":12,"turns":2}],"seed_played":"5378824303521471187","potions_obtained":[{"floor":1,"key":"Strength Potion"},{"floor":2,"key":"SteroidPotion"},{"floor":6,"key":"Weak Potion"},{"floor":8,"key":"CultistPotion"}],"is_trial":false,"path_per_floor":["M","?","M","M","M","E","M","M","T","R","M","E"],"character_chosen":"IRONCLAD","items_purchased":[],"campfire_rested":0,"item_purchase_floors":[],"current_hp_per_floor":[55,55,58,62,57,39,31,33,33,33,27,27,27],"gold":241,"neow_bonus":"THREE_RARE_CARDS","is_daily":false,"chose_seed":false,"campfire_upgraded":1,"win_rate":0.0,"timestamp":1613275195,"path_taken":["M","?","M","M","M","E","?","M","T","R","?","E"],"items_purchased_type":[],"build_version":"2020-12-22","purchased_purges":0,"victory":false,"max_hp_per_floor":[75,75,75,75,75,75,75,75,75,75,75,75,75],"relic_stats":{"counters":[9,30],"Ornamental Fan":[8],"Smiling Mask":0,"obtain_stats":[{"Ornamental Fan":6,"Smiling Mask":9,"Burning Blood":0},{"Ornamental Fan":5,"Smiling Mask":7,"Burning Blood":0},{"Ornamental Fan":18,"Smiling Mask":24,"Burning Blood":0}],"Burning Blood":48},"card_choices":[{"not_picked":["Offering","Reaper"],"picked":"Fiend Fire","floor":0},{"not_picked":["Thunderclap","Warcry"],"picked":"Inflame","floor":1},{"not_picked":["Flex","Dark Embrace","Bloodletting"],"picked":"SKIP","floor":3},{"not_picked":["Havoc","Perfected Strike"],"picked":"Clash","floor":4},{"not_picked":["Entrench","Pommel Strike"],"picked":"Carnage","floor":5},{"not_picked":["Iron Wave","Clash"],"picked":"Disarm","floor":6},{"not_picked":["Wild Strike","Hemokinesis","Power Through"],"picked":"SKIP","floor":7},{"not_picked":["Feel No Pain","Infernal Blade"],"picked":"Double Tap","floor":8},{"not_picked":["Metallicize","Shrug It Off"],"picked":"Clothesline","floor":11}],"player_experience":2638748,"relics_obtained":[{"floor":6,"key":"Ornamental Fan"},{"floor":9,"key":"Smiling Mask"}],"event_choices":[{"damage_healed":0,"gold_gain":0,"player_choice":"Bought 3 Potions","damage_taken":0,"max_hp_gain":0,"max_hp_loss":0,"event_name":"The Woman in Blue","floor":2,"gold_loss":0}],"is_beta":false,"boss_relics":[],"items_purged_floors":[],"is_endless":false,"potions_floor_spawned":[1,5,6,8],"killed_by":"3 Sentries","ascension_level":20}}