{"host":"vxxgntm1odai56nh","time":1613319159,"event":{"mods":["AchievementEnabler","BaseMod","Colored Map","Colored Powertips","Highlight Path","Minty Spire (QoL Compilation)","Permanent Neow","Rare Cards Sparkle","Relic Stats","StSLib"],"gold_per_floor":[112,131,150,150,165,194,194,227,296,296,307,307,326,276,276,373,373,391,167,177,195,195,195,223,223,223,242,242,275,275,275,275,377,377,392,447,79,79,90,90,102,116,141,157,157,174,208,221,221,221],"floor_reached":51,"language":"ENG","playtime":1741,"items_purged":["Strike_R","Strike_R+1"],"score":920,"play_id":"6d266036-f0b4-48c6-a5f9-cf4ff96221de","local_time":"20210214111239","is_ascension_mode":true,"campfire_choices":[{"data":"Inflame","floor":7,"key":"SMITH"},{"data":"Bash","floor":10,"key":"SMITH"},{"data":"Spot Weakness","floor":12,"key":"SMITH"},{"data":"Whirlwind","floor":15,"key":"SMITH"},{"data":"Headbutt","floor":23,"key":"SMITH"},{"data":"Cleave","floor":25,"key":"SMITH"},{"data":"Flex","floor":30,"key":"SMITH"},{"data":"Juggernaut","floor":32,"key":"SMITH"},{"data":"Mayhem","floor":40,"key":"SMITH"},{"data":"Limit Break","floor":45,"key":"SMITH"},{"data":"Corruption","floor":49,"key":"SMITH"}],"circlet_count":0,"master_deck":["Strike_R+1","Defend_R+1","Defend_R+1","Defend_R+1","Defend_R+1","Bash+1","Cleave+1","Spot Weakness+1","Inflame+1","Pommel Strike","Thunderclap","Flex+1","Whirlwind+1","Juggernaut+1","Heavy Blade+1","Headbutt+1","Flame Barrier+1","Warcry+1","Ghostly Armor+1","Corruption+1","Flex","Mayhem+1","Inflame","True Grit","Ghostly Armor+1","Limit Break+1","Flex+1"],"relics":["Black Blood","Happy Flower","Red Skull","Ice Cream","Pantograph","Coffee Dripper","Brimstone","PreservedInsect","Pen Nib","MutagenicStrength","Paper Frog","Mango","Oddly Smooth Stone","Sundial"],"acts_visited":["Exordium","TheCity","TheBeyond"],"potions_floor_usage":[8,13,24,50],"damage_taken":[{"damage":1,"enemies":"Cultist","floor":1,"turns":3},{"damage":13,"enemies":"2 Louse","floor":2,"turns":2},{"damage":0,"enemies":"Small Slimes","floor":3,"turns":3},{"damage":0,"enemies":"3 Louse","floor":5,"turns":1},{"damage":40,"enemies":"Lagavulin","floor":6,"turns":6},{"damage":15,"enemies":"Gremlin Nob","floor":8,"turns":4},{"damage":9,"enemies":"2 Fungi Beasts","floor":11,"turns":3},{"damage":3,"enemies":"Blue Slaver","floor":13,"turns":3},{"damage":12,"enemies":"Slime Boss","floor":16,"turns":5},{"damage":7,"enemies":"Chosen","floor":18,"turns":3},{"damage":19,"enemies":"2 Thieves","floor":20,"turns":2},{"damage":15,"enemies":"Centurion and Healer","floor":21,"turns":2},{"damage":32,"enemies":"Slavers","floor":24,"turns":3},{"damage":18,"enemies":"Shelled Parasite and Fungi","floor":27,"turns":3},{"damage":22,"enemies":"Book of Stabbing","floor":29,"turns":3},{"damage":20,"enemies":"Automaton","floor":33,"turns":6},{"damage":0,"enemies":"Orb Walker","floor":35,"turns":1},{"damage":52,"enemies":"2 Orb Walkers","floor":36,"turns":3},{"damage":26,"enemies":"3 Shapes","floor":39,"turns":3},{"damage":39,"enemies":"Writhing Mass","floor":41,"turns":2},{"damage":9,"enemies":"Sphere and 2 Shapes","floor":42,"turns":3},{"damage":32,"enemies":"Jaw Worm Horde","floor":44,"turns":4},{"damage":0,"enemies":"Maw","floor":46,"turns":4},{"damage":5,"enemies":"Giant Head","floor":47,"turns":3},{"damage":2,"enemies":"3 Darklings","floor":48,"turns":3},{"damage":72,"enemies":"Awakened One","floor":50,"turns":6}],"seed_played":"2507182509941950399","potions_obtained":[{"floor":1,"key":"ColorlessPotion"},{"floor":2,"key":"EntropicBrew"},{"floor":6,"key":"FairyPotion"},{"floor":11,"key":"Regen Potion"},{"floor":20,"key":"Swift Potion"},{"floor":27,"key":"SpeedPotion"},{"floor":33,"key":"FairyPotion"},{"floor":44,"key":"HeartOfIron"}],"is_trial":false,"path_per_floor":["M","M","M","?","M","E","R","E","T","R","M","R","M","?","R","B",null,"M","$","M","M","?","R","E","R","T","M","?","E","R","?","R","B",null,"M","?","$","?","M","R","M","M","T","M","R","M","E","M","R","B",null],"character_chosen":"IRONCLAD","items_purchased":["Brimstone","Mayhem","Inflame","True Grit"],"campfire_rested":0,"item_purchase_floors":[19,37,37,37],"current_hp_per_floor":[80,73,79,84,85,51,51,42,42,42,39,39,51,51,51,70,85,84,84,71,62,62,62,36,36,36,24,24,8,8,8,8,19,85,85,59,59,59,45,45,18,21,21,38,38,50,57,67,67,32],"gold":221,"neow_bonus":"RANDOM_COMMON_RELIC","is_daily":false,"chose_seed":false,"campfire_upgraded":11,"win_rate":0.0,"timestamp":1613319159,"path_taken":["M","?","M","?","M","E","R","E","T","R","M","R","M","?","R","BOSS","M","$","M","M","?","R","E","R","T","M","?","E","R","?","R","BOSS","M","?","$","?","M","R","?","?","T","M","R","M","E","M","R","BOSS"],"items_purchased_type":["Relic","Card","Card","Card"],"build_version":"2020-12-22","purchased_purges":2,"victory":true,"max_hp_per_floor":[80,80,80,85,85,85,85,85,85,85,85,85,85,85,85,85,85,85,85,85,85,85,85,85,85,85,85,85,85,85,85,85,85,85,85,99,99,99,99,99,99,99,99,99,99,99,99,99,99,99],"relic_stats":{"Happy Flower":[28],"counters":[26,84],"Sundial":[0],"Pantograph":75,"Black Blood":194,"PreservedInsect":166,"Pen Nib":[5],"obtain_stats":[{"Ice Cream":8,"Happy Flower":0,"Black Blood":34,"Oddly Smooth Stone":43,"Mango":36,"PreservedInsect":24,"Pen Nib":26,"Burning Blood":0,"Brimstone":19,"Sundial":47,"Pantograph":9,"MutagenicStrength":28,"Coffee Dripper":17,"Red Skull":6,"Paper Frog":29},{"Ice Cream":6,"Happy Flower":0,"Black Blood":16,"Oddly Smooth Stone":21,"Mango":18,"PreservedInsect":13,"Pen Nib":13,"Burning Blood":0,"Brimstone":10,"Sundial":24,"Pantograph":6,"MutagenicStrength":14,"Coffee Dripper":9,"Red Skull":5,"Paper Frog":15},{"Ice Cream":19,"Happy Flower":0,"Black Blood":52,"Oddly Smooth Stone":64,"Mango":56,"PreservedInsect":40,"Pen Nib":40,"Burning Blood":0,"Brimstone":33,"Sundial":75,"Pantograph":19,"MutagenicStrength":43,"Coffee Dripper":30,"Red Skull":15,"Paper Frog":46}]},"card_choices":[{"not_picked":["Uppercut","Headbutt"],"picked":"Cleave","floor":1},{"not_picked":["Headbutt","Seeing Red"],"picked":"Spot Weakness","floor":2},{"not_picked":["True Grit","Perfected Strike"],"picked":"Inflame","floor":3},{"not_picked":["Cleave","Twin Strike"],"picked":"Pommel Strike","floor":5},{"not_picked":["Dual Wield","Anger"],"picked":"Thunderclap","floor":6},{"not_picked":["Sever Soul","Sentinel","Anger"],"picked":"SKIP","floor":8},{"not_picked":["Anger","Reckless Charge"],"picked":"Flex","floor":11},{"not_picked":["Bloodletting","Uppercut"],"picked":"Whirlwind","floor":13},{"not_picked":["Corruption","Barricade"],"picked":"Juggernaut","floor":16},{"not_picked":["Flame Barrier","Thunderclap"],"picked":"Heavy Blade+1","floor":18},{"not_picked":["Dark Embrace","Clothesline"],"picked":"Headbutt","floor":20},{"not_picked":["Twin Strike","Cleave"],"picked":"Flame Barrier+1","floor":21},{"not_picked":["Seeing Red","Carnage"],"picked":"Warcry+1","floor":24},{"not_picked":["Rampage","Heavy Blade"],"picked":"Ghostly Armor+1","floor":27},{"not_picked":["Warcry","Pummel","Searing Blow"],"picked":"SKIP","floor":29},{"not_picked":["Berserk","Juggernaut"],"picked":"Corruption","floor":33},{"not_picked":["Clothesline","Entrench"],"picked":"Flex","floor":35},{"not_picked":["Warcry","Headbutt+1","Heavy Blade"],"picked":"SKIP","floor":39},{"not_picked":["Clash","True Grit","Thunderclap"],"picked":"SKIP","floor":41},{"not_picked":["Sever Soul","Carnage+1"],"picked":"Ghostly Armor+1","floor":42},{"not_picked":["Carnage","Thunderclap"],"picked":"Limit Break","floor":44},{"not_picked":["Cleave","Flame Barrier","Burning Pact"],"picked":"SKIP","floor":46},{"not_picked":["Havoc+1","Rage+1","Second Wind"],"picked":"SKIP","floor":47},{"not_picked":["Body Slam+1","Carnage"],"picked":"Flex+1","floor":48}],"player_experience":143262,"relics_obtained":[{"floor":6,"key":"Red Skull"},{"floor":8,"key":"Ice Cream"},{"floor":9,"key":"Pantograph"},{"floor":24,"key":"PreservedInsect"},{"floor":26,"key":"Pen Nib"},{"floor":29,"key":"Paper Frog"},{"floor":36,"key":"Mango"},{"floor":43,"key":"Oddly Smooth Stone"},{"floor":47,"key":"Sundial"}],"event_choices":[{"damage_healed":0,"gold_gain":0,"player_choice":"Donut","damage_taken":0,"max_hp_gain":5,"max_hp_loss":0,"event_name":"Big Fish","floor":4,"gold_loss":0},{"cards_removed":["Strike_R"],"damage_healed":0,"gold_gain":0,"player_choice":"Card Removal","damage_taken":0,"max_hp_gain":0,"max_hp_loss":0,"event_name":"The Cleric","floor":14,"gold_loss":50},{"damage_healed":0,"gold_gain":0,"player_choice":"Simplicity","damage_taken":0,"max_hp_gain":0,"max_hp_loss":0,"event_name":"Back to Basics","floor":22,"gold_loss":0,"cards_upgraded":["Strike_R","Strike_R","Strike_R","Defend_R","Defend_R","Defend_R","Defend_R"]},{"damage_healed":0,"gold_gain":0,"player_choice":"Inject Mutagens","damage_taken":0,"relics_obtained":["MutagenicStrength"],"max_hp_gain":0,"max_hp_loss":0,"event_name":"Drug Dealer","floor":28,"gold_loss":0},{"damage_healed":0,"gold_gain":0,"player_choice":"Ignored","damage_taken":0,"max_hp_gain":0,"max_hp_loss":0,"event_name":"Cursed Tome","floor":31,"gold_loss":0},{"damage_healed":0,"gold_gain":0,"player_choice":"Fight","damage_taken":0,"max_hp_gain":0,"max_hp_loss":0,"event_name":"Mysterious Sphere","floor":36,"gold_loss":0},{"cards_removed":["Strike_R"],"damage_healed":0,"gold_gain":0,"player_choice":"Purged","damage_taken":0,"max_hp_gain":0,"max_hp_loss":0,"event_name":"Purifier","floor":38,"gold_loss":0}],"is_beta":false,"boss_relics":[{"not_picked":["Mark of Pain","Calling Bell"],"picked":"Coffee Dripper"},{"not_picked":["Runic Pyramid","Empty Cage"],"picked":"Black Blood"}],"items_purged_floors":[19,37],"is_endless":false,"potions_floor_spawned":[1,2,6,11,20,27,33,35,39,42,44,46],"ascension_level":4}}