{"host":"hl3ams4am2ku5u4p","time":1613302012,"event":{"mods":["AchievementEnabler","Act Like it!","Aspiration","BaseMod","Beaked The Cultist","BetterRewards","CatGirl Mod","Colored Map","Colored Powertips","Conspire","Downfall","Energized Spire","Halation","Hallownest","HornydragonMod","Hubris","Infinite Spire","Mad Scientist","Magitek Elite","Minty Spire (QoL Compilation)","READ ME - Guardian Mod","Replay The Spire","Spikes Relics","StSLib","SuperFastMode","The Blackbeard","The Bug Knight","The Construct","The Disciple","The Jungle","The Mystic","The Necromancer","The Senshi"],"gold_per_floor":[117,19,38,55,55,55,55,55,78,78,89,106,106,122,122,226,226,240,240,240,256,268,297,297,222,222,222,222,122,122,137,137,237,237,252,252,271,283,158,158,158,176,176,176,188,188,188,206,206,206],"floor_reached":51,"language":"FRA","playtime":1473,"items_purged":["Zap","Dualcast","Strike_B"],"score":1036,"play_id":"259839d9-1ccf-47cd-a1ee-c24333a5f93f","local_time":"20210214122652","is_ascension_mode":true,"campfire_choices":[{"data":"conspire:Banana","floor":6,"key":"SMITH"},{"data":"Madness","floor":8,"key":"SMITH"},{"data":"Hyperbeam","floor":10,"key":"SMITH"},{"data":"Beam Cell","floor":13,"key":"SMITH"},{"data":"Rip and Tear","floor":15,"key":"SMITH"},{"floor":24,"key":"REST"},{"data":"ReplayTheSpireMod:Omega Cannon","floor":27,"key":"SMITH"},{"floor":32,"key":"REST"},{"floor":40,"key":"REST"},{"data":"Beam Cell","floor":44,"key":"SMITH"},{"data":"Go for the Eyes","floor":46,"key":"SMITH"},{"floor":49,"key":"REST"}],"circlet_count":0,"master_deck":["Strike_B","Strike_B","Strike_B","Defend_B","Defend_B","Defend_B","Defend_B","Hyperbeam+1","ReplayTheSpireMod:Omega Cannon+1","conspire:Banana+1","Streamline","Beam Cell+1","Madness+1","Echo Form","Auto Shields","Pot Of Greed","Pot Of Greed","Rip and Tear+1","Go for the Eyes+1","Hyperbeam+1","Reprogram+1","Sunder+1","Conserve Battery","Pot Of Greed","Skim+1","Beam Cell+1","Conserve Battery+1"],"relics":["Cracked Core","Tiny Chest","Hallownest:DreamNailRelic","Grinning Jar","energizedSpire:EnergizedDie","Toy Ornithopter","Blue Doll","Ornamental Fan","aspiration:RitualStick","Velvet Choker","infinitespire:Satchel","Potion Belt"],"acts_visited":["Exordium","TheCity","TheCity"],"potions_floor_usage":[16,50],"damage_taken":[{"damage":0,"enemies":"Hallownest:2_Baldur","floor":1,"turns":1},{"damage":1,"enemies":"Hallownest:2_Tiktiks_and_1_Crawlid","floor":3,"turns":2},{"damage":0,"enemies":"Hallownest:2_MossCreeps","floor":4,"turns":1},{"damage":6,"enemies":"Hallownest:MossCreep_and_Mosskin","floor":11,"turns":3},{"damage":0,"enemies":"Hallownest:Guard_and_Warrior","floor":12,"turns":2},{"damage":4,"enemies":"Hallownest:Wandering_and_Horned","floor":14,"turns":2},{"damage":46,"enemies":"Hallownest:BossFalseKnight","floor":16,"turns":7},{"damage":20,"enemies":"2 Thieves","floor":18,"turns":3},{"damage":7,"enemies":"Chosen","floor":21,"turns":3},{"damage":7,"enemies":"Centurion and Healer","floor":22,"turns":4},{"damage":0,"enemies":"Slavers","floor":23,"turns":1},{"damage":5,"enemies":"Shelled Parasite and Fungi","floor":28,"turns":3},{"damage":0,"enemies":"3 Cultists","floor":31,"turns":2},{"damage":26,"enemies":"Champ","floor":33,"turns":6},{"damage":19,"enemies":"Hallownest:2_Littles","floor":35,"turns":2},{"damage":0,"enemies":"Hallownest:Shield_Heavy","floor":37,"turns":2},{"damage":10,"enemies":"Hallownest:2_Soldiers_and_1_Guardian","floor":38,"turns":2},{"damage":17,"enemies":"Hallownest:monsterPrimalAspid","floor":41,"turns":2},{"damage":2,"enemies":"Hallownest:2_Wandering_and_1_Horned","floor":42,"turns":4},{"damage":4,"enemies":"Hallownest:2_Great","floor":45,"turns":2},{"damage":9,"enemies":"Hallownest:monsterPrimalAspid","floor":48,"turns":2},{"damage":65,"enemies":"Hallownest:BossHollowKnight","floor":50,"turns":8}],"seed_played":"4861671356563224455","potions_obtained":[{"floor":14,"key":"FairyPotion"},{"floor":31,"key":"GamblersBrew"},{"floor":33,"key":"DistilledChaos"},{"floor":35,"key":"Regen Potion"},{"floor":45,"key":"Elixir"}],"is_trial":false,"path_per_floor":["M","$","M","M","?","R","$","R","T","R","M","M","R","M","R","B",null,"M","?","T","M","M","E","R","$","T","R","M","$","?","M","R","B",null,"M","T","M","M","$","R","M","M","T","R","M","R","?","M","R","B",null],"character_chosen":"DEFECT","items_purchased":["Hyperbeam","Tiny Chest","ReplayTheSpireMod:Omega Cannon","conspire:Banana","Streamline","ColorlessPotion","Madness"],"campfire_rested":4,"item_purchase_floors":[0,0,0,0,0,0,2],"current_hp_per_floor":[59,59,59,59,59,59,59,59,59,59,55,55,55,51,51,7,80,62,62,62,57,52,54,80,80,80,80,75,75,57,57,83,59,90,73,73,73,63,63,90,73,73,73,73,71,71,81,74,98,35],"gold":206,"neow_bonus":"","is_daily":false,"chose_seed":false,"campfire_upgraded":8,"win_rate":0.0,"timestamp":1613302012,"path_taken":["M","$","M","M","?","R","?","R","T","R","M","M","R","M","R","BOSS","M","?","?","M","?","E","R","$","T","R","M","?","?","M","R","BOSS","M","?","M","?","$","R","M","M","T","R","M","R","?","?","R","BOSS"],"items_purchased_type":["Card","Relic","Card","Card","Card","Potion","Card"],"build_version":"2020-12-22","purchased_purges":3,"victory":true,"max_hp_per_floor":[75,75,76,76,76,76,76,76,76,76,78,78,78,78,78,80,80,82,82,82,84,86,88,88,88,88,88,88,88,88,88,88,90,90,92,92,92,92,92,92,92,94,94,94,96,96,96,98,98,100],"card_choices":[{"not_picked":["Time Bomb","Redo"],"picked":"Beam Cell","floor":1},{"not_picked":["Heatsinks","Panic Button"],"picked":"Echo Form","floor":3},{"not_picked":["Heatsinks","Steam"],"picked":"Auto Shields","floor":4},{"not_picked":["Force Field","ReplayTheSpireMod:Reroute Power","Streamline"],"picked":"SKIP","floor":11},{"not_picked":["Conserve Battery","Steam"],"picked":"Rip and Tear","floor":12},{"not_picked":["Compile Driver","Cold Snap"],"picked":"Go for the Eyes","floor":14},{"not_picked":["ReplayTheSpireMod:Omega Cannon","Seek"],"picked":"Hyperbeam","floor":16},{"not_picked":["Turbo","Streamline+1","Beam Cell"],"picked":"SKIP","floor":18},{"not_picked":["ReplayTheSpireMod:Repulse+1","Redo"],"picked":"Reprogram+1","floor":21},{"not_picked":["Barrage","Turbo+1","Blizzard"],"picked":"SKIP","floor":22},{"not_picked":["Doom and Gloom","Tempest"],"picked":"Sunder+1","floor":23},{"not_picked":["Glacier","Steam"],"picked":"Conserve Battery","floor":28},{"not_picked":["Consume","Static Discharge"],"picked":"Skim+1","floor":31},{"not_picked":["Cold Snap","Scrape+1","Conserve Battery"],"picked":"SKIP","floor":35},{"not_picked":["Undo+1","Cold Snap"],"picked":"Beam Cell","floor":37},{"not_picked":["Ball Lightning+1","hubris:Ukulele+1","Fusion"],"picked":"SKIP","floor":38},{"not_picked":["Lockon","Streamline+1","Blizzard"],"picked":"SKIP","floor":41},{"not_picked":["Redo+1","Cold Snap+1","Turbo"],"picked":"SKIP","floor":42},{"not_picked":["Scrape+1","Barrage","Leap"],"picked":"SKIP","floor":45},{"not_picked":["Capacitor","Ball Lightning"],"picked":"Conserve Battery+1","floor":48}],"player_experience":74000,"relics_obtained":[{"floor":9,"key":"Grinning Jar"},{"floor":20,"key":"Toy Ornithopter"},{"floor":23,"key":"Blue Doll"},{"floor":26,"key":"Ornamental Fan"},{"floor":36,"key":"infinitespire:Satchel"},{"floor":43,"key":"Potion Belt"}],"event_choices":[],"is_beta":false,"boss_relics":[{"not_picked":["Calling Bell","energizedSpire:RedRose"],"picked":"energizedSpire:EnergizedDie"},{"not_picked":["Painkiller Herb","aspiration:WatcherSkillbook"],"picked":"Velvet Choker"}],"items_purged_floors":[25,29,39],"is_endless":false,"potions_floor_spawned":[14,31,33,35,38,42,45],"ascension_level":3}}