{"host":"bpnwh7vpv9k3tssc","time":1613317660,"event":{"mods":["BaseMod","Colored Map","Colored Powertips","Curses Come First","Highlight Path","Minty Spire (QoL Compilation)","Quick Restart","Random Character Button","Relic Sorter","StSLib"],"gold_per_floor":[118,118,135,135,146,181,181,146,146,226,242,242,255,287,287,287,287],"floor_reached":16,"language":"ENG","playtime":358,"items_purged":[],"score":198,"play_id":"04a712ce-12d4-4473-9bbd-034e1f6ed72e","local_time":"20210214164740","is_ascension_mode":true,"campfire_choices":[{"data":"Shockwave","floor":7,"key":"SMITH"},{"data":"Uppercut","floor":12,"key":"SMITH"},{"data":"Inflame","floor":15,"key":"SMITH"}],"circlet_count":0,"master_deck":["AscendersBane","Strike_R","Strike_R","Strike_R","Defend_R","Defend_R","Defend_R","Defend_R","Bash","Corruption+1","Uppercut+1","Thunderclap","Shockwave+1","Iron Wave","Rupture","Inflame+1","Dropkick","Entrench"],"relics":["Burning Blood","Art of War","Bottled Flame","Pen Nib"],"acts_visited":["Exordium"],"potions_floor_usage":[],"damage_taken":[{"damage":4,"enemies":"Small Slimes","floor":1,"turns":4},{"damage":4,"enemies":"Cultist","floor":3,"turns":3},{"damage":6,"enemies":"2 Louse","floor":5,"turns":3},{"damage":40,"enemies":"Lagavulin","floor":6,"turns":8},{"damage":8,"enemies":"2 Fungi Beasts","floor":11,"turns":3},{"damage":12,"enemies":"Large Slime","floor":13,"turns":6},{"damage":19,"enemies":"Gremlin Nob","floor":14,"turns":4},{"damage":38,"enemies":"Slime Boss","floor":16,"turns":3}],"seed_played":"-4860113564166674185","potions_obtained":[{"floor":5,"key":"SpeedPotion"},{"floor":6,"key":"Block Potion"}],"is_trial":false,"path_per_floor":["M","?","M","?","M","E","R","?","T","?","M","R","M","E","R","B"],"character_chosen":"IRONCLAD","items_purchased":[],"campfire_rested":0,"item_purchase_floors":[],"current_hp_per_floor":[70,70,72,72,72,38,38,56,56,56,54,54,48,35,35,0,0],"gold":287,"neow_bonus":"TRANSFORM_TWO_CARDS","is_daily":false,"chose_seed":false,"campfire_upgraded":3,"win_rate":0.0,"timestamp":1613317660,"path_taken":["M","?","M","?","?","E","R","?","T","?","M","R","M","E","R","BOSS"],"items_purchased_type":[],"build_version":"2020-12-22","purchased_purges":0,"victory":false,"max_hp_per_floor":[75,75,75,75,75,75,75,75,75,75,75,75,75,75,75,75,75],"card_choices":[{"not_picked":["True Grit","Burning Pact"],"picked":"Thunderclap","floor":1},{"not_picked":["Sever Soul","Havoc"],"picked":"Shockwave","floor":3},{"not_picked":["Wild Strike","Warcry"],"picked":"Iron Wave","floor":5},{"not_picked":["Twin Strike","Flex"],"picked":"Rupture","floor":6},{"not_picked":["Clash","Clothesline"],"picked":"Inflame","floor":11},{"not_picked":["Sever Soul","Warcry"],"picked":"Dropkick","floor":13},{"not_picked":["Sword Boomerang","Corruption"],"picked":"Entrench","floor":14}],"player_experience":386495,"relics_obtained":[{"floor":6,"key":"Art of War"},{"floor":9,"key":"Bottled Flame"},{"floor":14,"key":"Pen Nib"}],"event_choices":[{"cards_removed":["Decay"],"damage_healed":0,"gold_gain":0,"player_choice":"Forget","damage_taken":0,"max_hp_gain":0,"max_hp_loss":0,"event_name":"Living Wall","floor":2,"gold_loss":0},{"damage_healed":0,"gold_gain":0,"player_choice":"Upgraded","damage_taken":0,"max_hp_gain":0,"max_hp_loss":0,"event_name":"Upgrade Shrine","floor":4,"gold_loss":0,"cards_upgraded":["Corruption"]},{"damage_healed":18,"gold_gain":0,"player_choice":"Healed","damage_taken":0,"max_hp_gain":0,"max_hp_loss":0,"event_name":"The Cleric","floor":8,"gold_loss":35},{"damage_healed":0,"gold_gain":80,"player_choice":"Gained Gold","damage_taken":0,"max_hp_gain":0,"max_hp_loss":0,"event_name":"Golden Wing","floor":10,"gold_loss":0}],"is_beta":false,"boss_relics":[],"items_purged_floors":[],"is_endless":false,"potions_floor_spawned":[5,6,11],"killed_by":"Slime Boss","ascension_level":16}}