{"host":"0luxfixkkfk9wck3","time":1613263065,"event":{"mods":["BaseMod","DeckTracker","Downfall","Highlight Path","Minty Spire (QoL Compilation)","StSLib"],"gold_per_floor":[99,112,128,148,148,54,54,54,72,72,72,172,4,18,29,29,29,29],"floor_reached":16,"language":"ENG","playtime":689,"items_purged":[],"score":147,"play_id":"982bb09f-d180-426a-85e6-77ab961d0c86","local_time":"20210213183745","is_ascension_mode":true,"campfire_choices":[{"data":"sneckomod:TailWhip","floor":1,"key":"SMITH"}],"circlet_count":0,"master_deck":["AscendersBane","sneckomod:Strike","sneckomod:Strike","sneckomod:Strike","sneckomod:Defend","sneckomod:Defend","sneckomod:Defend","sneckomod:TailWhip+1","sneckomod:SnekBite","sneckomod:Unknown","sneckomod:SoulCleanse","sneckomod:UnknownStrike","sneckomod:UnknownCommonSkill","sneckomod:QuickMove","sneckomod:UnknownUncommonPower","sneckomod:Cheat","Jack Of All Trades","sneckomod:Unknown0Cost","hexamod:Incineration","sneckomod:DiceBlock","sneckomod:UnknownRareAttack","sneckomod:UnknownColorless","sneckomod:Rotation"],"relics":["sneckomod:SneckoSoul","hexamod:BolsterEngine","Bottled Flame"],"acts_visited":["Exordium"],"potions_floor_usage":[16,16],"damage_taken":[{"damage":1,"enemies":"2 Louse","floor":2,"turns":3},{"damage":0,"enemies":"Cultist","floor":3,"turns":3},{"damage":9,"enemies":"Jaw Worm","floor":4,"turns":4},{"damage":0,"enemies":"downfall:FleeingMerchant","floor":6,"turns":4},{"damage":14,"enemies":"3 Louse","floor":9,"turns":4},{"damage":0,"enemies":"downfall:FleeingMerchant","floor":13,"turns":4},{"damage":8,"enemies":"Large Slime","floor":14,"turns":5},{"damage":18,"enemies":"Exordium Thugs","floor":15,"turns":4},{"damage":33,"enemies":"SI_SHIV_ARCHETYPE","floor":16,"turns":7}],"seed_played":"-386513934911823883","potions_obtained":[{"floor":2,"key":"FearPotion"},{"floor":9,"key":"PowerPotion"}],"is_trial":false,"path_per_floor":["R","M","M","M","?","$","T","?","M","T","R","?","$","M","M","B"],"character_chosen":"THE_SNECKO","items_purchased":["sneckomod:UnknownUncommonPower","sneckomod:UnknownRareAttack"],"campfire_rested":0,"item_purchase_floors":[6,13],"current_hp_per_floor":[81,80,80,71,71,71,71,71,57,57,57,57,57,49,31,0,0,0],"gold":29,"neow_bonus":"RANDOM_COMMON_RELIC","is_daily":false,"chose_seed":false,"campfire_upgraded":1,"win_rate":0.0,"timestamp":1613263065,"path_taken":["R","M","M","M","?","$","T","?","?","?","R","?","$","M","M","BOSS"],"items_purchased_type":["Card","Card"],"build_version":"2020-12-22","purchased_purges":0,"victory":false,"max_hp_per_floor":[90,90,90,90,90,90,90,90,90,90,90,90,90,90,90,90,90,90],"card_choices":[{"not_picked":["sneckomod:Nope","sneckomod:Unknown1Cost"],"picked":"sneckomod:SoulCleanse","floor":2},{"not_picked":["sneckomod:SoulRoll","sneckomod:UnknownBlock"],"picked":"sneckomod:UnknownStrike","floor":3},{"not_picked":["sneckomod:Nope","sneckomod:UnknownCommonAttack"],"picked":"sneckomod:UnknownCommonSkill","floor":4},{"not_picked":["sneckomod:Transmogrify","sneckomod:SoulDraw"],"picked":"sneckomod:QuickMove","floor":6},{"not_picked":["sneckomod:DiceCrush","sneckomod:UnknownVulnerable"],"picked":"sneckomod:Unknown0Cost","floor":9},{"not_picked":["sneckomod:UnknownCommonAttack","sneckomod:QuickBite"],"picked":"sneckomod:DiceBlock","floor":13},{"not_picked":["sneckomod:SoulRoll","sneckomod:Nope"],"picked":"sneckomod:UnknownColorless","floor":14},{"not_picked":["sneckomod:RainOfDice","sneckomod:UnknownCommonSkill"],"picked":"sneckomod:Rotation","floor":15}],"player_experience":11848724,"relics_obtained":[{"floor":10,"key":"Bottled Flame"}],"event_choices":[],"is_beta":false,"boss_relics":[],"items_purged_floors":[],"is_endless":false,"potions_floor_spawned":[2,9,15],"killed_by":"SI_SHIV_ARCHETYPE","ascension_level":12}}