{"host":"xc18ixkpjvqrt8st","time":1613325222,"event":{"mods":["Act Like it!","BaseMod","Better Match","Better Third Choice","Conspire","Downfall","Hallownest","Hermit","Minty Spire (QoL Compilation)","Reliquary","Robot Space Explorer","Shop Mod","Spicy Shops","Spire Arcade","StSLib","The Animator","The Edgeheg","The Jungle","The Sage"],"gold_per_floor":[276,287,287,302,338,395,395,440,440,440,29,29,29,62,62,190,190,226,240,240],"floor_reached":19,"language":"ENG","playtime":797,"items_purged":[],"score":186,"play_id":"2b08d187-f643-403d-9932-4612753e62e1","local_time":"20210214115342","is_ascension_mode":true,"campfire_choices":[{"floor":7,"key":"REST"},{"floor":12,"key":"RECALL"},{"data":"animator:ElricAlphonse","floor":15,"key":"SMITH"}],"circlet_count":0,"master_deck":["animator:Strike_Kancolle","animator:Defend_Kancolle","animator:Strike","animator:Strike","animator:Strike","animator:Defend","animator:Defend","animator:Defend","animator:Shimakaze","animator:Yoichi","animator:Shigure","animator:Chris","animator:YaoHaDucy","animator:ElricEdward","animator:Shinoa","animator:ElricAlphonse+1","animator:Guren","animator:RoyMustang"],"relics":["animator:LivingPicture","animator:TheMissingPiece","NeowsBlessing","reliquary:QuartzCube","Vajra","animator:CerealBox","sagemod:The_Guidebook_Guide","reliquary:KinkedSpring"],"acts_visited":["Exordium","TheCity"],"potions_floor_usage":[6,6],"damage_taken":[{"damage":0,"enemies":"Small Slimes","floor":1,"turns":1},{"damage":0,"enemies":"Cultist","floor":2,"turns":1},{"damage":0,"enemies":"Jaw Worm","floor":4,"turns":1},{"damage":14,"enemies":"Blue Slaver","floor":5,"turns":5},{"damage":13,"enemies":"Gremlin Nob","floor":6,"turns":4},{"damage":25,"enemies":"Large Slime","floor":8,"turns":7},{"damage":0,"enemies":"3 Louse","floor":14,"turns":4},{"damage":46,"enemies":"Hexaghost","floor":16,"turns":13},{"damage":31,"enemies":"2 Thieves","floor":18,"turns":4},{"damage":2,"enemies":"Chosen","floor":19,"turns":3}],"seed_played":"-1929550931014523693","potions_obtained":[{"floor":2,"key":"DuplicationPotion"},{"floor":4,"key":"Slimebound:ThreeZeroPotion"},{"floor":8,"key":"SmokeBomb"},{"floor":16,"key":"bronze:BurnAndBuffPotion"},{"floor":18,"key":"PowerPotion"}],"is_trial":false,"path_per_floor":["M","M","?","M","M","E","R","M","T","?","$","R","$","M","R","B",null,"M","M"],"character_chosen":"THE_ANIMATOR","items_purchased":["Vajra","animator:CerealBox","sagemod:The_Guidebook_Guide"],"campfire_rested":1,"item_purchase_floors":[11,11,11],"current_hp_per_floor":[66,67,68,68,54,41,61,36,36,36,36,56,64,65,65,20,70,39,37,37],"gold":240,"neow_bonus":"THREE_ENEMY_KILL","is_daily":false,"chose_seed":false,"campfire_upgraded":1,"win_rate":0.0,"timestamp":1613325222,"path_taken":["M","M","?","M","M","E","R","M","T","?","$","R","$","?","R","BOSS","M","M"],"items_purchased_type":["Relic","Relic","Relic"],"build_version":"2020-12-22","purchased_purges":0,"victory":false,"max_hp_per_floor":[66,67,68,68,68,68,68,68,68,68,68,68,68,69,69,70,70,70,70,70],"card_choices":[{"not_picked":["animator:Kuribayashi","animator:DolaCouronne"],"picked":"animator:Yoichi","floor":1},{"not_picked":["animator:OrikoMikuni","animator:Tet"],"picked":"animator:Shigure","floor":2},{"not_picked":["animator:ElricAlphonse","animator:DolaCouronne"],"picked":"animator:Chris","floor":4},{"not_picked":["animator:Tyuule","animator:LeleiLaLalena"],"picked":"animator:YaoHaDucy","floor":5},{"not_picked":["animator:Raven","animator:HiiragiShinya"],"picked":"animator:ElricEdward","floor":6},{"not_picked":["animator:Kazuma","animator:Chris"],"picked":"animator:Shinoa","floor":8},{"not_picked":["animator:OrikoMikuni","animator:Verdia"],"picked":"animator:ElricAlphonse","floor":14},{"not_picked":["animator:MadokaKaname","animator:Father"],"picked":"animator:Guren","floor":16},{"not_picked":["animator:MaesHughes","animator:ElricEdward"],"picked":"animator:RoyMustang","floor":18}],"player_experience":723315,"relics_obtained":[{"floor":6,"key":"reliquary:QuartzCube"}],"event_choices":[{"damage_healed":0,"gold_gain":0,"player_choice":"Ignored","damage_taken":0,"max_hp_gain":0,"max_hp_loss":0,"event_name":"Purifier","floor":10,"gold_loss":0}],"is_beta":false,"boss_relics":[{"not_picked":["reliquary:WritOfMandamus","Fusion Hammer"],"picked":"reliquary:KinkedSpring"}],"items_purged_floors":[],"is_endless":false,"potions_floor_spawned":[2,4,8,16,18],"killed_by":"Chosen","ascension_level":2}}