{"host":"36t3qd3wjvajtu1z","time":1613266991,"event":{"mods":["2.2 Compatiblity","AchievementEnabler","BaseMod","Bestiary","Block Reminder","Colored Powertips","Curses Come First","Highlight Path","Minty Spire (QoL Compilation)","Permanent Neow","Quick Restart","Random Character Button","Rare Cards Sparkle","Relic Stats","Slay-I","StSLib","Unknown Chances"],"gold_per_floor":[115,133,133,133,158,158,172,172,248,262,287,322,5,5,5,104,104,122,137,161,42,42,42,42,42,42,75,75,87,107,134,134,209,209,229,229,229],"floor_reached":36,"language":"ENG","playtime":2798,"items_purged":["Injury"],"score":812,"play_id":"093b9ed3-6e85-4a48-8675-af88fcd6dcf5","local_time":"20210213174311","is_ascension_mode":true,"campfire_choices":[{"data":"Burning Pact","floor":6.0,"key":"SMITH"},{"data":"True Grit","floor":15.0,"key":"SMITH"},{"data":"Dark Embrace","floor":23.0,"key":"SMITH"},{"data":"Demon Form","floor":25.0,"key":"SMITH"},{"data":"Feel No Pain","floor":28.0,"key":"SMITH"},{"floor":32,"key":"REST"}],"circlet_count":0,"master_deck":["AscendersBane","Bash+1","Thunderclap","Battle Trance","Burning Pact+1","Rage","True Grit+1","Cleave","Anger","Apotheosis+1","Shrug It Off","Reaper","Perfected Strike","Intimidate","Fiend Fire","Demon Form+1","Flame Barrier","Dark Embrace+1","Iron Wave","Anger","Infernal Blade","Battle Trance","Pommel Strike","Headbutt","Flame Barrier","Writhe","Feel No Pain+1","Dual Wield","Seeing Red","Corruption","CurseOfTheBell"],"relics":["Burning Blood","Bloody Idol","CultistMask","StrikeDummy","Pocketwatch","Pandora\u0027s Box","Bag of Marbles","Bottled Tornado","Prayer Wheel","Akabeko","Calling Bell","Dream Catcher","Singing Bowl","Champion Belt"],"acts_visited":["Exordium","TheCity","TheBeyond"],"potions_floor_usage":[35],"damage_taken":[{"damage":11.0,"enemies":"2 Louse","floor":1.0,"turns":3.0},{"damage":7.0,"enemies":"Jaw Worm","floor":2.0,"turns":4.0},{"damage":2.0,"enemies":"Cultist","floor":5.0,"turns":4.0},{"damage":18.0,"enemies":"2 Fungi Beasts","floor":7.0,"turns":4.0},{"damage":3.0,"enemies":"Gremlin Gang","floor":8.0,"turns":3.0},{"damage":31.0,"enemies":"Exordium Wildlife","floor":10.0,"turns":5.0},{"damage":6.0,"enemies":"Large Slime","floor":11.0,"turns":5.0},{"damage":27.0,"enemies":"3 Sentries","floor":12.0,"turns":8.0},{"damage":12.0,"enemies":"The Guardian","floor":16.0,"turns":10.0},{"damage":18.0,"enemies":"Chosen","floor":18.0,"turns":5.0},{"damage":0.0,"enemies":"Spheric Guardian","floor":19.0,"turns":4.0},{"damage":9.0,"enemies":"Centurion and Healer","floor":20.0,"turns":5.0},{"damage":12.0,"enemies":"Gremlin Leader","floor":27.0,"turns":4.0},{"damage":6.0,"enemies":"Sentry and Sphere","floor":29.0,"turns":5.0},{"damage":1.0,"enemies":"Chosen and Byrds","floor":30.0,"turns":6.0},{"damage":61,"enemies":"Slavers","floor":31,"turns":5},{"damage":47,"enemies":"Automaton","floor":33,"turns":8},{"damage":69,"enemies":"3 Shapes","floor":35,"turns":5},{"damage":3,"enemies":"3 Darklings","floor":36,"turns":2}],"seed_played":"8267320993403135265","potions_obtained":[{"floor":2.0,"key":"BlessingOfTheForge"},{"floor":7.0,"key":"EntropicBrew"},{"floor":10.0,"key":"Strength Potion"},{"floor":12.0,"key":"SmokeBomb"},{"floor":19.0,"key":"Explosive Potion"},{"floor":20.0,"key":"Strength Potion"},{"floor":27.0,"key":"GamblersBrew"},{"floor":35,"key":"Ancient Potion"}],"is_trial":false,"path_per_floor":["M","M","?","?","M","R","M","M","T","M","M","E","$","?","R","B",null,"M","M","M","$","?","R","?","R","T","E","R","M","M","E","R","B",null,"M","M"],"character_chosen":"IRONCLAD","items_purchased":["Apotheosis","Energy Potion","Shrug It Off","Flame Barrier"],"campfire_rested":1,"item_purchase_floors":[13,13,13,21],"current_hp_per_floor":[63,62,62,62,66,66,54,57,57,46,46,25,25,25,25,19,61,58,69,75,75,75,75,75,75,75,74,74,75,75,37,59,23,62,18,15,15],"gold":229,"neow_bonus":"UPGRADE_CARD","is_daily":false,"chose_seed":false,"campfire_upgraded":5,"win_rate":0.0,"timestamp":1613266991,"path_taken":["M","M","?","?","M","R","M","M","T","?","M","E","$","?","R","BOSS","M","?","M","$","?","R","?","R","T","E","R","M","M","E","R","BOSS","M","M"],"items_purchased_type":["Card","Potion","Card","Card"],"build_version":"2020-12-22","purchased_purges":1,"victory":false,"max_hp_per_floor":[75,75,75,75,75,75,75,75,75,75,75,75,75,75,75,75,75,75,75,75,75,75,75,75,75,75,75,75,75,75,75,75,75,75,79,79,79],"relic_stats":{"Dream Catcher":0,"Singing Bowl":4,"counters":[19,95],"Bloody Idol":20,"Pandora\u0027s Box":["Perfected Strike","Intimidate","Fiend Fire","Demon Form","Flame Barrier","Dark Embrace","Iron Wave","Anger","Infernal Blade"],"Prayer Wheel":3,"Champion Belt":[9],"obtain_stats":[{"Singing Bowl":34,"Golden Idol":3,"Bottled Tornado":26,"Burning Blood":0,"Akabeko":31,"Calling Bell":34,"Dream Catcher":34,"Bloody Idol":22,"Pandora\u0027s Box":17,"Prayer Wheel":27,"CultistMask":4,"Bag of Marbles":24,"Champion Belt":34,"StrikeDummy":9,"Pocketwatch":12},{"Singing Bowl":17,"Golden Idol":2,"Bottled Tornado":12,"Burning Blood":0,"Akabeko":16,"Calling Bell":17,"Dream Catcher":17,"Bloody Idol":12,"Pandora\u0027s Box":9,"Prayer Wheel":13,"CultistMask":2,"Bag of Marbles":12,"Champion Belt":17,"StrikeDummy":5,"Pocketwatch":8},{"Singing Bowl":88,"Golden Idol":7,"Bottled Tornado":60,"Burning Blood":0,"Akabeko":80,"Calling Bell":88,"Dream Catcher":88,"Bloody Idol":60,"Pandora\u0027s Box":46,"Prayer Wheel":64,"CultistMask":7,"Bag of Marbles":60,"Champion Belt":88,"StrikeDummy":18,"Pocketwatch":36}],"Burning Blood":93,"Pocketwatch":[52]},"card_choices":[{"not_picked":["Warcry","Power Through"],"picked":"Thunderclap","floor":1.0},{"not_picked":["Second Wind","Feel No Pain"],"picked":"Battle Trance","floor":2.0},{"not_picked":["Havoc","Perfected Strike"],"picked":"Burning Pact","floor":5.0},{"not_picked":["Body Slam","Shrug It Off"],"picked":"Rage","floor":7.0},{"not_picked":["Warcry","Cleave"],"picked":"True Grit","floor":10.0},{"not_picked":["Flex","Clash"],"picked":"Cleave","floor":11.0},{"not_picked":["Twin Strike","Brutality"],"picked":"Anger","floor":12.0},{"not_picked":["Juggernaut","Corruption"],"picked":"Reaper","floor":16.0},{"not_picked":["Fire Breathing","Thunderclap"],"picked":"Battle Trance","floor":18.0},{"not_picked":["Havoc","Carnage+1"],"picked":"Pommel Strike","floor":19.0},{"not_picked":["Wild Strike","Dual Wield"],"picked":"Headbutt","floor":20.0},{"not_picked":["Thunderclap","Limit Break"],"picked":"Feel No Pain","floor":27.0},{"not_picked":["Searing Blow+1","Sever Soul"],"picked":"Dual Wield","floor":29.0},{"not_picked":["Searing Blow","Carnage","Headbutt"],"picked":"SKIP","floor":29.0},{"not_picked":["Cleave+1","Warcry"],"picked":"Seeing Red","floor":30.0},{"not_picked":["Clothesline","Blood for Blood","Thunderclap"],"picked":"SKIP","floor":30.0},{"not_picked":["Dual Wield","Cleave","Wild Strike"],"picked":"SKIP","floor":31},{"not_picked":["Reaper","Limit Break"],"picked":"Corruption","floor":33},{"not_picked":["Clash+1","Headbutt","Wild Strike"],"picked":"Singing Bowl","floor":35},{"not_picked":["Heavy Blade","Wild Strike","Thunderclap"],"picked":"Singing Bowl","floor":35}],"player_experience":514301,"relics_obtained":[{"floor":9.0,"key":"StrikeDummy"},{"floor":12.0,"key":"Pocketwatch"},{"floor":26.0,"key":"Bottled Tornado"},{"floor":27.0,"key":"Prayer Wheel"},{"floor":31,"key":"Akabeko"},{"floor":34,"key":"Dream Catcher"},{"floor":34,"key":"Singing Bowl"},{"floor":34,"key":"Champion Belt"}],"event_choices":[{"damage_healed":0.0,"max_hp_gain":0.0,"max_hp_loss":0.0,"gold_gain":0.0,"event_name":"Golden Idol","player_choice":"Take Wound","floor":3.0,"gold_loss":0.0,"damage_taken":0.0,"relics_obtained":["Golden Idol"],"cards_obtained":["Injury"]},{"damage_healed":0.0,"max_hp_gain":0.0,"max_hp_loss":0.0,"gold_gain":0.0,"event_name":"FaceTrader","player_choice":"Trade","floor":4.0,"gold_loss":0.0,"damage_taken":0.0,"relics_obtained":["CultistMask"]},{"damage_healed":0.0,"max_hp_gain":0.0,"max_hp_loss":0.0,"gold_gain":0.0,"event_name":"Accursed Blacksmith","player_choice":"Forge","floor":14.0,"gold_loss":0.0,"damage_taken":0.0,"cards_upgraded":["Apotheosis"]},{"damage_healed":0.0,"max_hp_gain":0.0,"max_hp_loss":0.0,"gold_gain":0.0,"event_name":"Forgotten Altar","player_choice":"Gave Idol","floor":22.0,"relics_lost":["Golden Idol"],"gold_loss":0.0,"damage_taken":0.0,"relics_obtained":["Bloody Idol"]},{"damage_healed":0.0,"max_hp_gain":0.0,"max_hp_loss":0.0,"gold_gain":0.0,"event_name":"The Mausoleum","player_choice":"Opened","floor":24.0,"gold_loss":0.0,"damage_taken":0.0,"relics_obtained":["Bag of Marbles"],"cards_obtained":["Writhe"]}],"is_beta":false,"boss_relics":[{"not_picked":["Velvet Choker","Empty Cage"],"picked":"Pandora\u0027s Box"},{"not_picked":["Runic Dome","Runic Cube"],"picked":"Calling Bell"}],"items_purged_floors":[21],"is_endless":false,"potions_floor_spawned":[2,7,10,12,19,20,27,30,35],"killed_by":"3 Darklings","ascension_level":20}}