{"host":"mljkxr5b6an9e5iz","time":1613313839,"event":{"mods":["AchievementEnabler","Aspiration","BaseMod","Colored Map","Downfall","Minty Spire (QoL Compilation)","Permanent Neow","Reliquary","StSLib"],"gold_per_floor":[111,126,144,144,161,161,194,206,296,308,348,373,385,411,423,435,435],"floor_reached":16,"language":"ENG","playtime":2133,"items_purged":[],"score":112,"play_id":"98ee144b-efeb-4c14-b326-85d70e31da76","local_time":"20210214154359","is_ascension_mode":false,"campfire_choices":[{"data":"Searing Blow","floor":6,"key":"SMITH"},{"data":"Searing Blow+1","floor":8,"key":"SMITH"},{"data":"Searing Blow+2","floor":15,"key":"SMITH"}],"circlet_count":0,"master_deck":["Strike_R","Strike_R","Strike_R","Strike_R","Defend_R","Defend_R","Defend_R","Defend_R","Bash","Rage","Anger","Searing Blow+3","Seeing Red","Pummel","Whirlwind"],"relics":["Burning Blood","White Beast Statue","MawBank","reliquary:JackalopeAntler","Juzu Bracelet"],"acts_visited":["Exordium"],"potions_floor_usage":[5,7,11,12,16],"damage_taken":[{"damage":0,"enemies":"Small Slimes","floor":1,"turns":3},{"damage":12,"enemies":"Cultist","floor":2,"turns":5},{"damage":0,"enemies":"2 Louse","floor":3,"turns":3},{"damage":4,"enemies":"2 Fungi Beasts","floor":5,"turns":3},{"damage":39,"enemies":"Lagavulin","floor":7,"turns":6},{"damage":50,"enemies":"Gremlin Nob","floor":11,"turns":6},{"damage":0,"enemies":"Gremlin Gang","floor":12,"turns":5},{"damage":10,"enemies":"Large Slime","floor":14,"turns":5},{"damage":21,"enemies":"The Guardian","floor":16,"turns":3}],"seed_played":"-3445192589643477230","potions_obtained":[{"floor":1,"key":"SneckoOil"},{"floor":2,"key":"sneckomod:MuddlingPotion"},{"floor":5,"key":"BloodPotion"},{"floor":7,"key":"DistilledChaos"},{"floor":11,"key":"SpeedPotion"},{"floor":12,"key":"Swift Potion"},{"floor":14,"key":"Strength Potion"}],"is_trial":false,"path_per_floor":["M","M","M","?","M","R","E","R","T","$","E","M","?","M","R","B"],"character_chosen":"IRONCLAD","items_purchased":[],"campfire_rested":0,"item_purchase_floors":[],"current_hp_per_floor":[80,74,80,80,80,80,63,63,63,63,19,25,25,21,21,0,0],"gold":435,"neow_bonus":"","is_daily":false,"chose_seed":false,"campfire_upgraded":3,"win_rate":0.0,"timestamp":1613313839,"path_taken":["M","M","M","?","M","R","E","R","T","?","E","M","?","M","R","BOSS"],"items_purchased_type":[],"build_version":"2020-12-22","purchased_purges":0,"victory":false,"max_hp_per_floor":[80,80,80,80,80,80,80,80,80,80,80,80,80,80,80,80,80],"card_choices":[{"not_picked":["Anger","Flex"],"picked":"Rage","floor":1},{"not_picked":["Shrug It Off","Hemokinesis"],"picked":"Anger","floor":2},{"not_picked":["Anger","Dark Embrace"],"picked":"Searing Blow","floor":3},{"not_picked":["Iron Wave","Perfected Strike"],"picked":"Seeing Red","floor":5},{"not_picked":["Brutality","Headbutt","Combust"],"picked":"SKIP","floor":7},{"not_picked":["Thunderclap","Fire Breathing"],"picked":"Pummel","floor":11},{"not_picked":["Thunderclap","Body Slam","Dark Embrace"],"picked":"SKIP","floor":12},{"not_picked":["Clash","Intimidate"],"picked":"Whirlwind","floor":14}],"player_experience":0,"relics_obtained":[{"floor":7,"key":"MawBank"},{"floor":9,"key":"reliquary:JackalopeAntler"},{"floor":11,"key":"Juzu Bracelet"}],"event_choices":[{"damage_healed":0,"gold_gain":0,"player_choice":"Gave Potion","damage_taken":0,"relics_obtained":["White Beast Statue"],"max_hp_gain":0,"max_hp_loss":0,"event_name":"WeMeetAgain","floor":4,"gold_loss":0},{"cards_removed":["Strike_R"],"damage_healed":0,"gold_gain":0,"player_choice":"Offered Basic","damage_taken":0,"max_hp_gain":0,"max_hp_loss":0,"event_name":"Bonfire Elementals","floor":13,"gold_loss":0}],"is_beta":false,"boss_relics":[],"items_purged_floors":[],"is_endless":false,"potions_floor_spawned":[1,2,5,7,11,12,14],"killed_by":"The Guardian","ascension_level":0}}