{"host":"og21o26alpnbwmz8","time":1613327253,"event":{"mods":["Act Like it!","Aspiration","BaseMod","Conspire","Downfall","Gensokyo","Halation","Hubris","Jedi Mod","Mimic Mod","Minty Spire (QoL Compilation)","Pale of the Ancients","Reliquary","Replay The Spire","Shop Mod","Spikes Relics","StSLib","The Alterego","The Blue Laboratory","The Clintock","The Disciple","The Poker Player","The Witch","Waifu the Spire","Yuri Mod"],"gold_per_floor":[110,57,57,57,57,69,69,85,165,197,257,257,291,291,291,390,390,408,72,72,72,72,72,89,89,89,89],"floor_reached":25,"language":"ENG","playtime":760,"items_purged":["PokerPlayerMod:Diamond1"],"score":205,"play_id":"f871a785-f476-4fb8-b990-9e32fedeb98e","local_time":"20210214132733","is_ascension_mode":false,"metric_token":1618,"campfire_choices":[{"data":"PokerPlayerMod:CloakAndDiamond","floor":7,"key":"SMITH"},{"data":"hubris:DuctTapeCard","floor":12,"key":"SMITH"},{"data":"PokerPlayerMod:TheDieIsCast","floor":15,"key":"SMITH"},{"data":"PokerPlayerMod:CloakAndDiamond","floor":23,"key":"SMITH"}],"circlet_count":0,"master_deck":["PokerPlayerMod:Diamond2","PokerPlayerMod:Diamond3","PokerPlayerMod:Diamond4","PokerPlayerMod:Diamond5","PokerPlayerMod:Spade2","PokerPlayerMod:Spade3","PokerPlayerMod:Spade4","PokerPlayerMod:Club2","PokerPlayerMod:Heart2","PokerPlayerMod:Mulligan","PokerPlayerMod:CloakAndDiamond+1","PokerPlayerMod:Club2","PokerPlayerMod:Club3","PokerPlayerMod:Club4","PokerPlayerMod:Club5","PokerPlayerMod:Club6","PokerPlayerMod:RoyalStrike","PokerPlayerMod:CloakAndDiamond+1","PokerPlayerMod:Raise","hubris:DuctTapeCard+2","PokerPlayerMod:TheDieIsCast+1","PokerPlayerMod:Diamond6","PokerPlayerMod:WasteCollection","PokerPlayerMod:GamblerForm","PokerPlayerMod:CloakAndDiamond+1","PokerPlayerMod:StackedDeck","PokerPlayerMod:TheDieIsCast"],"relics":["PokerPlayerMod:DeckCase","NeowsBlessing","halation:EternalFortune","hubris:DuctTape","hubris:Reverence","Lantern","Juzu Bracelet","Cursed Key","PokerPlayerMod:ClubPass"],"acts_visited":["Exordium","TheCity"],"potions_floor_usage":[11,25],"damage_taken":[{"damage":0,"enemies":"Jaw Worm","floor":1,"turns":1},{"damage":0,"enemies":"2 Louse","floor":6,"turns":1},{"damage":0,"enemies":"Small Slimes","floor":8,"turns":1},{"damage":5,"enemies":"Gremlin Nob","floor":10,"turns":3},{"damage":3,"enemies":"3 Sentries","floor":11,"turns":2},{"damage":16,"enemies":"3 Sentries","floor":13,"turns":4},{"damage":28,"enemies":"Hexaghost","floor":16,"turns":6},{"damage":10,"enemies":"Chosen","floor":18,"turns":2},{"damage":15,"enemies":"2 Thieves","floor":24,"turns":4},{"damage":31,"enemies":"Book of Stabbing","floor":25,"turns":3}],"seed_played":"5159418507669162661","potions_obtained":[{"floor":6,"key":"blueLaboratory:FruitPunch"},{"floor":8,"key":"champ:CounterPotion"},{"floor":10,"key":"Strength Potion"}],"is_trial":false,"path_per_floor":["M","$","?","?","?","M","R","M","T","E","?","R","E","?","R","B",null,"M","$","?","?","?","R","M","E"],"character_chosen":"THE_POKER_PLAYER","items_purchased":["PokerPlayerMod:CloakAndDiamond","PokerPlayerMod:ClubPass"],"campfire_rested":0,"item_purchase_floors":[2,19],"current_hp_per_floor":[52,52,52,55,55,55,55,55,55,54,53,53,41,41,41,18,57,47,47,38,38,38,38,25,0,0,0],"gold":89,"neow_bonus":"THREE_ENEMY_KILL","is_daily":false,"chose_seed":false,"campfire_upgraded":4,"win_rate":0.0,"timestamp":1613327253,"path_taken":["M","$","?","?","?","?","R","M","T","E","?","R","E","?","R","BOSS","M","$","?","?","?","R","M","E"],"items_purchased_type":["Card","Relic"],"build_version":"2020-12-22","purchased_purges":1,"victory":false,"max_hp_per_floor":[52,52,52,55,55,55,55,55,55,55,57,57,57,57,57,57,57,57,57,62,62,62,62,62,62,62,62],"card_choices":[{"not_picked":["PokerPlayerMod:Spade1","PokerPlayerMod:Club3","PokerPlayerMod:Diamond1"],"picked":"SKIP","floor":1},{"not_picked":["PokerPlayerMod:Diamond1","PokerPlayerMod:ClubsClub"],"picked":"PokerPlayerMod:CloakAndDiamond","floor":6},{"not_picked":["PokerPlayerMod:Configure","PokerPlayerMod:Club1"],"picked":"PokerPlayerMod:Raise","floor":8},{"not_picked":["PokerPlayerMod:Club4","PokerPlayerMod:Spade1"],"picked":"PokerPlayerMod:TheDieIsCast","floor":10},{"not_picked":["PokerPlayerMod:Sharpen","PokerPlayerMod:Club3"],"picked":"PokerPlayerMod:Diamond6","floor":11},{"not_picked":["PokerPlayerMod:MagicTrick","PokerPlayerMod:Spade2"],"picked":"PokerPlayerMod:WasteCollection","floor":13},{"not_picked":["PokerPlayerMod:RoyalStrike","PokerPlayerMod:Diamond7"],"picked":"PokerPlayerMod:GamblerForm","floor":16},{"not_picked":["PokerPlayerMod:CardBurn","PokerPlayerMod:JackOfSpades"],"picked":"PokerPlayerMod:CloakAndDiamond+1","floor":18},{"not_picked":["PokerPlayerMod:Diamond3","PokerPlayerMod:Diamond5","PokerPlayerMod:ClubsClub+1"],"picked":"SKIP","floor":24}],"player_experience":304883,"relics_obtained":[{"floor":9,"key":"hubris:DuctTape"},{"floor":10,"key":"hubris:Reverence"},{"floor":11,"key":"Lantern"},{"floor":13,"key":"Juzu Bracelet"}],"event_choices":[{"damage_healed":0,"gold_gain":0,"player_choice":"Jackpot","damage_taken":0,"max_hp_gain":0,"max_hp_loss":0,"event_name":"PokerPlayerMod:ExordiumClub","floor":3,"gold_loss":0,"cards_obtained":["PokerPlayerMod:Club2","PokerPlayerMod:Club3","PokerPlayerMod:Club4","PokerPlayerMod:Club5","PokerPlayerMod:Club6"]},{"damage_healed":0,"gold_gain":0,"player_choice":"Jackpot","damage_taken":0,"max_hp_gain":0,"max_hp_loss":0,"event_name":"PokerPlayerMod:ExordiumClub","floor":3,"gold_loss":0,"cards_obtained":["PokerPlayerMod:Club2","PokerPlayerMod:Club3","PokerPlayerMod:Club4","PokerPlayerMod:Club5","PokerPlayerMod:Club6"]},{"damage_healed":0,"gold_gain":0,"player_choice":"Jackpot","damage_taken":0,"max_hp_gain":0,"max_hp_loss":0,"event_name":"PokerPlayerMod:ExordiumClub","floor":3,"gold_loss":0,"cards_obtained":["PokerPlayerMod:Club2","PokerPlayerMod:Club3","PokerPlayerMod:Club4","PokerPlayerMod:Club5","PokerPlayerMod:Club6"]},{"damage_healed":0,"gold_gain":0,"player_choice":"Jackpot","damage_taken":0,"max_hp_gain":0,"max_hp_loss":0,"event_name":"PokerPlayerMod:ExordiumClub","floor":3,"gold_loss":0,"cards_obtained":["PokerPlayerMod:Club2","PokerPlayerMod:Club3","PokerPlayerMod:Club4","PokerPlayerMod:Club5","PokerPlayerMod:Club6"]},{"damage_healed":0,"gold_gain":0,"player_choice":"Jackpot","damage_taken":0,"max_hp_gain":0,"max_hp_loss":0,"event_name":"PokerPlayerMod:ExordiumClub","floor":3,"gold_loss":0,"cards_obtained":["PokerPlayerMod:Club2","PokerPlayerMod:Club3","PokerPlayerMod:Club4","PokerPlayerMod:Club5","PokerPlayerMod:Club6"]},{"damage_healed":0,"gold_gain":0,"player_choice":"1 cards matched","damage_taken":0,"max_hp_gain":0,"max_hp_loss":0,"event_name":"Match and Keep!","floor":5,"gold_loss":0,"cards_obtained":["PokerPlayerMod:RoyalStrike"]},{"damage_healed":0,"gold_gain":0,"player_choice":"Searched \u00271\u0027 times","damage_taken":0,"max_hp_gain":0,"max_hp_loss":0,"event_name":"Dead Adventurer","floor":11,"gold_loss":0},{"damage_healed":0,"gold_gain":0,"player_choice":"Ignored","damage_taken":0,"max_hp_gain":0,"max_hp_loss":0,"event_name":"NoteForYourself","floor":14,"gold_loss":0},{"damage_healed":0,"gold_gain":0,"player_choice":"Shed Blood","damage_taken":14,"max_hp_gain":5,"max_hp_loss":0,"event_name":"Forgotten Altar","floor":20,"gold_loss":0},{"damage_healed":0,"gold_gain":0,"cards_transformed":["PokerPlayerMod:Spade1","PokerPlayerMod:Club1"],"player_choice":"Became Test Subject","damage_taken":0,"max_hp_gain":0,"max_hp_loss":0,"event_name":"Drug Dealer","floor":22,"gold_loss":0,"cards_obtained":["PokerPlayerMod:StackedDeck","PokerPlayerMod:TheDieIsCast"]}],"is_beta":false,"boss_relics":[{"not_picked":["aspiration:RitualDagger","jedi:hotpepper"],"picked":"Cursed Key"}],"items_purged_floors":[19],"is_endless":false,"potions_floor_spawned":[6,8,10],"killed_by":"Book of Stabbing","ascension_level":0}}