{"host":"6jrd8fn9k88n08be","time":1613275135,"event":{"mods":["BaseMod","Minty Spire (QoL Compilation)","StSLib"],"gold_per_floor":[115,46,221,76,76,76,92,106,129,159,159,177,202,3,3,101,101,115,65,76,89,49,49,49],"floor_reached":23,"language":"ENG","playtime":1386,"items_purged":["Doubt","Strike_R","Strike_R+1"],"score":229,"play_id":"5a9e4fe0-fc00-465d-ab81-f5fa476e7780","local_time":"20210213225855","is_ascension_mode":true,"campfire_choices":[{"data":"Rampage","floor":6.0,"key":"SMITH"},{"data":"Panacea","floor":11.0,"key":"SMITH"},{"floor":15.0,"key":"REST"}],"circlet_count":0,"master_deck":["Strike_R+1","Defend_R","Defend_R","Defend_R","Bash","Panacea+1","Cleave","Rampage+1","Shrug It Off","Body Slam","Ghostly Armor","Warcry","Armaments+1","Entrench","Juggernaut","Rampage"],"relics":["Burning Blood","Akabeko","Whetstone","Smiling Mask","Dream Catcher","Empty Cage"],"acts_visited":[],"potions_floor_usage":[23],"damage_taken":[{"damage":6.0,"enemies":"Cultist","floor":1.0,"turns":4.0},{"damage":0.0,"enemies":"2 Louse","floor":7.0,"turns":2.0},{"damage":12.0,"enemies":"Jaw Worm","floor":8.0,"turns":3.0},{"damage":39.0,"enemies":"Gremlin Nob","floor":10.0,"turns":5.0},{"damage":0.0,"enemies":"2 Fungi Beasts","floor":12.0,"turns":3.0},{"damage":37.0,"enemies":"3 Sentries","floor":13.0,"turns":8.0},{"damage":32.0,"enemies":"The Guardian","floor":16.0,"turns":14.0},{"damage":14.0,"enemies":"Shell Parasite","floor":18.0,"turns":11.0},{"damage":2.0,"enemies":"Chosen","floor":20.0,"turns":6.0},{"damage":50.0,"enemies":"Sentry and Sphere","floor":21.0,"turns":8.0},{"damage":32,"enemies":"Slavers","floor":23,"turns":4}],"seed_played":"-8487627657026853841","potions_obtained":[{"floor":7.0,"key":"HeartOfIron"},{"floor":8.0,"key":"ElixirPotion"},{"floor":16.0,"key":"SteroidPotion"}],"is_trial":false,"path_per_floor":["M","$","?","$","?","R","M","M","T","E","R","M","E","$","R","B",null,"M","$","M","M","?","E"],"character_chosen":"IRONCLAD","items_purchased":["Rampage","Shrug It Off","Body Slam","Dream Catcher"],"campfire_rested":1,"item_purchase_floors":[2,4,4,14],"current_hp_per_floor":[80,80,80,80,80,80,80,74,74,41,41,47,16,16,40,14,80,72,72,76,32,32,0,0],"gold":49,"neow_bonus":"RANDOM_COLORLESS","is_daily":false,"chose_seed":false,"campfire_upgraded":2,"win_rate":0.0,"timestamp":1613275135,"path_taken":["M","?","?","$","?","R","M","M","T","E","R","M","E","?","R","BOSS","M","$","M","M","?","E"],"items_purchased_type":["Card","Card","Card","Relic"],"build_version":"2020-12-22","purchased_purges":3,"victory":false,"max_hp_per_floor":[80,80,80,80,80,80,80,80,80,80,80,80,80,80,80,80,80,80,80,80,80,80,80,80],"card_choices":[{"not_picked":["Impatience","PanicButton"],"picked":"Panacea","floor":0.0},{"not_picked":["Iron Wave","Power Through"],"picked":"Cleave","floor":1.0},{"not_picked":["Body Slam","Iron Wave","Infernal Blade"],"picked":"SKIP","floor":7.0},{"not_picked":["Brutality","Inflame"],"picked":"Ghostly Armor","floor":8.0},{"not_picked":["Havoc","Flex","Wild Strike"],"picked":"SKIP","floor":10.0},{"not_picked":["Body Slam","Headbutt"],"picked":"Warcry","floor":12.0},{"not_picked":["Sword Boomerang","Havoc"],"picked":"Armaments","floor":13.0},{"not_picked":["Anger","Blood for Blood"],"picked":"Entrench","floor":15.0},{"not_picked":["Reaper","Feed"],"picked":"Juggernaut","floor":16.0},{"not_picked":["Thunderclap+1","Warcry+1"],"picked":"Rampage","floor":18.0},{"not_picked":["Infernal Blade","Flex","Entrench"],"picked":"SKIP","floor":20.0},{"not_picked":["Pummel","Twin Strike","Carnage+1"],"picked":"SKIP","floor":21}],"player_experience":182476,"relics_obtained":[{"floor":9.0,"key":"Akabeko"},{"floor":10.0,"key":"Whetstone"},{"floor":13.0,"key":"Smiling Mask"}],"event_choices":[{"damage_healed":0.0,"max_hp_gain":0.0,"max_hp_loss":0.0,"gold_gain":175.0,"event_name":"Liars Game","player_choice":"AGREE","floor":3.0,"gold_loss":0.0,"damage_taken":0.0,"cards_obtained":["Doubt"]},{"cards_removed":["Strike_R"],"damage_healed":0.0,"max_hp_gain":0.0,"max_hp_loss":0.0,"gold_gain":0.0,"event_name":"Living Wall","player_choice":"Forget","floor":5.0,"gold_loss":0.0,"damage_taken":0.0},{"damage_healed":0,"gold_gain":0,"player_choice":"Upgrade","damage_taken":0,"max_hp_gain":0,"max_hp_loss":0,"event_name":"Designer","floor":22,"gold_loss":40,"cards_upgraded":["Armaments"]}],"is_beta":false,"boss_relics":[{"not_picked":["Pandora\u0027s Box","Runic Pyramid"],"picked":"Empty Cage"}],"items_purged_floors":[4,14,19],"is_endless":false,"potions_floor_spawned":[7,8,16,21],"killed_by":"Slavers","ascension_level":3}}