{"host":"7hyhwvsa82ta6oxf","time":1613272357,"event":{"mods":["2.2 Compatiblity","ATMod(阿瑾Mod)","Act Like it!","AlwaysNeverKeys","Arknights","BaseMod","Better Vampires","Downfall","Friendly Minions","Good Game Mod","Minty Spire (QoL Compilation)","MostiFishMod","READ ME - Guardian Mod","Spicy Shops","StSLib","Td1madao Mod","TestMod","UnlockEverythingMod","Waifu the Spire","WarShipGirlsR/战舰少女R mod","Yuri Mod","【功能Mod】混沌之环修复补丁","残留之物"],"gold_per_floor":[118,118,43,43,92,118,118,132,185,203,220,250,288,313,313,428,428,444,57,57,57,78,78,121,121,147,174,200,221,221,221,221,345,345,370,27,27,62,62,114,146,186,186,186,240,258,296,337,337,357,357,357,83,139,185],"floor_reached":56,"language":"ZHS","playtime":2021,"items_purged":["champ:Strike","Regret","champ:CrookedStrike"],"score":1670,"play_id":"c0273a6f-048d-44e0-8840-8e92e727fb40","local_time":"20210214111237","is_ascension_mode":false,"campfire_choices":[{"data":"AT_FocusSwordFire","floor":7,"key":"SMITH"},{"data":"champ:BerserkerStyle","floor":15,"key":"SMITH"},{"data":"champ:StanceDance","floor":23,"key":"SMITH"},{"data":"champ:GladiatorForm","floor":30,"key":"SMITH"},{"data":"champ:FaceSlap","floor":32,"key":"SMITH"},{"data":"champ:EnchantSword","floor":44,"key":"SMITH"},{"data":"champ:ShieldWall","floor":49,"key":"SMITH"},{"data":"Guardian:BronzeOrb","floor":52,"key":"SMITH"}],"circlet_count":0,"master_deck":["champ:Defend","champ:Defend","champ:Defend+1","champ:Defend","champ:Execute+1","champ:Taunt","AT_FocusSwordFire+1","Guardian:BronzeOrb+1","champ:PreciseThrust","champ:TripleStrike+1","champ:DancingMaster+1","champ:Circumvent+1","champ:BerserkerStyle+1","champ:FaceSlap+1","champ:GladiatorForm+1","champ:StanceDance+1","champ:DeathBlow","champ:EndlessRage+1","champ:TripleStrike+1","champ:SwordSigil+1","champ:EnchantSword+1","champ:ShieldWall+1"],"relics":["champ:ChampionCrown","testmod-TestBox","REME:ComplimentaryCards","AT_ATBox","GreenFoldingFan","testmod-TheFather","NeowsBlessing","SynthV:TestCard","Astrolabe","champ:GladiatorsBookOfMartialProwess","AT_PhaseBoots","Letter Opener","AT_ArchangelStaff","testmod-Acrobat","AT_ChloranthyRing","GuanYuAspect","champ:DuelingGlove","champ:FightingForDummies","champ:DefensiveTrainingManual","AT_SilvercatRing","testmod-LifeArmor","JellyFishMachine","ImprovedEquipment","testmod-IndustrialRevolution","Centennial Puzzle","Eternal Feather","Juzu Bracelet","sneckomod:BlankCard","hexamod:BolsterEngine","Pantograph"],"acts_visited":["Exordium","TheCity","TheBeyond","TheEnding"],"potions_floor_usage":[],"damage_taken":[{"damage":2,"enemies":"2 Louse","floor":1,"turns":1},{"damage":2,"enemies":"Lagavulin","floor":6,"turns":1},{"damage":2,"enemies":"Jaw Worm","floor":8,"turns":1},{"damage":2,"enemies":"Small Slimes","floor":10,"turns":1},{"damage":2,"enemies":"2 Fungi Beasts","floor":11,"turns":1},{"damage":5,"enemies":"3 Sentries","floor":13,"turns":2},{"damage":5,"enemies":"Blue Slaver","floor":14,"turns":2},{"damage":26,"enemies":"Slime Boss","floor":16,"turns":4},{"damage":25,"enemies":"2 Thieves","floor":18,"turns":2},{"damage":23,"enemies":"Shell Parasite","floor":22,"turns":1},{"damage":14,"enemies":"Book of Stabbing","floor":24,"turns":2},{"damage":17,"enemies":"Centurion and Healer","floor":27,"turns":3},{"damage":23,"enemies":"3 Cultists","floor":28,"turns":1},{"damage":27,"enemies":"Sentry and Sphere","floor":29,"turns":3},{"damage":25,"enemies":"Collector","floor":33,"turns":4},{"damage":28,"enemies":"3 Shapes","floor":35,"turns":2},{"damage":14,"enemies":"3 Darklings","floor":38,"turns":2},{"damage":79,"enemies":"Nemesis","floor":40,"turns":3},{"damage":84,"enemies":"Writhing Mass","floor":41,"turns":3},{"damage":74,"enemies":"Giant Head","floor":42,"turns":2},{"damage":23,"enemies":"Reptomancer","floor":45,"turns":1},{"damage":23,"enemies":"Sphere and 2 Shapes","floor":46,"turns":1},{"damage":2,"enemies":"4 Shapes","floor":47,"turns":1},{"damage":92,"enemies":"Giant Head","floor":48,"turns":3},{"damage":91,"enemies":"Time Eater","floor":50,"turns":6},{"damage":51,"enemies":"Shield and Spear","floor":54,"turns":1},{"damage":61,"enemies":"The Heart","floor":55,"turns":5}],"seed_played":"5809567950123962529","potions_obtained":[{"floor":8,"key":"SpeedPotion"},{"floor":11,"key":"champ:UltimateStancePotion"},{"floor":16,"key":"ColorlessPotion"}],"is_trial":false,"path_per_floor":["M","?","$","?","T","E","R","M","T","M","M","?","E","M","R","B",null,"M","$","?","?","M","R","E","T","T","M","M","M","R","?","R","B",null,"M","$","?","M","$","E","M","E","T","R","E","M","M","E","R","B",null,"R","$","E","B",null],"character_chosen":"THE_CHAMP","items_purchased":["champ:DuelingGlove","champ:DeathBlow","ImprovedEquipment","hexamod:BolsterEngine"],"campfire_rested":0,"item_purchase_floors":[19,19,36,53],"current_hp_per_floor":[90,90,90,90,90,90,90,90,90,90,90,90,90,90,90,90,45,45,45,45,45,45,45,45,45,45,45,45,45,45,37,37,50,50,50,50,50,50,50,48,38,50,50,50,50,50,50,50,50,50,50,50,50,50,50],"gold":185,"neow_bonus":"THREE_ENEMY_KILL","is_daily":false,"chose_seed":false,"campfire_upgraded":8,"win_rate":0.0,"timestamp":1613272357,"path_taken":["M","?","$","?","?","E","R","M","T","M","?","?","E","M","R","BOSS","M","$","?","?","M","R","E","?","T","M","M","M","R","?","R","BOSS","M","$","?","M","$","E","M","E","T","R","E","M","M","E","R","BOSS","R","$","E","BOSS"],"items_purchased_type":["Relic","Card","Relic","Relic"],"build_version":"2020-12-22","purchased_purges":3,"victory":true,"max_hp_per_floor":[90,90,90,90,90,90,90,90,90,90,90,90,90,90,90,90,45,45,45,45,45,45,45,45,45,45,45,45,45,45,50,50,50,50,50,50,50,50,50,50,50,50,50,50,50,50,50,50,50,50,50,50,50,50,50],"card_choices":[{"not_picked":["champ:CalledShot","champ:Endure"],"picked":"champ:PreciseThrust","floor":1},{"not_picked":["champ:SwordSigil","champ:FlashCut","champ:Endure","champ:FaceSlap"],"picked":"champ:BerserkerStyle","floor":6},{"not_picked":["champ:AdrenalArmor","champ:Backstep","champ:FlashCut","champ:RapidStrikes"],"picked":"champ:TornadoPunch","floor":8},{"not_picked":["champ:ViciousMockery","champ:FalseCounter","champ:BerserkersShout","champ:Devastate"],"picked":"champ:FaceSlap","floor":10},{"not_picked":["champ:FlashCut","champ:GutPunch","champ:PreciseThrust","champ:BerserkerStyle","champ:Shatter"],"picked":"SKIP","floor":11},{"not_picked":["champ:EnGarde","champ:Devastate","champ:FanOfKnives","champ:DefensiveShout"],"picked":"champ:CrookedStrike","floor":13},{"not_picked":["champ:Parry","champ:DefensiveStyle","champ:ShieldSigil","champ:PreciseThrust","champ:GutPunch"],"picked":"SKIP","floor":14},{"not_picked":["champ:EnchantShield","champ:Improvising","champ:Devastate","champ:EnchantSword"],"picked":"champ:GladiatorForm","floor":16},{"not_picked":["champ:FalseCounter+1","champ:Haymaker","champ:PreciseThrust","champ:TornadoPunch"],"picked":"champ:StanceDance","floor":18},{"not_picked":["champ:PreciseThrust","champ:AdrenalArmor","champ:DefensiveShout","champ:EnGarde+1","champ:Improvising"],"picked":"SKIP","floor":22},{"not_picked":["champ:DefensiveShout+1","champ:FanOfKnives","champ:GutPunch","champ:BerserkersShout+1"],"picked":"champ:EndlessRage+1","floor":24},{"not_picked":["champ:Shatter","champ:Backstep","champ:FocusedBerserking","champ:Lariat","champ:SkillfulDodge+1"],"picked":"SKIP","floor":27},{"not_picked":["champ:StanceDance","champ:Encircle","champ:ViciousMockery","champ:Haymaker","champ:IronFortress"],"picked":"SKIP","floor":28},{"not_picked":["champ:BerserkersShout+1","champ:Duel","champ:Encircle","champ:EndlessRage","champ:RisingSlash+1"],"picked":"SKIP","floor":29},{"not_picked":["champ:Devastate","champ:EnchantSword","champ:Improvising","champ:EnchantCrown"],"picked":"champ:TripleStrike","floor":33},{"not_picked":["champ:PerfectedStrike","champ:FaceSlap+1","champ:Circumvent+1","champ:TornadoPunch+1","champ:BladeFlurry"],"picked":"SKIP","floor":35},{"not_picked":["champ:ShieldSlam+1","champ:CrookedStrike","champ:HeartStrike","champ:TornadoPunch+1"],"picked":"champ:SwordSigil+1","floor":38},{"not_picked":["champ:SwordSigil+1","champ:HeartStrike+1","champ:BringItOn","champ:Circumvent+1"],"picked":"champ:EnchantSword","floor":40},{"not_picked":["champ:Encircle","champ:EnragedBash","champ:FalseCounter+1","champ:CrownThrow+1","champ:Shatter"],"picked":"SKIP","floor":41},{"not_picked":["champ:AdrenalArmor+1","champ:Shatter+1","champ:CrownThrow","champ:ShieldSigil","champ:EnGarde+1"],"picked":"SKIP","floor":42},{"not_picked":["champ:Encircle+1","champ:Haymaker","champ:CrownThrow+1","champ:FanOfKnives","champ:ShieldSigil"],"picked":"SKIP","floor":45},{"not_picked":["champ:EnGarde","champ:FalseCounter+1","champ:FocusedDefense+1","champ:StanceDance"],"picked":"champ:ShieldWall","floor":46},{"not_picked":["champ:EnGarde+1","champ:DancingMaster","champ:BringItOn+1","champ:ShieldSigil","champ:Haymaker+1"],"picked":"SKIP","floor":47},{"not_picked":["champ:ShieldSigil+1","champ:SkillfulDodge+1","champ:StrikeOfGenius","champ:AdrenalArmor+1","champ:PreciseThrust"],"picked":"SKIP","floor":48},{"not_picked":["champ:EnGarde+1","champ:Backstep","champ:ShieldSigil+1","champ:CrookedStrike+1","champ:DefensiveShout"],"picked":"SKIP","floor":54}],"player_experience":289710,"relics_obtained":[{"floor":1,"key":"SynthV:TestCard"},{"floor":5,"key":"AT_SpeedBoots"},{"floor":6,"key":"Letter Opener"},{"floor":9,"key":"AT_ArchangelStaff"},{"floor":13,"key":"AT_ChloranthyRing"},{"floor":24,"key":"champ:DefensiveTrainingManual"},{"floor":25,"key":"AT_SilvercatRing"},{"floor":26,"key":"testmod-LifeArmor"},{"floor":40,"key":"testmod-IndustrialRevolution"},{"floor":42,"key":"Centennial Puzzle"},{"floor":43,"key":"Eternal Feather"},{"floor":45,"key":"Juzu Bracelet"},{"floor":48,"key":"sneckomod:BlankCard"},{"floor":54,"key":"Pantograph"}],"event_choices":[{"damage_healed":0,"gold_gain":0,"player_choice":"Swap Relic","damage_taken":0,"relics_obtained":["Astrolabe"],"max_hp_gain":0,"max_hp_loss":0,"event_name":"给自己的盒子","floor":2,"relics_lost":["DaveBox"],"gold_loss":0},{"damage_healed":0,"gold_gain":0,"player_choice":"Box","damage_taken":0,"relics_obtained":["champ:GladiatorsBookOfMartialProwess"],"max_hp_gain":0,"max_hp_loss":0,"event_name":"Big Fish","floor":4,"gold_loss":0,"cards_obtained":["Regret"]},{"damage_healed":0,"gold_gain":30,"player_choice":"Searched \u00273\u0027 times","damage_taken":0,"relics_obtained":["testmod-Acrobat"],"max_hp_gain":0,"max_hp_loss":0,"event_name":"Dead Adventurer","floor":12,"gold_loss":0},{"damage_healed":0,"gold_gain":0,"player_choice":"Shed Blood","damage_taken":11,"max_hp_gain":5,"max_hp_loss":0,"event_name":"Forgotten Altar","floor":31,"gold_loss":0},{"cards_removed":["champ:TornadoPunch"],"damage_healed":0,"gold_gain":0,"player_choice":"Removed Attack","damage_taken":0,"max_hp_gain":0,"max_hp_loss":0,"event_name":"Falling","floor":37,"gold_loss":0}],"is_beta":false,"boss_relics":[{"not_picked":["testmod-HarvestTotem","testmod-KeyOfTheVoid"],"picked":"GuanYuAspect"},{"not_picked":["PlaceholderMod:LiveLive","Calling Bell"],"picked":"JellyFishMachine"}],"items_purged_floors":[3,36,53],"is_endless":false,"potions_floor_spawned":[8,11,16,22,29,33,40,41,46,54],"ascension_level":0}}