{"host":"2qyxu97h6u4ukicb","time":1613262743,"event":{"mods":["AchievementEnabler","BaseMod","BetterRewards","Colored Map","Colored Powertips","Minty Spire (QoL Compilation)","Replay The Spire","Shop Mod","StSLib"],"gold_per_floor":[114,114,114,114,168,168,168,188,256,290,308,327,351,130,130,251,251,269,269,269,282,282,282,282,329,329,329,370,370,370,407,407,423,423],"floor_reached":33,"language":"ENG","playtime":1631,"items_purged":["Injury"],"score":268,"play_id":"34ac7b5c-372b-406e-a7eb-1fc1e5c89958","local_time":"20210213183223","is_ascension_mode":false,"campfire_choices":[{"data":"Bouncing Flask","floor":6,"key":"SMITH"},{"floor":15,"key":"REST"},{"data":"Dash","floor":23,"key":"SMITH"},{"data":"Venomology","floor":27,"key":"SMITH"},{"data":"ReplayTheSpireMod:Speed Training","floor":30,"key":"SMITH"},{"floor":32,"key":"REST"}],"circlet_count":0,"master_deck":["Strike_G","Strike_G+2","Strike_G+1","Strike_G+1","Strike_G","Defend_G","Defend_G","Defend_G","Defend_G","Defend_G","Neutralize","Bouncing Flask+1","Dash+1","Poisoned Stab","Blade Dance","Venomology+1","Flying Knee","ReplayTheSpireMod:Speed Training+1","Sucker Punch+1"],"relics":["Ring of the Snake","NeowsBlessing","Golden Idol","Tiny Chest","Basket Of Snakes","Replay:Mystery Machine","Simple Rune","Replay:Ancient Bell","Potion Belt","Snack Pack","WingedGreaves","Bottled Flame","Replay:Bandana","Replay:Rubber Ducky"],"acts_visited":["Exordium","TheCity"],"potions_floor_usage":[16,16,18,21,28,31,31,33],"damage_taken":[{"damage":0,"enemies":"Cultist","floor":1,"turns":1},{"damage":0,"enemies":"2 Louse","floor":8,"turns":1},{"damage":0,"enemies":"Replay:BlueRogue","floor":10,"turns":1},{"damage":8,"enemies":"Jaw Worm","floor":11,"turns":2},{"damage":13,"enemies":"2 Fungi Beasts","floor":12,"turns":4},{"damage":4,"enemies":"Exordium Wildlife","floor":13,"turns":2},{"damage":10,"enemies":"Hexaghost","floor":16,"turns":11},{"damage":12,"enemies":"Chosen","floor":18,"turns":5},{"damage":19,"enemies":"3 Byrds","floor":21,"turns":5},{"damage":10,"enemies":"Snake Plant","floor":28,"turns":3},{"damage":21,"enemies":"Sentry and Sphere","floor":31,"turns":5},{"damage":67,"enemies":"Collector","floor":33,"turns":5}],"seed_played":"5125525466236910659","potions_obtained":[{"floor":1,"key":"EssenceOfSteel"},{"floor":11,"key":"Dexterity Potion"},{"floor":21,"key":"SteroidPotion"}],"is_trial":false,"path_per_floor":["M","$","?","?","T","R","?","M","T","E","M","M","M","$","R","B",null,"M","?","T","M","?","R","$","T","T","R","M","?","R","M","R","B"],"character_chosen":"THE_SILENT","items_purchased":["Simple Rune"],"campfire_rested":2,"item_purchase_floors":[14],"current_hp_per_floor":[70,70,56,56,56,56,56,56,56,56,48,35,31,31,52,42,70,60,60,60,47,47,47,47,47,47,47,43,43,43,36,57,0,0],"gold":423,"neow_bonus":"THREE_ENEMY_KILL","is_daily":false,"chose_seed":false,"campfire_upgraded":4,"win_rate":0.0,"timestamp":1613262743,"path_taken":["M","$","?","?","?","R","?","?","T","E","M","M","M","$","R","BOSS","M","?","?","?","?","R","?","?","T","R","M","?","R","M","R","BOSS"],"items_purchased_type":["Relic"],"build_version":"2020-12-22","purchased_purges":1,"victory":false,"max_hp_per_floor":[70,70,70,70,70,70,70,70,70,70,70,70,70,70,70,70,70,70,70,70,70,70,70,70,70,70,70,70,70,70,70,70,70,70],"card_choices":[{"not_picked":["Predator","PiercingWail"],"picked":"Bouncing Flask","floor":1},{"not_picked":["Predator","Quick Slash","Expertise"],"picked":"SKIP","floor":8},{"not_picked":["Dagger Spray","Outmaneuver"],"picked":"Dash","floor":10},{"not_picked":["Predator","Draining Mist"],"picked":"Poisoned Stab","floor":11},{"not_picked":["Eviscerate","Hidden Blade","Backflip"],"picked":"SKIP","floor":12},{"not_picked":["Terror","Deadly Poison"],"picked":"Blade Dance","floor":13},{"not_picked":["Adrenaline","Die Die Die"],"picked":"Venomology","floor":16},{"not_picked":["Languid","Shame"],"picked":"Clumsy","floor":17},{"not_picked":["Replay:Hysterical Blindness","Decay"],"picked":"Voices","floor":17},{"not_picked":["AbeCurse","Normality"],"picked":"Writhe","floor":17},{"not_picked":["Underhanded Strike","Expertise"],"picked":"Flying Knee","floor":18},{"not_picked":["Bane+1","Leg Sweep","Deflect"],"picked":"SKIP","floor":21},{"not_picked":["Hidden Blade","Outmaneuver+1","Poisoned Stab"],"picked":"SKIP","floor":28},{"not_picked":["Terror","Underhanded Strike"],"picked":"Sucker Punch+1","floor":31}],"player_experience":805332,"relics_obtained":[{"floor":5,"key":"Tiny Chest"},{"floor":10,"key":"Replay:Mystery Machine"},{"floor":20,"key":"Bottled Flame"},{"floor":25,"key":"Replay:Bandana"},{"floor":26,"key":"Replay:Rubber Ducky"}],"event_choices":[{"damage_healed":0,"gold_gain":0,"player_choice":"Entered Light","damage_taken":14,"max_hp_gain":0,"max_hp_loss":0,"event_name":"Shining Light","floor":3,"gold_loss":0,"cards_upgraded":["Strike_G","Strike_G"]},{"damage_healed":0,"gold_gain":0,"player_choice":"Take Wound","damage_taken":0,"relics_obtained":["Golden Idol"],"max_hp_gain":0,"max_hp_loss":0,"event_name":"Golden Idol","floor":4,"gold_loss":0,"cards_obtained":["Injury"]},{"damage_healed":0,"gold_gain":0,"player_choice":"Searched \u00271\u0027 times","damage_taken":0,"relics_obtained":["Basket Of Snakes"],"max_hp_gain":0,"max_hp_loss":0,"event_name":"Dead Adventurer","floor":7,"gold_loss":0},{"cards_removed":["Writhe","Voices","Clumsy"],"damage_healed":0,"gold_gain":0,"player_choice":"Removed Curses","damage_taken":0,"max_hp_gain":0,"max_hp_loss":0,"event_name":"Fountain of Cleansing","floor":19,"gold_loss":0},{"damage_healed":0,"gold_gain":0,"player_choice":"Ignored","damage_taken":0,"max_hp_gain":0,"max_hp_loss":0,"event_name":"Beggar","floor":22,"gold_loss":0},{"damage_healed":0,"gold_gain":0,"cards_transformed":["Survivor"],"player_choice":"Transformed","damage_taken":0,"max_hp_gain":0,"max_hp_loss":0,"event_name":"Transmorgrifier","floor":29,"gold_loss":0,"cards_obtained":["ReplayTheSpireMod:Speed Training"]}],"is_beta":false,"boss_relics":[{"not_picked":["SlaversCollar","Sozu"],"picked":"Replay:Ancient Bell"},{"not_picked":["Akabeko","Strawberry"],"picked":"Potion Belt"},{"not_picked":["HornCleat","Replay:Accelerometer"],"picked":"Snack Pack"},{"not_picked":["Replay:Towering Pillar of Hats","Replay:Kaleidoscope"],"picked":"WingedGreaves"}],"items_purged_floors":[14],"is_endless":false,"potions_floor_spawned":[1,8,11,21],"killed_by":"Collector","ascension_level":0}}