{"host":"uwwvm37dko2v39wu","time":1613317275,"event":{"mods":["Act Like it!","BaseMod","Downfall","Minty Spire (QoL Compilation)","Spire Arcade","StSLib"],"gold_per_floor":[99,110,122,122,68,78,104,104,104,204,204,216,256,256,274,379,379,379,398,383,453,453,261,261,261,261,284,302,321,321,348,369,369,369,369],"floor_reached":33,"language":"ZHS","playtime":1925,"items_purged":[],"score":247,"play_id":"a782c22b-e8a8-4f4a-9eae-24c99b4edace","local_time":"20210214234115","is_ascension_mode":false,"campfire_choices":[{"data":"hexamod:Float","floor":1,"key":"SMITH"},{"data":"hexamod:SpectersWail","floor":9,"key":"SMITH"},{"data":"hexamod:StepThrough","floor":11,"key":"SMITH"},{"data":"hexamod:GhostflameInferno","floor":18,"key":"SMITH"},{"data":"hexamod:RainOfEmbers","floor":26,"key":"SMITH"},{"floor":30,"key":"RECALL"}],"circlet_count":0,"master_deck":["hexamod:Strike+1","hexamod:Strike+1","hexamod:Strike","hexamod:Defend+1","hexamod:Defend+1","hexamod:Defend+1","hexamod:Defend","hexamod:Sear+1","hexamod:Float+1","hexamod:Firestarter","hexamod:ExtraCrispy+1","hexamod:StepThrough+1","hexamod:SpectersWail+1","hexamod:FastForward","hexamod:SixthSeal","hexamod:GhostflameInferno+1","hexamod:RainOfEmbers+1","expansioncontent:DashGenerateEvil","hexamod:EmpoweredFlame","hexamod:Hexaguard","hexamod:GhostflameInferno"],"relics":["hexamod:SpiritBrand","Omamori","Happy Flower","downfall:BrokenWingStatue","CeramicFish","Coffee Dripper","Question Card","StrikeDummy"],"acts_visited":["Exordium","TheCity"],"potions_floor_usage":[],"damage_taken":[{"damage":1,"enemies":"Jaw Worm","floor":2,"turns":3},{"damage":0,"enemies":"Small Slimes","floor":3,"turns":3},{"damage":0,"enemies":"downfall:FleeingMerchant","floor":5,"turns":4},{"damage":4,"enemies":"2 Louse","floor":6,"turns":4},{"damage":6,"enemies":"Large Slime","floor":12,"turns":5},{"damage":7,"enemies":"3 Sentries","floor":13,"turns":6},{"damage":0,"enemies":"downfall:LooterAlt","floor":15,"turns":3},{"damage":64,"enemies":"WA_ARCHETYPE_RETAIN","floor":16,"turns":9},{"damage":12,"enemies":"Spheric Guardian","floor":19,"turns":4},{"damage":10,"enemies":"downfall:FleeingMerchant","floor":20,"turns":4},{"damage":11,"enemies":"downfall:FleeingMerchant","floor":23,"turns":4},{"damage":9,"enemies":"3 Byrds","floor":27,"turns":4},{"damage":19,"enemies":"Centurion and Healer","floor":28,"turns":5},{"damage":12,"enemies":"Sentry and Sphere","floor":29,"turns":4},{"damage":7,"enemies":"Snake Plant","floor":31,"turns":3},{"damage":0,"enemies":"Snecko","floor":32,"turns":3},{"damage":18,"enemies":"IC_MUSHROOM_ARCHETYPE","floor":33,"turns":1}],"seed_played":"-7914079995639809722","potions_obtained":[{"floor":6,"key":"LiquidMemories"},{"floor":12,"key":"Fire Potion"},{"floor":13,"key":"Energy Potion"},{"floor":28,"key":"FairyPotion"}],"is_trial":false,"path_per_floor":["R","M","M","?","$","M","T","?","R","?","R","M","E","?","M","B",null,"R","M","$","?","?","$","T","?","R","M","M","M","R","M","M","B"],"character_chosen":"THE_SPIRIT","items_purchased":["hexamod:StepThrough","expansioncontent:DashGenerateEvil"],"campfire_rested":0,"item_purchase_floors":[5,23],"current_hp_per_floor":[70,69,69,74,74,70,70,70,70,70,70,64,57,75,75,11,75,75,63,53,53,53,42,42,42,42,33,14,2,2,17,17,0,0,0],"gold":369,"neow_bonus":"RANDOM_COMMON_RELIC","is_daily":false,"chose_seed":false,"campfire_upgraded":5,"win_rate":0.0,"timestamp":1613317275,"path_taken":["R","M","M","?","$","M","T","?","R","?","R","?","E","?","M","BOSS","R","M","$","?","?","$","T","?","R","M","M","?","R","M","M","BOSS"],"items_purchased_type":["Card","Card"],"build_version":"2020-12-22","purchased_purges":0,"victory":false,"max_hp_per_floor":[70,70,70,75,75,75,75,75,75,75,75,75,75,75,75,75,75,75,75,75,75,75,75,75,75,75,75,75,75,75,75,75,75,75,75],"card_choices":[{"not_picked":["hexamod:HeatMetal","hexamod:BacktrackSmack"],"picked":"hexamod:Firestarter","floor":2},{"not_picked":["hexamod:Firestarter","hexamod:ShieldOfDarkness","hexamod:NightmareGuise"],"picked":"SKIP","floor":3},{"not_picked":["hexamod:Firestarter","hexamod:RecurringNightmare"],"picked":"hexamod:ExtraCrispy","floor":5},{"not_picked":["hexamod:NightmareStrike","hexamod:ShieldOfDarkness"],"picked":"hexamod:SpectersWail","floor":6},{"not_picked":["hexamod:BacktrackSmack","hexamod:NightmareStrike"],"picked":"hexamod:FastForward","floor":12},{"not_picked":["hexamod:EmpoweredFlame","hexamod:ShieldOfDarkness"],"picked":"hexamod:SixthSeal","floor":13},{"not_picked":["hexamod:SecondSeal","hexamod:NightmareGuise","hexamod:EtherealExpedition"],"picked":"SKIP","floor":15},{"not_picked":["hexamod:TimeOfNeed","hexamod:TurnItUp"],"picked":"hexamod:GhostflameInferno","floor":16},{"not_picked":["hexamod:ThermalTransfer+1","hexamod:ExtraCrispy","hexamod:EtherealExpedition"],"picked":"SKIP","floor":19},{"not_picked":["hexamod:ThermalTransfer","hexamod:HauntingEcho+1","hexamod:ExtraCrispy"],"picked":"SKIP","floor":20},{"not_picked":["hexamod:BurningTouch","hexamod:Firestarter+1","hexamod:EmpoweredFlame"],"picked":"hexamod:RainOfEmbers","floor":23},{"not_picked":["hexamod:GhostLash","hexamod:GhostShield","hexamod:ShieldOfDarkness"],"picked":"hexamod:EmpoweredFlame","floor":27},{"not_picked":["hexamod:NightmareGuise","hexamod:PhantomCloak+1","hexamod:RainOfEmbers+1","hexamod:InspiringFlames"],"picked":"SKIP","floor":28},{"not_picked":["hexamod:HeatMetal","hexamod:NightmareStrike","hexamod:HauntingEcho+1","hexamod:FastForward"],"picked":"SKIP","floor":29},{"not_picked":["hexamod:Firestarter+1","hexamod:Rewind","hexamod:HauntingEcho+1"],"picked":"hexamod:Hexaguard","floor":31},{"not_picked":["hexamod:FourthSeal","hexamod:ShieldOfDarkness+1","hexamod:NightmareGuise"],"picked":"hexamod:GhostflameInferno","floor":32}],"player_experience":734165,"relics_obtained":[{"floor":7,"key":"Happy Flower"},{"floor":13,"key":"CeramicFish"},{"floor":24,"key":"StrikeDummy"}],"event_choices":[{"damage_healed":0,"gold_gain":0,"player_choice":"Donut","damage_taken":0,"max_hp_gain":5,"max_hp_loss":0,"event_name":"Big Fish","floor":4,"gold_loss":0},{"damage_healed":18,"gold_gain":0,"player_choice":"Healed and dodged fight","damage_taken":0,"max_hp_gain":0,"max_hp_loss":0,"event_name":"Mushrooms","floor":14,"gold_loss":0,"cards_obtained":["Parasite"]},{"cards_removed":["hexamod:Strike"],"damage_healed":0,"gold_gain":0,"player_choice":"Offered Basic","damage_taken":0,"max_hp_gain":0,"max_hp_loss":0,"event_name":"Bonfire Elementals","floor":25,"gold_loss":0}],"is_beta":false,"boss_relics":[{"not_picked":["Empty Cage","Cursed Key"],"picked":"Coffee Dripper"}],"items_purged_floors":[],"is_endless":false,"potions_floor_spawned":[6,12,13,19,27,28,29],"killed_by":"IC_MUSHROOM_ARCHETYPE","ascension_level":0}}