{"host":"wp105hvsojjeutt1","time":1613345242,"event":{"mods":["2.2 Compatiblity","AchievementEnabler","Act Like it!","Aspiration","BaseMod","Best Route Mod","Better Match","Better Note","Better Sensory Stone","Block Reminder","Colored Map","Colored Powertips","Conjunction","Conspire","Custom Start","Energized Spire","GifTheSpireLib","Gold Saver","Gremlin Skip","Halation","Highlight Path","Hubris","Infinite Spire","Minty Spire (QoL Compilation)","Pale of the Ancients","Quick Restart","Replay The Spire","Reworked Bosses","ShortenTheSpire","Spire Exporter","StSLib","Stuff the Spire","Wandering Minibosses"],"gold_per_floor":[659,678,239,214,214,214,240,240,292,325,36,51,51,62,62,164,164,180,194,208,226,226,226,251,251,278,278,297,325,327,327],"floor_reached":30,"language":"ENG","playtime":585,"items_purged":["Defend_R","Defend_R"],"score":353,"play_id":"58f74083-f327-4faf-abd4-c314cc47878f","local_time":"20210215012722","is_ascension_mode":false,"campfire_choices":[{"data":"Bash","floor":6.0,"key":"SMITH"},{"data":"Inflame","floor":8.0,"key":"SMITH"},{"data":"Perfected Strike","floor":15.0,"key":"SMITH"},{"floor":23.0,"key":"REST"},{"data":"Sword Boomerang","floor":25.0,"key":"SMITH"}],"circlet_count":0,"master_deck":["Strike_R","Strike_R","Strike_R","Strike_R","Strike_R","Defend_R","Defend_R","Bash+1","Clash","Inflame+1","Rampage","Twin Strike+1","Perfected Strike+1","Twin Strike+1","Clash+1","Perfected Strike","Sword Boomerang+1","Perfected Strike+1","Spot Weakness+1","Thunderclap"],"relics":["Burning Blood","Lantern","StuffTheSpire:Experiment12","hubris:ToyBattleship","Replay:Mystery Machine","Regal Pillow","hubris:OldNail","SlaversCollar","Gremlin Food","infinitespire:Satchel","ReplayFunnel","infinitespire:Midas Blood"],"acts_visited":["Exordium","TheCity"],"potions_floor_usage":[],"damage_taken":[{"damage":6.0,"enemies":"Jaw Worm","floor":1.0,"turns":3.0},{"damage":2.0,"enemies":"Small Slimes","floor":2.0,"turns":3.0},{"damage":14.0,"enemies":"Lagavulin","floor":7.0,"turns":4.0},{"damage":0.0,"enemies":"Gremlin Nob","floor":10.0,"turns":3.0},{"damage":0.0,"enemies":"Cultist","floor":12.0,"turns":2.0},{"damage":0.0,"enemies":"Lots of Slimes","floor":14.0,"turns":2.0},{"damage":0.0,"enemies":"Slime Boss","floor":16.0,"turns":4.0},{"damage":18.0,"enemies":"2 Thieves","floor":18.0,"turns":3.0},{"damage":18.0,"enemies":"Shell Parasite","floor":19.0,"turns":4.0},{"damage":19.0,"enemies":"3 Cultists","floor":20.0,"turns":4.0},{"damage":43.0,"enemies":"Shelled Parasite and Fungi","floor":21.0,"turns":4.0},{"damage":18.0,"enemies":"Book of Stabbing","floor":24.0,"turns":3.0},{"damage":35.0,"enemies":"Snake Plant","floor":28.0,"turns":6.0},{"damage":10.0,"enemies":"Gremlin Leader","floor":29.0,"turns":3.0},{"damage":12,"enemies":"Centurion and Healer","floor":30,"turns":1}],"seed_played":"3901385337205131273","potions_obtained":[{"floor":1.0,"key":"Languid Potion"},{"floor":7.0,"key":"Dexterity Potion"},{"floor":10.0,"key":"Strength Potion"},{"floor":19.0,"key":"SteroidPotion"},{"floor":20.0,"key":"Elixir"},{"floor":21.0,"key":"Weak Potion"},{"floor":28.0,"key":"Reflective Coating"}],"is_trial":false,"path_per_floor":["M","M","$","?","?","R","E","R","T","E","$","M","?","M","R","B",null,"M","M","M","M","?","R","E","R","T","?","M","E","M"],"character_chosen":"IRONCLAD","items_purchased":["Lantern","StuffTheSpire:Experiment12","PowerPotion","Twin Strike+1","hubris:OldNail"],"campfire_rested":1,"item_purchase_floors":[3,3,3,11,11],"current_hp_per_floor":[88,88,88,88,88,88,80,80,80,86,86,88,88,88,88,88,88,76,64,51,14,14,55,43,43,43,43,14,10,0,0],"gold":327,"neow_bonus":"TEN_PERCENT_HP_BONUS","is_daily":false,"chose_seed":false,"campfire_upgraded":4,"win_rate":0.0,"timestamp":1613345242,"path_taken":["M","M","$","?","?","R","E","R","T","E","$","M","?","?","R","BOSS","M","?","M","M","?","R","E","R","T","?","?","E","M"],"items_purchased_type":["Relic","Relic","Potion","Card","Relic"],"build_version":"2020-12-22","purchased_purges":2,"victory":false,"max_hp_per_floor":[88,88,88,88,88,88,88,88,88,88,88,88,88,88,88,88,88,88,88,88,88,88,88,88,88,88,88,88,88,88,88],"card_choices":[{"not_picked":["Body Slam","StuffTheSpire:RockThrow"],"picked":"Clash","floor":1.0},{"not_picked":["StuffTheSpire:BloodClot","Clothesline","Reckless Charge"],"picked":"SKIP","floor":2.0},{"not_picked":["True Grit","StuffTheSpire:Slingshot"],"picked":"Inflame","floor":7.0},{"not_picked":["Headbutt","Entrench"],"picked":"Rampage","floor":10.0},{"not_picked":["StuffTheSpire:Incineration","Shrug It Off","Warcry"],"picked":"SKIP","floor":12.0},{"not_picked":["StuffTheSpire:RockThrow","Fiend Fire"],"picked":"Perfected Strike","floor":14.0},{"not_picked":["Searing Blow","ReplayTheSpireMod:Muscle Training","Carnage"],"picked":"SKIP","floor":18.0},{"not_picked":["Armaments","StuffTheSpire:RockThrow+1"],"picked":"Twin Strike+1","floor":19.0},{"not_picked":["Shrug It Off","Armaments+1"],"picked":"Clash","floor":20.0},{"not_picked":["Thunderclap","Shrug It Off"],"picked":"Perfected Strike","floor":21.0},{"not_picked":["Body Slam","Pommel Strike"],"picked":"Sword Boomerang","floor":24.0},{"not_picked":["Clash+1","Twin Strike"],"picked":"Spot Weakness+1","floor":28.0},{"not_picked":["Battle Trance","Infernal Blade"],"picked":"Thunderclap","floor":29.0}],"player_experience":1349,"relics_obtained":[{"floor":7.0,"key":"hubris:ToyBattleship"},{"floor":9.0,"key":"Replay:Mystery Machine"},{"floor":10.0,"key":"Regal Pillow"},{"floor":24.0,"key":"infinitespire:Satchel"},{"floor":26.0,"key":"ReplayFunnel"},{"floor":29.0,"key":"infinitespire:Midas Blood"}],"event_choices":[{"damage_healed":0.0,"max_hp_gain":0.0,"max_hp_loss":0.0,"gold_gain":0.0,"event_name":"World of Goop","player_choice":"Left Gold","floor":4.0,"gold_loss":25.0,"damage_taken":0.0},{"damage_healed":0.0,"max_hp_gain":0.0,"max_hp_loss":0.0,"gold_gain":0.0,"event_name":"FaceTrader","player_choice":"Leave","floor":13.0,"gold_loss":0.0,"damage_taken":0.0},{"damage_healed":0.0,"max_hp_gain":0.0,"max_hp_loss":0.0,"gold_gain":0.0,"event_name":"WeMeetAgain","player_choice":"Gave Potion","floor":22.0,"gold_loss":0.0,"damage_taken":0.0,"relics_obtained":["Gremlin Food"]},{"damage_healed":0.0,"max_hp_gain":0.0,"max_hp_loss":0.0,"gold_gain":0.0,"event_name":"Duplicator","player_choice":"Copied","floor":27.0,"gold_loss":0.0,"damage_taken":0.0,"cards_obtained":["Perfected Strike"]}],"is_beta":false,"boss_relics":[{"not_picked":["conspire:RunicOctahedron","hubris:Stopwatch"],"picked":"SlaversCollar"}],"items_purged_floors":[3,11],"is_endless":false,"potions_floor_spawned":[1,7,10,19,20,21,28],"killed_by":"Centurion and Healer","ascension_level":0}}