{"host":"q786d26vp7h4gpli","time":1613303370,"event":{"mods":["BaseMod","Downfall","Minty Spire (QoL Compilation)","Quick Restart","Remove Card Discount Mod","StSLib","Td1madao Mod"],"gold_per_floor":[99,116,116,132,12,12,38,55,65,84,259,259,21,55,74,171,171,171,189,189,199,219,219,246,259,259,259,285,295,295,313,329,329,329,329],"floor_reached":33,"language":"ENG","playtime":4072,"items_purged":["Pain","Doubt"],"score":296,"play_id":"5e79990a-f78b-40c5-b44d-5753d94e79da","local_time":"20210214194930","is_ascension_mode":false,"campfire_choices":[{"data":"champ:Taunt","floor":1.0,"key":"SMITH"},{"data":"champ:Shatter","floor":12.0,"key":"SMITH"},{"data":"champ:TornadoPunch","floor":18.0,"key":"SMITH"},{"data":"RitualDagger","floor":26.0,"key":"SMITH"},{"floor":30,"key":"REST"}],"circlet_count":0,"master_deck":["champ:Strike","champ:Strike","champ:Strike","champ:Strike","champ:Defend","champ:Defend","champ:Defend","champ:Defend","champ:Execute","champ:Taunt+1","champ:PreciseThrust","champ:Shatter+1","champ:GutPunch","champ:Backstep+1","champ:BringItOn","champ:FaceSlap","champ:VampiricStrike","champ:FanOfKnives","champ:TornadoPunch+1","champ:EnragedBash","champ:GladiatorStyle+1","champ:BladeFlurry","champ:HeavySlash","CurseOfTheBell","champ:Backstep+1","champ:IronFortress+1","champ:Duel","RitualDagger+1","champ:Backstep","champ:StanceDance","champ:FocusedDefense","champ:StanceDance+1","champ:BringItOn+1"],"relics":["champ:ChampionCrown","WarpedTongs","champ:DefensiveTrainingManual","Bronze Scales","Frozen Egg 2","Calling Bell","Smiling Mask","StrikeDummy","Incense Burner","Akabeko","MutagenicStrength","MealTicket"],"acts_visited":["Exordium","TheCity"],"potions_floor_usage":[33,33],"damage_taken":[{"damage":10.0,"enemies":"Cultist","floor":2.0,"turns":4.0},{"damage":14.0,"enemies":"Small Slimes","floor":4.0,"turns":3.0},{"damage":2.0,"enemies":"downfall:FleeingMerchant","floor":5.0,"turns":4.0},{"damage":10.0,"enemies":"2 Louse","floor":8.0,"turns":2.0},{"damage":12.0,"enemies":"2 Fungi Beasts","floor":9.0,"turns":3.0},{"damage":10.0,"enemies":"Gremlin Gang","floor":10.0,"turns":4.0},{"damage":0.0,"enemies":"downfall:FleeingMerchant","floor":13.0,"turns":4.0},{"damage":10.0,"enemies":"3 Sentries","floor":14.0,"turns":4.0},{"damage":9.0,"enemies":"3 Louse","floor":15.0,"turns":3.0},{"damage":75.0,"enemies":"SI_SHIV_ARCHETYPE","floor":16.0,"turns":7.0},{"damage":10.0,"enemies":"3 Byrds","floor":19.0,"turns":3.0},{"damage":11.0,"enemies":"Chosen","floor":21.0,"turns":3.0},{"damage":28.0,"enemies":"Centurion and Healer","floor":22.0,"turns":4.0},{"damage":13.0,"enemies":"Snecko","floor":25.0,"turns":4.0},{"damage":30.0,"enemies":"Slavers","floor":28.0,"turns":6.0},{"damage":12.0,"enemies":"3 Cultists","floor":29.0,"turns":3.0},{"damage":13,"enemies":"Shelled Parasite and Fungi","floor":31,"turns":6},{"damage":3,"enemies":"Snecko","floor":32,"turns":4},{"damage":71,"enemies":"IC_MUSHROOM_ARCHETYPE","floor":33,"turns":8}],"seed_played":"-3599316729755132120","potions_obtained":[{"floor":9.0,"key":"DuplicationPotion"},{"floor":14.0,"key":"LiquidMemories"},{"floor":15.0,"key":"Slimebound:ThreeZeroPotion"},{"floor":16.0,"key":"hexamod:SoulburnPotion"},{"floor":22.0,"key":"Explosive Potion"},{"floor":28.0,"key":"Energy Potion"},{"floor":29,"key":"Fire Potion"},{"floor":32,"key":"EssenceOfSteel"}],"is_trial":false,"path_per_floor":["R","M","?","M","$","?","T","M","M","M","?","R","$","E","M","B",null,"R","M","?","M","M","?","T","M","R","?","E","M","R","M","M","B"],"character_chosen":"THE_CHAMP","items_purchased":["champ:Backstep","champ:BringItOn","Bronze Scales","champ:EnragedBash"],"campfire_rested":1,"item_purchase_floors":[5,5,13,13],"current_hp_per_floor":[99,99,99,95,93,93,93,93,91,91,91,91,91,91,87,52,99,99,89,89,93,75,69,69,71,71,71,51,44,73,65,62,0,0,0],"gold":329,"neow_bonus":"TEN_PERCENT_HP_BONUS","is_daily":false,"chose_seed":false,"campfire_upgraded":4,"win_rate":0.0,"timestamp":1613303370,"path_taken":["R","M","?","?","$","?","T","M","?","M","?","R","$","E","M","BOSS","R","M","?","M","?","?","T","M","R","?","E","M","R","M","M","BOSS"],"items_purchased_type":["Card","Card","Relic","Card"],"build_version":"2020-12-22","purchased_purges":2,"victory":false,"max_hp_per_floor":[99,99,99,99,99,99,99,99,99,99,99,99,99,99,99,99,99,99,99,99,99,99,99,99,99,99,99,99,99,99,99,99,99,99,99],"card_choices":[{"not_picked":["champ:BerserkersShout","champ:FaceSlap"],"picked":"champ:PreciseThrust","floor":2.0},{"not_picked":["champ:HeartStrike","champ:FancyFootwork"],"picked":"champ:Shatter","floor":4.0},{"not_picked":["champ:AdrenalArmor","champ:CrownThrow"],"picked":"champ:GutPunch","floor":5.0},{"not_picked":["champ:EndlessRage","champ:AdrenalArmor"],"picked":"champ:FaceSlap","floor":8.0},{"not_picked":["champ:CrownThrow","champ:GladiatorStyle"],"picked":"champ:VampiricStrike","floor":9.0},{"not_picked":["champ:CrownThrow","champ:FaceSlap"],"picked":"champ:FanOfKnives","floor":10.0},{"not_picked":["champ:Shatter","champ:DefensiveShout"],"picked":"champ:TornadoPunch","floor":13.0},{"not_picked":["champ:Endure","champ:TornadoPunch"],"picked":"champ:GladiatorStyle+1","floor":14.0},{"not_picked":["champ:BringItOn","champ:CrownThrow"],"picked":"champ:BladeFlurry","floor":15.0},{"not_picked":["champ:Devastate","champ:SteelEdge"],"picked":"champ:HeavySlash","floor":16.0},{"not_picked":["champ:FanOfKnives+1","champ:Circumvent"],"picked":"champ:Backstep+1","floor":19.0},{"not_picked":["champ:Lariat","champ:Circumvent+1"],"picked":"champ:IronFortress+1","floor":21.0},{"not_picked":["champ:BringItOn","champ:Lariat"],"picked":"champ:Duel","floor":22.0},{"not_picked":["champ:AdrenalArmor+1","champ:Circumvent"],"picked":"champ:Backstep","floor":25.0},{"not_picked":["champ:TornadoPunch","champ:Devastate"],"picked":"champ:StanceDance","floor":28.0},{"not_picked":["champ:IronFortress+1","champ:FaceSlap+1"],"picked":"champ:FocusedDefense","floor":29},{"not_picked":["champ:FlashCut","champ:FanOfKnives"],"picked":"champ:StanceDance+1","floor":31},{"not_picked":["champ:Endure","champ:SetATrap+1"],"picked":"champ:BringItOn+1","floor":32}],"player_experience":588708,"relics_obtained":[{"floor":7.0,"key":"champ:DefensiveTrainingManual"},{"floor":14.0,"key":"Frozen Egg 2"},{"floor":17.0,"key":"Smiling Mask"},{"floor":17.0,"key":"StrikeDummy"},{"floor":17.0,"key":"Incense Burner"},{"floor":24.0,"key":"Akabeko"},{"floor":28.0,"key":"MealTicket"}],"event_choices":[{"damage_healed":0.0,"max_hp_gain":0.0,"max_hp_loss":0.0,"gold_gain":0.0,"event_name":"Accursed Blacksmith","player_choice":"Rummage","floor":3.0,"gold_loss":0.0,"damage_taken":0.0,"relics_obtained":["WarpedTongs"],"cards_obtained":["Pain"]},{"damage_healed":0.0,"max_hp_gain":0.0,"max_hp_loss":0.0,"gold_gain":0.0,"event_name":"NoteForYourself","player_choice":"Ignored","floor":20.0,"gold_loss":0.0,"damage_taken":0.0},{"damage_healed":0.0,"max_hp_gain":0.0,"max_hp_loss":0.0,"gold_gain":0.0,"event_name":"Drug Dealer","player_choice":"Inject Mutagens","floor":27.0,"gold_loss":0.0,"damage_taken":0.0,"relics_obtained":["MutagenicStrength"]}],"is_beta":false,"boss_relics":[{"not_picked":["Runic Dome","Coffee Dripper"],"picked":"Calling Bell"}],"items_purged_floors":[5,13],"is_endless":false,"potions_floor_spawned":[9,14,15,16,22,28,29,32],"killed_by":"IC_MUSHROOM_ARCHETYPE","ascension_level":0}}