{"host":"xc18ixkpjvqrt8st","time":1613324027,"event":{"mods":["Act Like it!","BaseMod","Better Match","Better Third Choice","Conspire","Downfall","Hallownest","Hermit","Minty Spire (QoL Compilation)","Reliquary","Robot Space Explorer","Shop Mod","Spicy Shops","Spire Arcade","StSLib","The Animator","The Edgeheg","The Jungle","The Sage"],"gold_per_floor":[124,134,159,169,206,231,231,248,273,345,345,360,20,39,39,143,168,191,216,6,31,42,113,125,125,125,25,38,58,58,58,58,169,194,213,213,20,39,39,39,39,39],"floor_reached":41,"language":"ENG","playtime":2144,"items_purged":["Pain","Shame"],"score":493,"play_id":"b140bf35-b803-4641-997d-01944311d107","local_time":"20210214113347","is_ascension_mode":true,"campfire_choices":[{"floor":7,"key":"REST"},{"floor":11,"key":"REST"},{"floor":15,"key":"RECALL"},{"floor":25,"key":"REST"},{"floor":30,"key":"REST"},{"floor":32,"key":"REST"},{"floor":40,"key":"REST"}],"circlet_count":0,"master_deck":["animator:Strike_Overlord+1","animator:Defend_Overlord+1","animator:Strike+1","animator:Strike+1","animator:Strike+1","animator:Defend+1","animator:Defend+1","animator:Defend+1","animator:Cocytus","animator:Demiurge","animator:Emonzaemon","animator:Shichika","animator:UneriGinkaku","animator:ZankiKiguchi","animator:Nanami","animator:Gilgamesh+7","animator:WinryRockbell","animator:YunYun","animator:RinTohsaka","animator:Kuroyukihime","animator:Raven","animator:Biyorigo","animator:Evileye+1","animator:Elsword","animator:Kazuma","animator:Mitsurugi","animator:Vanir","animator:ZankiKiguchi+1","animator:Chris","animator:Rena","animator:Ainz","animator:SakuraMatou+1","animator:Urushihara","animator:YachiyoNanami","animator:Rider","animator:Alexander","animator:HigakiRinne"],"relics":["animator:VividPicture","animator:TheMissingPiece","animator:Buoy","CaptainsWheel","animator:WizardHat","reliquary:Firecrackers","Eternal Feather","WarpedTongs","reliquary:RoseTintedGlasses","Bottled Lightning","conspire:SpecialSausage"],"acts_visited":["Exordium","TheCity","TheBeyond"],"potions_floor_usage":[6,10,23,23,24,29,29,33,33],"damage_taken":[{"damage":3,"enemies":"2 Louse","floor":1,"turns":5},{"damage":6,"enemies":"Cultist","floor":2,"turns":4},{"damage":12,"enemies":"Jaw Worm","floor":3,"turns":2},{"damage":6,"enemies":"Red Slaver","floor":4,"turns":4},{"damage":2,"enemies":"3 Louse","floor":5,"turns":3},{"damage":19,"enemies":"3 Sentries","floor":6,"turns":10},{"damage":4,"enemies":"Blue Slaver","floor":8,"turns":4},{"damage":8,"enemies":"Gremlin Nob","floor":10,"turns":4},{"damage":3,"enemies":"2 Fungi Beasts","floor":12,"turns":3},{"damage":1,"enemies":"Large Slime","floor":14,"turns":6},{"damage":42,"enemies":"The Guardian","floor":16,"turns":10},{"damage":17,"enemies":"Chosen","floor":18,"turns":5},{"damage":12,"enemies":"Shell Parasite","floor":22,"turns":6},{"damage":26,"enemies":"Slavers","floor":23,"turns":5},{"damage":3,"enemies":"Cultist and Chosen","floor":24,"turns":5},{"damage":13,"enemies":"Snake Plant","floor":28,"turns":3},{"damage":36,"enemies":"Centurion and Healer","floor":29,"turns":7},{"damage":59,"enemies":"Automaton","floor":33,"turns":9},{"damage":45,"enemies":"3 Darklings","floor":35,"turns":5},{"damage":12,"enemies":"Orb Walker","floor":38,"turns":4},{"damage":50,"enemies":"Reptomancer","floor":41,"turns":2}],"seed_played":"5376297563533419288","potions_obtained":[{"floor":3,"key":"SkillPotion"},{"floor":8,"key":"champ:CounterPotion"},{"floor":14,"key":"GamblersBrew"},{"floor":16,"key":"Guardian:BlockOnCardUsePotion"},{"floor":22,"key":"champ:CounterPotion"},{"floor":23,"key":"ColorlessPotion"},{"floor":24,"key":"Swift Potion"},{"floor":28,"key":"LiquidBronze"},{"floor":29,"key":"Explosive Potion"}],"is_trial":false,"path_per_floor":["M","M","M","M","M","E","R","M","T","E","R","M","$","M","R","B",null,"M","?","$","?","M","E","M","R","T","$","M","M","R","?","R","B",null,"M","?","$","M","?","R","E"],"character_chosen":"THE_ANIMATOR","items_purchased":["Eternal Feather","animator:Kuroyukihime","animator:Elsword","animator:Kazuma","animator:Urushihara","animator:YachiyoNanami","animator:Rider"],"campfire_rested":6,"item_purchase_floors":[13,13,20,20,37,37,37],"current_hp_per_floor":[63,58,46,41,39,20,40,36,36,28,48,45,45,44,56,16,70,53,53,53,53,42,16,13,49,49,49,37,1,40,40,72,14,73,28,28,28,16,7,49,0,0],"gold":39,"neow_bonus":"RANDOM_COMMON_RELIC","is_daily":false,"chose_seed":false,"campfire_upgraded":0,"win_rate":0.0,"timestamp":1613324027,"path_taken":["M","M","M","M","M","E","R","M","T","E","R","M","$","M","R","BOSS","M","?","?","?","M","E","M","R","T","?","M","?","R","?","R","BOSS","M","?","$","M","?","R","E"],"items_purchased_type":["Relic","Card","Card","Card","Card","Card","Card"],"build_version":"2020-12-22","purchased_purges":2,"victory":false,"max_hp_per_floor":[66,67,67,68,68,68,68,68,68,68,68,68,68,68,68,70,70,70,70,70,70,71,71,71,71,71,71,72,72,72,72,72,73,73,73,73,73,73,73,73,73,73],"card_choices":[{"not_picked":["animator:Sloth","animator:IrohaTamaki"],"picked":"animator:Emonzaemon","floor":1},{"not_picked":["animator:OrikoMikuni","animator:Lu"],"picked":"animator:Shichika","floor":2},{"not_picked":["animator:Cocytus","animator:Alexander"],"picked":"animator:UneriGinkaku","floor":3},{"not_picked":["animator:Togame","animator:Emonzaemon"],"picked":"animator:ZankiKiguchi","floor":4},{"not_picked":["animator:WinryRockbell","animator:Shichika"],"picked":"animator:Nanami","floor":5},{"not_picked":["animator:Lu","animator:Evileye"],"picked":"animator:Gilgamesh","floor":6},{"not_picked":["animator:Laby","animator:Sloth"],"picked":"animator:WinryRockbell","floor":8},{"not_picked":["animator:Megumin","animator:Chomusuke"],"picked":"animator:YunYun","floor":10},{"not_picked":["animator:NarberalGamma","animator:Archer"],"picked":"animator:RinTohsaka","floor":12},{"not_picked":["animator:Aisha","animator:Lu"],"picked":"animator:Raven","floor":14},{"not_picked":["animator:Wiz","animator:Ainz"],"picked":"animator:Biyorigo","floor":16},{"not_picked":["animator:ZankiKiguchi","animator:Sloth+1"],"picked":"animator:Evileye+1","floor":18},{"not_picked":["animator:Verdia","animator:Kazuma"],"picked":"animator:Mitsurugi","floor":22},{"not_picked":["animator:Assassin","animator:Hitei"],"picked":"animator:Vanir","floor":23},{"not_picked":["animator:Azekura+1","animator:SuzuneAmano"],"picked":"animator:ZankiKiguchi+1","floor":24},{"not_picked":["animator:OrikoMikuni+1","animator:Demiurge+1"],"picked":"animator:Chris","floor":28},{"not_picked":["animator:Lu","animator:Add"],"picked":"animator:Rena","floor":29},{"not_picked":["animator:Gilgamesh","animator:Kyubey"],"picked":"animator:Ainz","floor":33},{"not_picked":["animator:Berserker","animator:OrikoMikuni+1"],"picked":"animator:SakuraMatou+1","floor":35},{"not_picked":["animator:YuiTsuruno","animator:Darkness"],"picked":"animator:Alexander","floor":38}],"player_experience":720832,"relics_obtained":[{"floor":6,"key":"CaptainsWheel"},{"floor":9,"key":"animator:WizardHat"},{"floor":10,"key":"reliquary:Firecrackers"},{"floor":23,"key":"Bottled Lightning"}],"event_choices":[{"damage_healed":0,"gold_gain":0,"player_choice":"Rummage","damage_taken":0,"relics_obtained":["WarpedTongs"],"max_hp_gain":0,"max_hp_loss":0,"event_name":"Accursed Blacksmith","floor":19,"gold_loss":0,"cards_obtained":["Pain"]},{"damage_healed":0,"gold_gain":0,"player_choice":"Stole Relic","damage_taken":0,"relics_obtained":["reliquary:RoseTintedGlasses"],"max_hp_gain":0,"max_hp_loss":0,"event_name":"Addict","floor":21,"gold_loss":0,"cards_obtained":["Shame"]},{"damage_healed":0,"gold_gain":0,"player_choice":"Simplicity","damage_taken":0,"max_hp_gain":0,"max_hp_loss":8,"event_name":"betterThird:BetterWriting","floor":31,"gold_loss":0},{"damage_healed":0,"gold_gain":0,"player_choice":"Ignored","damage_taken":0,"max_hp_gain":0,"max_hp_loss":0,"event_name":"Mysterious Sphere","floor":36,"gold_loss":0},{"damage_healed":0,"gold_gain":0,"player_choice":"Embrace Madness","damage_taken":9,"max_hp_gain":0,"max_hp_loss":0,"event_name":"Winding Halls","floor":39,"gold_loss":0,"cards_obtained":["animator:HigakiRinne"]}],"is_beta":false,"boss_relics":[{"not_picked":["Pandora\u0027s Box","Busted Crown"],"picked":"animator:VividPicture"},{"not_picked":["Black Star","Philosopher\u0027s Stone"],"picked":"conspire:SpecialSausage"}],"items_purged_floors":[20,27],"is_endless":false,"potions_floor_spawned":[3,8,14,16,22,23,24,28,29],"killed_by":"Reptomancer","ascension_level":2}}