{"host":"hpn0uxah5qjr7pa6","time":1613290740,"event":{"mods":["2.2 Compatiblity","Act Like it!","Aspiration","BaseMod","Better Third Choice","BetterRewards","Challenge The Spire","Colored Powertips","Conspire","DeckTracker","Downfall","Energized Spire","Hallownest","Hermit","Highlight Path","Hubris","Infinite Spire","Minty Spire (QoL Compilation)","Permanent Neow","Quick Restart","Rare Cards Sparkle","Replay The Spire","Spicy Shops","StSLib","The Bug Knight","The Jungle"],"gold_per_floor":[112,32,43,43,62,62,79,0,0,10,10,42,58,73,73,168,168,185,200,219,219,219,219,219],"floor_reached":22,"language":"ENG","playtime":762,"items_purged":[],"score":276,"play_id":"80014f2c-4c51-437b-a490-54af3d2bbf00","local_time":"20210214001900","is_ascension_mode":true,"campfire_choices":[{"floor":6.0,"key":"REST"},{"floor":11.0,"key":"REST"},{"floor":15.0,"key":"REST"}],"circlet_count":0,"master_deck":["bronze:Strike","bronze:Strike","bronze:Strike","bronze:Strike","bronze:Defend","bronze:Defend","bronze:Defend","bronze:Defend","bronze:Replicate","bronze:BronzeOrb","bronze:Library","Enlightenment","bronze:Branch","bronze:ChosenStrike","bronze:BronzeOrb","bronze:ChosenStrike"],"relics":["bronze:BronzeCore","Regal Pillow","hubris:GlazedTorus","conspire:SlowCooker"],"acts_visited":["Exordium","TheCity"],"potions_floor_usage":[20],"damage_taken":[{"damage":4.0,"enemies":"Cultist","floor":1.0,"turns":5.0},{"damage":7.0,"enemies":"Jaw Worm","floor":3.0,"turns":5.0},{"damage":0.0,"enemies":"Small Slimes","floor":5.0,"turns":3.0},{"damage":5.0,"enemies":"Looter","floor":7.0,"turns":5.0},{"damage":18.0,"enemies":"Large Slime","floor":10.0,"turns":8.0},{"damage":16.0,"enemies":"3 Sentries","floor":12.0,"turns":6.0},{"damage":3.0,"enemies":"Exordium Wildlife","floor":13.0,"turns":4.0},{"damage":10.0,"enemies":"2 Fungi Beasts","floor":14.0,"turns":3.0},{"damage":27.0,"enemies":"The Guardian","floor":16.0,"turns":7.0},{"damage":25.0,"enemies":"Spheric Guardian","floor":18.0,"turns":4.0},{"damage":6,"enemies":"Chosen","floor":19,"turns":4},{"damage":31,"enemies":"Centurion and Healer","floor":20,"turns":7},{"damage":12,"enemies":"Cultist and Chosen","floor":22,"turns":7}],"seed_played":"-6711009684082875110","potions_obtained":[{"floor":0.0,"key":"hexamod:SoulburnPotion"},{"floor":0.0,"key":"Doom Potion"},{"floor":0.0,"key":"Slimebound:ThreeZeroPotion"},{"floor":10.0,"key":"Reflective Coating"},{"floor":14.0,"key":"Strength Potion"},{"floor":18.0,"key":"SkillPotion"}],"is_trial":false,"path_per_floor":["M","$","M","?","M","R","M","?","T","M","R","E","M","M","R","B",null,"M","M","M","?","M"],"character_chosen":"THE_AUTOMATON","items_purchased":["bronze:BronzeOrb"],"campfire_rested":3,"item_purchase_floors":[2],"current_hp_per_floor":[59,59,52,52,52,70,65,71,71,53,76,60,57,47,76,49,69,44,38,7,7,0,0,0],"gold":219,"neow_bonus":"THREE_SMALL_POTIONS","is_daily":false,"chose_seed":false,"campfire_upgraded":0,"win_rate":0.0,"timestamp":1613290740,"path_taken":["M","$","?","?","?","R","M","?","T","M","R","E","M","M","R","BOSS","M","M","M","?","M"],"items_purchased_type":["Card"],"build_version":"2020-12-22","purchased_purges":0,"victory":false,"max_hp_per_floor":[70,70,70,70,70,70,70,76,76,76,76,76,76,76,76,76,76,76,76,76,76,76,76,76],"card_choices":[{"not_picked":["bronze:Constructor","bronze:Turbo","bronze:CutThrough"],"picked":"SKIP","floor":1.0},{"not_picked":["bronze:FindAndReplace","bronze:ChildClass","bronze:FollowUp"],"picked":"SKIP","floor":3.0},{"not_picked":["bronze:Iterate","bronze:FineTuning","bronze:ForLoop"],"picked":"SKIP","floor":5.0},{"not_picked":["bronze:BuggyMess","bronze:BitShift","bronze:NullPointer"],"picked":"SKIP","floor":7.0},{"not_picked":["bronze:BugBarrage","bronze:Turbo"],"picked":"bronze:Branch","floor":10.0},{"not_picked":["bronze:ShipIt","bronze:Refactor"],"picked":"bronze:ChosenStrike","floor":12.0},{"not_picked":["bronze:Branch","bronze:Return"],"picked":"bronze:BronzeOrb","floor":13.0},{"not_picked":["bronze:WildBeam","bronze:ChildClass"],"picked":"bronze:ChosenStrike","floor":14.0},{"not_picked":["bronze:CutThrough","bronze:Frontload","bronze:Allocate"],"picked":"SKIP","floor":18.0},{"not_picked":["bronze:Backtrace","bronze:Overheat","bronze:Frontload"],"picked":"SKIP","floor":19},{"not_picked":["bronze:Frontload","bronze:FollowUp","bronze:Separator"],"picked":"SKIP","floor":20}],"player_experience":243316,"relics_obtained":[{"floor":9.0,"key":"Regal Pillow"},{"floor":12.0,"key":"hubris:GlazedTorus"}],"event_choices":[{"damage_healed":0.0,"max_hp_gain":0.0,"max_hp_loss":0.0,"gold_gain":0.0,"cards_transformed":["bronze:Goto"],"event_name":"Transmorgrifier","player_choice":"Transformed","floor":4.0,"gold_loss":0.0,"damage_taken":0.0,"cards_obtained":["bronze:Library"]},{"damage_healed":0.0,"max_hp_gain":0.0,"max_hp_loss":0.0,"gold_gain":0.0,"event_name":"betterThird:BetterSerpent","player_choice":"RENOUNCE","floor":8.0,"gold_loss":79.0,"damage_taken":79.0,"cards_obtained":["Enlightenment"]},{"damage_healed":0,"gold_gain":0,"player_choice":"Ignored","damage_taken":0,"max_hp_gain":0,"max_hp_loss":0,"event_name":"Cursed Tome","floor":21,"gold_loss":0}],"is_beta":false,"boss_relics":[{"not_picked":["Astrolabe","ReplayTheSpireMod:DimensionalGlitch"],"picked":"conspire:SlowCooker"}],"items_purged_floors":[],"is_endless":false,"potions_floor_spawned":[5,10,14,18],"killed_by":"Cultist and Chosen","ascension_level":9}}