{"host":"c59zqhrgluvxuu0k","time":1613326230,"event":{"mods":["100% Spire Juice","BaseMod","Better Altar","Better Third Choice","BetterRewards","Colored Map","Colored Powertips","Curses Come First","Downfall","Friendly Minions","Hermit","Minty Spire (QoL Compilation)","Replay The Spire","Shop Mod","Spicy Shops","StSLib","The Blackbeard","The Cursed","The Death Knight","The Druid","The Jungle","The Necromancer","The Runesmith","The Wild Card"],"gold_per_floor":[99,112,112,122,34,54,81,81,94,123,123,136,97,110,127,230,230,230,246,246,257,457,483,483,502,32,65,65,65,77,90,105,105,105,105],"floor_reached":33,"language":"ENG","playtime":4014,"items_purged":["Languid","downfall:Haunted"],"score":291,"play_id":"a332fca6-245d-4251-8cac-2548a6bb725d","local_time":"20210214111030","is_ascension_mode":false,"campfire_choices":[{"data":"bronze:Goto","floor":1,"key":"SMITH"},{"data":"bronze:Repulsor","floor":11,"key":"SMITH"},{"data":"bronze:HardenedForm","floor":18,"key":"SMITH"},{"floor":29,"key":"RECALL"}],"circlet_count":0,"master_deck":["bronze:Strike","bronze:Strike","bronze:Strike","bronze:Defend","bronze:Defend","bronze:Defend","bronze:Defend","bronze:Replicate","bronze:Goto+1","bronze:DelayedGuard","bronze:Repulsor+1","bronze:WhirlingStrike","bronze:Return","bronze:Backtrace","bronze:Optimize","bronze:ChildClass","bronze:CleanCode","bronze:Branch","bronze:DelayedSlice","bronze:ForceShield","bronze:HardenedForm+1","bronze:Branch","bronze:BronzeOrb","bronze:WhirlingStrike+1","bronze:WildBeam","bronze:FineTuning","bronze:Optimize","bronze:Optimize","bronze:Frontload","bronze:WildBeam+1","bronze:OilSpill+1","bronze:ChosenStrike","bronze:ForceShield"],"relics":["bronze:BronzeCore","ReplayTheSpireMod:CursedCoin","Boot","Onion Ring","Coffee Dripper","Blue Candle","PreservedInsect","Oddly Smooth Stone","Mummified Hand","Ancient Tea Set","Blood Vial"],"acts_visited":["Exordium","TheCity"],"potions_floor_usage":[16,16,23,27,27,30,31],"damage_taken":[{"damage":5,"enemies":"Small Slimes","floor":2,"turns":4},{"damage":3,"enemies":"2 Louse","floor":4,"turns":2},{"damage":0,"enemies":"downfall:FleeingMerchant","floor":5,"turns":4},{"damage":1,"enemies":"Jaw Worm","floor":6,"turns":4},{"damage":0,"enemies":"Large Slime","floor":9,"turns":5},{"damage":24,"enemies":"3 Sentries","floor":10,"turns":6},{"damage":0,"enemies":"3 Louse","floor":12,"turns":1},{"damage":0,"enemies":"downfall:FleeingMerchant","floor":13,"turns":4},{"damage":7,"enemies":"2 Fungi Beasts","floor":14,"turns":3},{"damage":0,"enemies":"Gremlin Gang","floor":15,"turns":1},{"damage":18,"enemies":"DF_ARCHETYPE_STREAMLINE","floor":16,"turns":11},{"damage":0,"enemies":"Spheric Guardian","floor":19,"turns":4},{"damage":2,"enemies":"Centurion and Healer","floor":21,"turns":5},{"damage":9,"enemies":"Slavers","floor":23,"turns":5},{"damage":0,"enemies":"Chosen and Byrds","floor":25,"turns":2},{"damage":0,"enemies":"downfall:FleeingMerchant","floor":26,"turns":4},{"damage":21,"enemies":"Gremlin Leader","floor":27,"turns":8},{"damage":0,"enemies":"Snecko","floor":30,"turns":3},{"damage":23,"enemies":"Snake Plant","floor":31,"turns":3},{"damage":12,"enemies":"3 Cultists","floor":32,"turns":4},{"damage":13,"enemies":"WA_ARCHETYPE_CALM","floor":33,"turns":2}],"seed_played":"-6803455120573503745","potions_obtained":[{"floor":4,"key":"bronze:FreeFunctionsPotion"},{"floor":6,"key":"champ:CounterPotion"},{"floor":14,"key":"Energy Potion"},{"floor":16,"key":"Regen Potion"},{"floor":21,"key":"Languid Potion"},{"floor":23,"key":"Fire Potion"},{"floor":27,"key":"LifebloodPotion"}],"is_trial":false,"path_per_floor":["R","M","?","M","$","M","T","?","M","E","R","M","$","M","M","B",null,"R","M","?","M","?","E","T","M","$","E","?","R","M","M","M","B"],"character_chosen":"THE_AUTOMATON","items_purchased":["ReplayTheSpireMod:CursedCoin","Boot","bronze:Branch","Mummified Hand","bronze:Optimize","bronze:Frontload"],"campfire_rested":0,"item_purchase_floors":[5,5,13,26,26,26],"current_hp_per_floor":[77,72,72,69,69,68,68,68,68,44,44,44,44,37,37,19,77,77,77,72,70,70,61,61,61,61,55,35,35,37,16,6,0,0,0],"gold":105,"neow_bonus":"TEN_PERCENT_HP_BONUS","is_daily":false,"chose_seed":false,"campfire_upgraded":3,"win_rate":0.0,"timestamp":1613326230,"path_taken":["R","M","?","M","$","M","T","?","M","E","R","M","$","M","M","BOSS","R","M","?","M","?","E","T","M","$","E","?","R","M","M","M","BOSS"],"items_purchased_type":["Relic","Relic","Card","Relic","Card","Card"],"build_version":"2020-12-22","purchased_purges":2,"victory":false,"max_hp_per_floor":[77,77,77,77,77,77,77,77,77,77,77,77,77,77,77,77,77,77,77,77,77,77,77,77,77,77,77,77,77,77,77,77,77,77,77],"card_choices":[{"not_picked":["bronze:Shield","bronze:CloningBeam"],"picked":"bronze:DelayedGuard","floor":2},{"not_picked":["bronze:CutThrough","bronze:BuggyMess"],"picked":"bronze:Repulsor","floor":4},{"not_picked":["bronze:ForceShield","bronze:DelayedSlice"],"picked":"bronze:WhirlingStrike","floor":5},{"not_picked":["bronze:AlphaBuild","bronze:Frontload"],"picked":"bronze:Return","floor":6},{"not_picked":["bronze:Shield","bronze:Branch"],"picked":"bronze:Optimize","floor":9},{"not_picked":["bronze:Frontload","bronze:Backtrace"],"picked":"bronze:ChildClass","floor":10},{"not_picked":["bronze:BugBarrage","bronze:Overload","bronze:OilSpill"],"picked":"SKIP","floor":12},{"not_picked":["bronze:Deprecate","bronze:Safeguard"],"picked":"bronze:CleanCode","floor":13},{"not_picked":["bronze:WhirlingStrike","bronze:BuggyMess"],"picked":"bronze:DelayedSlice","floor":14},{"not_picked":["bronze:Overheat","bronze:CutThrough"],"picked":"bronze:ForceShield","floor":15},{"not_picked":["bronze:ShipIt","bronze:Format"],"picked":"bronze:HardenedForm","floor":16},{"not_picked":["bronze:Allocate","bronze:ForceShield"],"picked":"bronze:Branch","floor":19},{"not_picked":["bronze:DigitalCarnage+1","bronze:CutThrough"],"picked":"bronze:BronzeOrb","floor":21},{"not_picked":["bronze:Turbo","bronze:BronzeArmor+1"],"picked":"bronze:WhirlingStrike+1","floor":23},{"not_picked":["bronze:Shield","bronze:ForLoop"],"picked":"bronze:WildBeam","floor":25},{"not_picked":["bronze:WildBeam","bronze:WhirlingStrike"],"picked":"bronze:FineTuning","floor":26},{"not_picked":["bronze:WhirlingStrike","bronze:BronzeArmor"],"picked":"bronze:WildBeam+1","floor":27},{"not_picked":["bronze:WildBeam","bronze:ShipIt"],"picked":"bronze:OilSpill+1","floor":30},{"not_picked":["bronze:DarkDash","bronze:FineTuning"],"picked":"bronze:ChosenStrike","floor":31},{"not_picked":["bronze:Optimize","bronze:Invalidate"],"picked":"bronze:ForceShield","floor":32}],"player_experience":2216433,"relics_obtained":[{"floor":10,"key":"Onion Ring"},{"floor":23,"key":"PreservedInsect"},{"floor":24,"key":"Oddly Smooth Stone"},{"floor":27,"key":"Ancient Tea Set"}],"event_choices":[{"damage_healed":0,"gold_gain":0,"player_choice":" Vial ","damage_taken":20,"relics_obtained":["Blood Vial"],"max_hp_gain":55,"max_hp_loss":35,"event_name":"betterAltar:BetterAltar","floor":28,"potions_obtained":[],"relics_lost":[],"gold_loss":0}],"is_beta":false,"boss_relics":[{"not_picked":["Replay:Ancient Bell","Ring of Chaos"],"picked":"Coffee Dripper"}],"items_purged_floors":[5,26],"is_endless":false,"potions_floor_spawned":[4,6,14,16,21,23,27],"killed_by":"WA_ARCHETYPE_CALM","ascension_level":0}}