{"host":"g2yp6paluzgljz05","time":1613341306,"event":{"mods":["BaseMod","Bestiary","Colored Powertips","DeckTracker","Highlight Path","Minty Spire (QoL Compilation)","Quick Restart"],"gold_per_floor":[111,121,121,133,133,160,160,110,110,124,150,61,61,95,95,194,194,208,258,61,71,90,90,90],"floor_reached":23,"language":"ENG","playtime":804,"items_purged":["Strike_B"],"score":261,"play_id":"82061dd9-0681-4471-b03a-c3d4ff8ec495","local_time":"20210215092146","is_ascension_mode":true,"campfire_choices":[{"data":"Zap","floor":7,"key":"SMITH"},{"floor":13,"key":"REST"},{"floor":15,"key":"REST"}],"circlet_count":0,"master_deck":["Defend_B+1","Defend_B","Defend_B+1","Defend_B","Zap+1","Dualcast","Gash","Rebound","Gash","Gash","Self Repair","Echo Form"],"relics":["Cracked Core","NeowsBlessing","Kunai","The Courier","Orichalcum","War Paint","Busted Crown","Bottled Tornado"],"acts_visited":["Exordium","TheCity"],"potions_floor_usage":[22],"damage_taken":[{"damage":0,"enemies":"2 Louse","floor":1,"turns":1},{"damage":0,"enemies":"Cultist","floor":2,"turns":1},{"damage":0,"enemies":"Jaw Worm","floor":4,"turns":1},{"damage":23,"enemies":"Gremlin Nob","floor":6,"turns":4},{"damage":8,"enemies":"2 Fungi Beasts","floor":10,"turns":3},{"damage":29,"enemies":"Lagavulin","floor":11,"turns":4},{"damage":22,"enemies":"Gremlin Nob","floor":14,"turns":4},{"damage":34,"enemies":"Slime Boss","floor":16,"turns":7},{"damage":14,"enemies":"Shell Parasite","floor":18,"turns":4},{"damage":7,"enemies":"Chosen","floor":21,"turns":4},{"damage":41,"enemies":"Snake Plant","floor":22,"turns":5},{"damage":29,"enemies":"Book of Stabbing","floor":23,"turns":4}],"seed_played":"4948655684499890377","potions_obtained":[{"floor":1,"key":"BlessingOfTheForge"},{"floor":6,"key":"Dexterity Potion"},{"floor":14,"key":"SkillPotion"},{"floor":22,"key":"Fruit Juice"}],"is_trial":false,"path_per_floor":["M","M","?","M","?","E","R","?","T","M","E","$","R","E","R","B",null,"M","?","$","M","M","E"],"character_chosen":"DEFECT","items_purchased":["Self Repair","Bottled Tornado"],"campfire_rested":2,"item_purchase_floors":[12,20],"current_hp_per_floor":[75,75,75,75,75,52,52,52,52,44,15,15,37,22,44,17,61,54,54,54,54,25,0,0],"gold":90,"neow_bonus":"THREE_ENEMY_KILL","is_daily":false,"chose_seed":false,"campfire_upgraded":1,"win_rate":0.0,"timestamp":1613341306,"path_taken":["M","M","?","?","?","E","R","?","T","M","E","?","R","E","R","BOSS","M","?","$","M","?","E"],"items_purchased_type":["Card","Relic"],"build_version":"2020-12-22","purchased_purges":1,"victory":false,"max_hp_per_floor":[75,75,75,75,75,75,75,75,75,75,75,75,75,75,75,75,75,75,75,75,75,80,80,80],"card_choices":[{"not_picked":["Barrage","Force Field","Hologram"],"picked":"SKIP","floor":1},{"not_picked":["Force Field","Turbo"],"picked":"Gash","floor":2},{"not_picked":["Compile Driver","Turbo"],"picked":"Gash","floor":4},{"not_picked":["Lockon","Hologram"],"picked":"Gash","floor":6},{"not_picked":["Recycle","Multi-Cast","Sweeping Beam"],"picked":"SKIP","floor":10},{"not_picked":["Rebound","Conserve Battery","Barrage"],"picked":"SKIP","floor":11},{"not_picked":["Chill","Doom and Gloom","Heatsinks"],"picked":"SKIP","floor":14},{"not_picked":["Electrodynamics","Machine Learning"],"picked":"Echo Form","floor":16},{"not_picked":["Darkness"],"picked":"SKIP","floor":18},{"not_picked":["Genetic Algorithm"],"picked":"SKIP","floor":21},{"not_picked":["Turbo"],"picked":"SKIP","floor":22}],"player_experience":369267,"relics_obtained":[{"floor":6,"key":"Kunai"},{"floor":9,"key":"The Courier"},{"floor":11,"key":"Orichalcum"},{"floor":14,"key":"War Paint"}],"event_choices":[{"damage_healed":0,"gold_gain":0,"cards_transformed":["Strike_B"],"player_choice":"Transformed","damage_taken":0,"max_hp_gain":0,"max_hp_loss":0,"event_name":"Transmorgrifier","floor":3,"gold_loss":0,"cards_obtained":["Rebound"]},{"cards_removed":["Strike_B"],"damage_healed":0,"gold_gain":0,"player_choice":"Forget","damage_taken":0,"max_hp_gain":0,"max_hp_loss":0,"event_name":"Living Wall","floor":5,"gold_loss":0},{"cards_removed":["Strike_B"],"damage_healed":0,"gold_gain":0,"player_choice":"Card Removal","damage_taken":0,"max_hp_gain":0,"max_hp_loss":0,"event_name":"The Cleric","floor":8,"gold_loss":50},{"damage_healed":0,"gold_gain":100,"player_choice":"Bet on Murderer","damage_taken":0,"max_hp_gain":0,"max_hp_loss":0,"event_name":"The Joust","floor":19,"gold_loss":50}],"is_beta":false,"boss_relics":[{"not_picked":["Velvet Choker","Black Star"],"picked":"Busted Crown"}],"items_purged_floors":[12],"is_endless":false,"potions_floor_spawned":[1,6,14,18,22],"killed_by":"Book of Stabbing","ascension_level":5}}