{"host":"8b9ba58w9pmbqmpe","time":1613267866,"event":{"mods":["BaseMod","Downfall","Minty Spire (QoL Compilation)","StSLib"],"gold_per_floor":[115,115,125,125,141,167,167,178,178,178,191,225,237,7,7,103,103,119,130,130,30,42,42,42,42,42,117,131,6,6,6,6,38,38,135,135,155,175,175,25,36,36,36,36,36,55,66,66,66,66,66,66],"floor_reached":53,"language":"ENG","playtime":2358,"items_purged":["Strike_G","Bullet Time","Defend_G","Defend_G"],"score":1062,"play_id":"bf430b1a-37da-408a-a8b5-d9adc7c2fc24","local_time":"20210214025746","is_ascension_mode":true,"campfire_choices":[{"data":"Blade Dance","floor":7.0,"key":"SMITH"},{"data":"Finisher","floor":10.0,"key":"SMITH"},{"data":"Tactician","floor":15.0,"key":"SMITH"},{"data":"Acrobatics","floor":23.0,"key":"SMITH"},{"data":"Dagger Spray","floor":25.0,"key":"SMITH"},{"data":"Escape Plan","floor":32.0,"key":"SMITH"},{"data":"Flying Knee","floor":34.0,"key":"SMITH"},{"data":"Corpse Explosion","floor":42.0,"key":"SMITH"},{"data":"Dagger Throw","floor":48.0,"key":"SMITH"},{"data":"Defend_G","floor":51.0,"key":"SMITH"}],"circlet_count":0,"master_deck":["Defend_G","Defend_G","Defend_G+1","Survivor","Neutralize+1","Flying Knee+1","Dagger Spray+1","Finisher+1","Blade Dance+1","Dagger Throw+1","Tactician+1","Corpse Explosion+1","Acrobatics+1","Escape Plan+1","Purity+1"],"relics":["Ring of the Serpent","NeowsBlessing","FossilizedHelix","The Specimen","Ginger","Lantern","Empty Cage","Blue Candle","Shuriken","Question Card","Eternal Feather","Bronze Scales","Torii"],"acts_visited":["Exordium","TheCity","TheBeyond"],"potions_floor_usage":[52,52],"damage_taken":[{"damage":0.0,"enemies":"2 Louse","floor":1.0,"turns":1.0},{"damage":0.0,"enemies":"Cultist","floor":3.0,"turns":1.0},{"damage":0.0,"enemies":"Jaw Worm","floor":5.0,"turns":1.0},{"damage":18.0,"enemies":"Lagavulin","floor":6.0,"turns":5.0},{"damage":0.0,"enemies":"Blue Slaver","floor":8.0,"turns":2.0},{"damage":0.0,"enemies":"Exordium Thugs","floor":11.0,"turns":3.0},{"damage":0.0,"enemies":"3 Sentries","floor":12.0,"turns":5.0},{"damage":0.0,"enemies":"3 Louse","floor":13.0,"turns":2.0},{"damage":0.0,"enemies":"Slime Boss","floor":16.0,"turns":7.0},{"damage":0.0,"enemies":"3 Byrds","floor":18.0,"turns":2.0},{"damage":0.0,"enemies":"Chosen","floor":19.0,"turns":2.0},{"damage":6.0,"enemies":"Centurion and Healer","floor":22.0,"turns":2.0},{"damage":0.0,"enemies":"Snake Plant","floor":28.0,"turns":1.0},{"damage":7.0,"enemies":"Slavers","floor":33.0,"turns":3.0},{"damage":0.0,"enemies":"Collector","floor":35.0,"turns":3.0},{"damage":0.0,"enemies":"3 Shapes","floor":37.0,"turns":2.0},{"damage":1.0,"enemies":"Orb Walker","floor":38.0,"turns":3.0},{"damage":0.0,"enemies":"Maw","floor":41.0,"turns":3.0},{"damage":0.0,"enemies":"Jaw Worm Horde","floor":46.0,"turns":2.0},{"damage":0.0,"enemies":"3 Darklings","floor":47.0,"turns":1.0},{"damage":40,"enemies":"Time Eater","floor":52,"turns":4}],"seed_played":"-8009961632496608565","potions_obtained":[{"floor":1.0,"key":"Fire Potion"},{"floor":5.0,"key":"EssenceOfSteel"},{"floor":13.0,"key":"DistilledChaos"},{"floor":19.0,"key":"Weak Potion"},{"floor":22.0,"key":"PowerPotion"},{"floor":38.0,"key":"Dexterity Potion"},{"floor":46.0,"key":"FearPotion"}],"is_trial":false,"path_per_floor":["M","?","M","?","M","E","R","M","T","R","M","E","M","$","R","B",null,"M","M","?","$","M","R","?","R","T","T","M","$","?","?","R","E","R","B",null,"M","M","?","$","M","R","$","?","T","M","M","R","?","?","R","B",null],"character_chosen":"THE_SILENT","items_purchased":["Lantern"],"campfire_rested":0,"item_purchase_floors":[14],"current_hp_per_floor":[70,70,70,70,70,52,52,52,52,52,52,52,52,52,52,52,70,70,70,70,70,64,64,59,59,59,59,59,59,59,59,59,52,61,61,70,70,69,69,69,69,70,70,70,70,70,70,70,70,70,70,30],"gold":66,"neow_bonus":"THREE_ENEMY_KILL","is_daily":false,"chose_seed":false,"campfire_upgraded":10,"win_rate":0.0,"timestamp":1613267866,"path_taken":["M","?","?","?","M","E","R","M","T","R","M","E","M","$","R","BOSS","M","M","?","?","M","R","?","R","T","T","M","$","?","?","R","E","R","BOSS","M","M","?","$","M","R","$","?","T","M","?","R","?","?","R","BOSS"],"items_purchased_type":["Relic"],"build_version":"2020-12-22","purchased_purges":4,"victory":true,"max_hp_per_floor":[70,70,70,70,70,70,70,70,70,70,70,70,70,70,70,70,70,70,70,70,70,70,70,70,70,70,70,70,70,70,70,70,70,70,70,70,70,70,70,70,70,70,70,70,70,70,70,70,70,70,70,70],"card_choices":[{"not_picked":["Catalyst","Backflip"],"picked":"Flying Knee","floor":1.0},{"not_picked":["Sucker Punch","Dagger Spray","Setup"],"picked":"SKIP","floor":3.0},{"not_picked":["Sucker Punch","Setup"],"picked":"Dagger Spray","floor":3.0},{"not_picked":["Quick Slash","PiercingWail"],"picked":"Finisher","floor":5.0},{"not_picked":["PiercingWail","Distraction"],"picked":"Blade Dance","floor":6.0},{"not_picked":["Bane","Prepared"],"picked":"Dagger Throw","floor":8.0},{"not_picked":["Underhanded Strike","Skewer"],"picked":"Tactician","floor":11.0},{"not_picked":["Flying Knee","Reflex"],"picked":"Corpse Explosion","floor":12.0},{"not_picked":["Outmaneuver","Slice"],"picked":"Acrobatics","floor":13.0},{"not_picked":["Quick Slash","Well Laid Plans"],"picked":"Escape Plan","floor":18.0},{"not_picked":["Dodge and Roll+1","Skewer","Infinite Blades+1"],"picked":"SKIP","floor":19.0},{"not_picked":["Dodge and Roll","Predator","Finisher"],"picked":"SKIP","floor":22.0},{"not_picked":["Leg Sweep","Sucker Punch","Bane","Tactician"],"picked":"SKIP","floor":28.0},{"not_picked":["Well Laid Plans","Unload","Riddle With Holes","Quick Slash+1"],"picked":"SKIP","floor":33.0},{"not_picked":["Flying Knee","Sucker Punch","Leg Sweep","Heel Hook"],"picked":"SKIP","floor":37.0},{"not_picked":["Flying Knee","Sucker Punch","Leg Sweep","Heel Hook"],"picked":"SKIP","floor":37.0},{"not_picked":["Backflip","Underhanded Strike+1","Dodge and Roll","Endless Agony"],"picked":"SKIP","floor":38.0},{"not_picked":["Outmaneuver","Cloak And Dagger","Masterful Stab","Sucker Punch+1"],"picked":"SKIP","floor":41.0},{"not_picked":["Deflect+1","Prepared","Acrobatics+1","Outmaneuver"],"picked":"SKIP","floor":46.0},{"not_picked":["Well Laid Plans+1","Eviscerate","After Image","Dash+1"],"picked":"SKIP","floor":47.0},{"not_picked":["Madness","Chrysalis","HandOfGreed"],"picked":"Purity","floor":49.0}],"player_experience":302084,"relics_obtained":[{"floor":6.0,"key":"FossilizedHelix"},{"floor":9.0,"key":"The Specimen"},{"floor":12.0,"key":"Ginger"},{"floor":26.0,"key":"Shuriken"},{"floor":27.0,"key":"Question Card"},{"floor":33.0,"key":"Eternal Feather"},{"floor":44.0,"key":"Bronze Scales"},{"floor":45.0,"key":"Torii"}],"event_choices":[{"cards_removed":["Strike_G"],"damage_healed":0.0,"max_hp_gain":0.0,"max_hp_loss":0.0,"gold_gain":0.0,"event_name":"Bonfire Elementals","player_choice":"Offered Basic","floor":2.0,"gold_loss":0.0,"damage_taken":0.0},{"damage_healed":0.0,"max_hp_gain":0.0,"max_hp_loss":0.0,"gold_gain":0.0,"event_name":"Living Wall","player_choice":"Grow","floor":4.0,"gold_loss":0.0,"damage_taken":0.0,"cards_upgraded":["Neutralize"]},{"damage_healed":0.0,"max_hp_gain":0.0,"max_hp_loss":0.0,"gold_gain":0.0,"cards_transformed":["Strike_G"],"event_name":"Transmorgrifier","player_choice":"Transformed","floor":20.0,"gold_loss":0.0,"damage_taken":0.0,"cards_obtained":["Bullet Time"]},{"damage_healed":0.0,"max_hp_gain":0.0,"max_hp_loss":0.0,"gold_gain":0.0,"event_name":"Mysterious Sphere","player_choice":"Ignored","floor":39.0,"gold_loss":0.0,"damage_taken":0.0},{"damage_healed":0.0,"max_hp_gain":0.0,"max_hp_loss":0.0,"gold_gain":0.0,"event_name":"Wheel of Change","player_choice":"Relic","floor":44.0,"gold_loss":0.0,"damage_taken":0.0},{"damage_healed":0.0,"max_hp_gain":0.0,"max_hp_loss":0.0,"gold_gain":0.0,"event_name":"SensoryStone","player_choice":"Memory 1","floor":49.0,"gold_loss":0.0,"damage_taken":0.0},{"damage_healed":0.0,"max_hp_gain":0.0,"max_hp_loss":0.0,"gold_gain":0.0,"event_name":"Accursed Blacksmith","player_choice":"Forge","floor":50.0,"gold_loss":0.0,"damage_taken":0.0,"cards_upgraded":["Purity"]}],"is_beta":false,"boss_relics":[{"not_picked":["Ectoplasm","Sozu"],"picked":"Empty Cage"},{"not_picked":["Tiny House","SacredBark"],"picked":"Ring of the Serpent"}],"items_purged_floors":[14,21,29,40],"is_endless":false,"potions_floor_spawned":[1,5,13,19,22,38,46],"ascension_level":4}}