{"host":"xg4r5pv6chpuampg","time":1613317103,"event":{"mods":["AchievementEnabler","BaseMod","Googly Eyes","Minty Spire (QoL Compilation)","StSLib","Together in Spire"],"gold_per_floor":[117,117,117,130,5,33,33,108,108,126,126,139,172,185,185,287,287,300,225,225,243,256,290,290,319,366,386,386,406,406,425,425,523,523,543,543,304,315,330,330,358,371,371,383,396,412,445,461,461,461,461,461,4,32,32],"floor_reached":56,"language":"ENG","playtime":2250,"items_purged":["Parasite"],"score":1138,"play_id":"265f5e4c-792f-48f6-bc24-3f9adda4f6ca","local_time":"20210214183823","is_ascension_mode":false,"campfire_choices":[{"floor":7.0,"key":"RECALL"},{"data":"Self Repair","floor":11.0,"key":"SMITH"},{"data":"Hologram","floor":15,"key":"SMITH"},{"data":"Creative AI","floor":24,"key":"SMITH"},{"data":"White Noise","floor":28,"key":"SMITH"},{"data":"Storm","floor":32,"key":"SMITH"},{"data":"Rainbow","floor":40,"key":"SMITH"},{"data":"Defragment","floor":49,"key":"SMITH"},{"data":"Force Field","floor":52,"key":"SMITH"}],"circlet_count":0,"master_deck":["Strike_B","Strike_B","Strike_B","Strike_B","Defend_B","Defend_B+1","Defend_B","Defend_B","Zap","Dualcast+1","FTL","Cold Snap","Self Repair+1","Hologram+1","Storm+1","Creative AI+1","Melter+1","Ball Lightning","White Noise+1","Glacier+1","Force Field+1","Static Discharge+1","Rainbow+1","Conserve Battery+1","Defragment+1","Rebound+1","Self Repair"],"relics":["Cracked Core","NeowsBlessing","Bronze Scales","Cables","Du-Vu Doll","Philosopher\u0027s Stone","Pantograph","Letter Opener","Bag of Preparation","FaceOfCleric","Symbiotic Virus","HornCleat","Bottled Flame","Ornamental Fan","Lizard Tail","War Paint"],"acts_visited":["TheCity","TheBeyond","TheEnding"],"potions_floor_usage":[16,55,55,55],"damage_taken":[{"damage":0.0,"enemies":"Jaw Worm","floor":1.0,"turns":1.0},{"damage":0.0,"enemies":"2 Louse","floor":4.0,"turns":1.0},{"damage":0.0,"enemies":"Gremlin Nob","floor":6.0,"turns":1.0},{"damage":10.0,"enemies":"Small Slimes","floor":10.0,"turns":2.0},{"damage":7.0,"enemies":"Exordium Wildlife","floor":12.0,"turns":2.0},{"damage":24,"enemies":"Lagavulin","floor":13,"turns":5},{"damage":0,"enemies":"Lots of Slimes","floor":14,"turns":1},{"damage":15,"enemies":"Hexaghost","floor":16,"turns":4},{"damage":0,"enemies":"2 Thieves","floor":18,"turns":1},{"damage":0,"enemies":"Spheric Guardian","floor":21,"turns":1},{"damage":0,"enemies":"Snecko","floor":22,"turns":2},{"damage":1,"enemies":"Slavers","floor":23,"turns":2},{"damage":0,"enemies":"Gremlin Leader","floor":25,"turns":1},{"damage":0,"enemies":"Shelled Parasite and Fungi","floor":27,"turns":2},{"damage":0,"enemies":"3 Cultists","floor":29,"turns":1},{"damage":0,"enemies":"Snake Plant","floor":31,"turns":1},{"damage":8,"enemies":"Champ","floor":33,"turns":4},{"damage":14,"enemies":"3 Shapes","floor":35,"turns":3},{"damage":3,"enemies":"Orb Walker","floor":38,"turns":3},{"damage":0,"enemies":"4 Shapes","floor":39,"turns":1},{"damage":26,"enemies":"Reptomancer","floor":41,"turns":6},{"damage":12,"enemies":"Sphere and 2 Shapes","floor":42,"turns":3},{"damage":6,"enemies":"Writhing Mass","floor":44,"turns":5},{"damage":17,"enemies":"4 Shapes","floor":45,"turns":3},{"damage":18,"enemies":"Sphere and 2 Shapes","floor":46,"turns":2},{"damage":0,"enemies":"Nemesis","floor":47,"turns":1},{"damage":0,"enemies":"Transient","floor":48,"turns":5},{"damage":8,"enemies":"Donu and Deca","floor":50,"turns":3},{"damage":0,"enemies":"Shield and Spear","floor":54,"turns":1},{"damage":58,"enemies":"The Heart","floor":55,"turns":3}],"seed_played":"8432411878671896077","potions_obtained":[{"floor":6.0,"key":"EntropicBrew"},{"floor":12.0,"key":"EntropicBrew"},{"floor":16,"key":"Regen Potion"},{"floor":27,"key":"DuplicationPotion"}],"is_trial":false,"path_per_floor":["M","$","?","M","$","E","R","?","T","M","R","M","E","M","R","B",null,"M","?","T","M","M","E","R","E","T","M","R","M","?","M","R","B",null,"M","?","$","M","M","R","E","M","T","M","M","M","E","M","R","B",null,"R","$","E","B",null],"character_chosen":"DEFECT","items_purchased":["Self Repair","Hologram","Symbiotic Virus","Lizard Tail","DuplicationPotion"],"campfire_rested":0,"item_purchase_floors":[5,5,37,53,53],"current_hp_per_floor":[75,75,75,75,75,75,75,64,64,61,61,64,50,50,50,35,75,75,75,75,75,75,74,74,75,75,75,75,75,75,76,76,77,77,64,69,69,67,68,68,53,52,52,57,51,44,55,73,73,80,88,88,85,86,29],"gold":32,"neow_bonus":"THREE_ENEMY_KILL","is_daily":false,"chose_seed":false,"campfire_upgraded":8,"win_rate":0.0,"timestamp":1613317103,"path_taken":["M","$","?","M","$","E","R","?","T","M","R","M","E","M","R","BOSS","M","?","?","?","M","E","R","E","T","M","R","M","?","?","R","BOSS","M","?","$","M","M","R","E","M","T","M","M","M","E","?","R","BOSS","R","$","E","BOSS"],"items_purchased_type":["Card","Card","Relic","Relic","Potion"],"build_version":"2020-12-22","purchased_purges":1,"victory":true,"max_hp_per_floor":[75,75,75,75,75,75,75,75,75,75,75,75,75,75,75,75,75,75,75,75,75,75,75,75,75,75,75,75,75,75,76,76,77,77,78,78,78,79,80,80,81,82,82,83,84,85,86,87,87,88,88,88,85,86,87],"card_choices":[{"not_picked":["Go for the Eyes","Cold Snap"],"picked":"FTL","floor":1.0},{"not_picked":["Beam Cell","Reprogram"],"picked":"Cold Snap","floor":4.0},{"not_picked":["Steam","Sweeping Beam","Leap"],"picked":"SKIP","floor":6.0},{"not_picked":["Compile Driver","Redo"],"picked":"Barrage","floor":10.0},{"not_picked":["Skim","Fusion","Coolheaded"],"picked":"SKIP","floor":12.0},{"not_picked":["Go for the Eyes","Core Surge","Cold Snap"],"picked":"SKIP","floor":13},{"not_picked":["Rebound","Turbo"],"picked":"Storm","floor":14},{"not_picked":["Biased Cognition","Buffer"],"picked":"Creative AI","floor":16},{"not_picked":["Ball Lightning","Barrage"],"picked":"Melter+1","floor":18},{"not_picked":["Conserve Battery+1","Heatsinks"],"picked":"Ball Lightning","floor":21},{"not_picked":["Storm","Glacier"],"picked":"White Noise","floor":22},{"not_picked":["Double Energy+1","Lockon"],"picked":"Glacier","floor":23},{"not_picked":["Leap","Sweeping Beam","Cold Snap"],"picked":"SKIP","floor":25},{"not_picked":["Hello World","Fusion+1"],"picked":"Conserve Battery","floor":27},{"not_picked":["Loop","Hologram"],"picked":"Force Field","floor":29},{"not_picked":["Chaos+1","Reprogram+1"],"picked":"Static Discharge+1","floor":31},{"not_picked":["Amplify","Fission"],"picked":"Rainbow","floor":33},{"not_picked":["Gash+1","Ball Lightning+1"],"picked":"Conserve Battery+1","floor":35},{"not_picked":["Sweeping Beam+1","Coolheaded"],"picked":"Defragment","floor":38},{"not_picked":["Coolheaded","Conserve Battery+1"],"picked":"Rebound+1","floor":39},{"not_picked":["Reprogram","Steam Power","Barrage+1"],"picked":"SKIP","floor":41},{"not_picked":["Hologram+1","Barrage","Lockon"],"picked":"SKIP","floor":42},{"not_picked":["Stack","Streamline+1","Redo"],"picked":"SKIP","floor":44},{"not_picked":["Consume","Skim","Turbo+1"],"picked":"SKIP","floor":45},{"not_picked":["Turbo+1","Leap","Coolheaded+1"],"picked":"SKIP","floor":46},{"not_picked":["Lockon+1","Heatsinks"],"picked":"Self Repair","floor":47},{"not_picked":["Cold Snap","Ball Lightning","Biased Cognition"],"picked":"SKIP","floor":48},{"not_picked":["Go for the Eyes+1","Sweeping Beam+1","Tempest+1"],"picked":"SKIP","floor":54}],"player_experience":123762,"relics_obtained":[{"floor":6.0,"key":"Bronze Scales"},{"floor":9.0,"key":"Cables"},{"floor":13,"key":"Du-Vu Doll"},{"floor":20,"key":"Pantograph"},{"floor":23,"key":"Letter Opener"},{"floor":25,"key":"Bag of Preparation"},{"floor":41,"key":"HornCleat"},{"floor":43,"key":"Bottled Flame"},{"floor":47,"key":"Ornamental Fan"},{"floor":54,"key":"War Paint"}],"event_choices":[{"damage_healed":0.0,"max_hp_gain":0.0,"max_hp_loss":0.0,"gold_gain":0.0,"event_name":"Living Wall","player_choice":"Grow","floor":3.0,"gold_loss":0.0,"damage_taken":0.0,"cards_upgraded":["Dualcast"]},{"damage_healed":0.0,"max_hp_gain":0.0,"max_hp_loss":0.0,"gold_gain":75.0,"event_name":"World of Goop","player_choice":"Gather Gold","floor":8.0,"gold_loss":0.0,"damage_taken":11.0},{"cards_removed":["Barrage"],"damage_healed":0,"gold_gain":0,"player_choice":"Gave Gold","damage_taken":0,"max_hp_gain":0,"max_hp_loss":0,"event_name":"Beggar","floor":19,"gold_loss":75},{"damage_healed":0,"gold_gain":0,"player_choice":"Trade","damage_taken":0,"relics_obtained":["FaceOfCleric"],"max_hp_gain":0,"max_hp_loss":0,"event_name":"FaceTrader","floor":30,"gold_loss":0},{"cards_removed":["Conserve Battery"],"damage_healed":5,"gold_gain":0,"player_choice":"Offered Common","damage_taken":0,"max_hp_gain":0,"max_hp_loss":0,"event_name":"Bonfire Elementals","floor":36,"gold_loss":0},{"cards_removed":["Conserve Battery"],"damage_healed":5,"gold_gain":0,"player_choice":"Offered Special","damage_taken":0,"max_hp_gain":0,"max_hp_loss":0,"event_name":"Bonfire Elementals","floor":36,"gold_loss":0}],"is_beta":false,"boss_relics":[{"not_picked":["Velvet Choker","Empty Cage"],"picked":"Philosopher\u0027s Stone"},{"not_picked":["FrozenCore","Cursed Key","Fusion Hammer"]}],"items_purged_floors":[53],"is_endless":false,"potions_floor_spawned":[6,10,12,16,21,27,29,33,35,38,44,45],"ascension_level":0}}