{"host":"czzthkrvfe6r7fjf","time":1613320961,"event":{"mods":["ATMod(∞¢Ë™Mod)","Act Like it!","BaseMod","Downfall","GungeonMod","Marisa£®ÏF”Í°°ƒß¿Ì…≥£©","Minty Spire (QoL Compilation)","Quick Restart","StSLib","The Servant 0.9.4","Waifu the Spire","°æπ¶ƒ‹Mod°øªÏ„Á÷Æª∑–ﬁ∏¥≤π∂°"],"gold_per_floor":[110,110,110,122,47,75,75,100,179,179,190,208,208,233,233,337,337,337,337],"floor_reached":18,"language":"ZHS","playtime":478,"items_purged":["Regret"],"score":305,"play_id":"6e05323b-0c65-457e-8948-95c31055b85d","local_time":"20210215004241","is_ascension_mode":true,"campfire_choices":[{"data":"AT_Dispersion","floor":7.0,"key":"SMITH"},{"data":"Strike_MRS","floor":13.0,"key":"PURGE"},{"data":"Defend_MRS","floor":15,"key":"PURGE"}],"circlet_count":0,"master_deck":["AscendersBane","Strike_MRS","Strike_MRS","Strike_MRS","Defend_MRS","Defend_MRS","Defend_MRS","MasterSpark","UpSweep","AT_Dispersion+1","DC+1","UltimateShortwave+1","SporeBomb","PowerUp+1"],"relics":["MiniHakkero","AT_ATBox","NeowsBlessing","DemoMod:PoisonVial","TungstenRod","DemoMod:ClearGuonStone","AT_SilvercatRing","Peace Pipe","Omamori","DemoMod:GlassGuonStoneRelic","SlaversCollar"],"acts_visited":["Exordium","TheCity"],"potions_floor_usage":[16],"damage_taken":[{"damage":0.0,"enemies":"Small Slimes","floor":1.0,"turns":1.0},{"damage":0.0,"enemies":"Jaw Worm","floor":4.0,"turns":1.0},{"damage":0.0,"enemies":"Lagavulin","floor":6.0,"turns":1.0},{"damage":20.0,"enemies":"3 Sentries","floor":8.0,"turns":9.0},{"damage":0.0,"enemies":"Cultist","floor":11.0,"turns":2.0},{"damage":2.0,"enemies":"Gremlin Gang","floor":12.0,"turns":4.0},{"damage":12,"enemies":"Lagavulin","floor":14,"turns":7},{"damage":9,"enemies":"Hexaghost","floor":16,"turns":7},{"damage":0,"enemies":"2 Thieves","floor":18,"turns":1}],"seed_played":"639717519041942288","potions_obtained":[{"floor":1.0,"key":"PowerPotion"},{"floor":4.0,"key":"CultistPotion"},{"floor":11.0,"key":"Energy Potion"},{"floor":16,"key":"Regen Potion"}],"is_trial":false,"path_per_floor":["M","$","?","M","$","E","R","E","T","?","M","M","R","E","R","B",null,"M"],"character_chosen":"MARISA","items_purchased":[],"campfire_rested":0,"item_purchase_floors":[],"current_hp_per_floor":[68,68,68,68,68,68,68,48,48,48,48,46,46,34,34,25,63,63,63],"gold":337,"neow_bonus":"THREE_ENEMY_KILL","is_daily":false,"chose_seed":false,"campfire_upgraded":1,"win_rate":0.0,"timestamp":1613320961,"path_taken":["M","$","?","M","$","E","R","E","T","?","?","?","R","E","R","BOSS","M"],"items_purchased_type":[],"build_version":"2020-12-22","purchased_purges":1,"victory":false,"max_hp_per_floor":[75,75,75,75,75,75,75,75,75,75,75,75,75,75,75,75,75,75,75],"card_choices":[{"not_picked":["IllusionStar","PowerUp"],"picked":"MachineGunSpark","floor":1.0},{"not_picked":["DarkMatter","LuminesStrike"],"picked":"DC","floor":4.0},{"not_picked":["UnstableBomb","DoubleSpark","6A"],"picked":"SKIP","floor":6.0},{"not_picked":["ShootingEcho","FairyDestructionRay"],"picked":"UltimateShortwave","floor":8.0},{"not_picked":["OpenUniverse","UnstableBomb"],"picked":"SporeBomb","floor":11.0},{"not_picked":["Occultation","Singularity","GasGiant"],"picked":"SKIP","floor":12.0},{"not_picked":["FinalSpark","AsteroidBelt"],"picked":"PowerUp","floor":14}],"player_experience":223158,"relics_obtained":[{"floor":6.0,"key":"TungstenRod"},{"floor":8.0,"key":"DemoMod:ClearGuonStone"},{"floor":9.0,"key":"AT_SilvercatRing"},{"floor":14,"key":"Omamori"}],"event_choices":[{"damage_healed":0.0,"max_hp_gain":0.0,"max_hp_loss":0.0,"gold_gain":0.0,"event_name":"Big Fish","player_choice":"Box","floor":3.0,"gold_loss":0.0,"damage_taken":0.0,"relics_obtained":["DemoMod:PoisonVial"],"cards_obtained":["Regret"]},{"cards_removed":["MachineGunSpark"],"damage_healed":0.0,"max_hp_gain":0.0,"max_hp_loss":0.0,"gold_gain":0.0,"event_name":"WeMeetAgain","player_choice":"Gave Card","floor":10.0,"gold_loss":0.0,"damage_taken":0.0,"relics_obtained":["Peace Pipe"]}],"is_beta":false,"boss_relics":[{"not_picked":["Runic Pyramid","Philosopher\u0027s Stone"],"picked":"SlaversCollar"}],"items_purged_floors":[5],"is_endless":false,"potions_floor_spawned":[1,4,11,14,16],"killed_by":"2 Thieves","ascension_level":10}}