{"host":"o5jvvi5yapo90aia","time":1613291288,"event":{"mods":["BaseMod","CapriCore","Minty Spire (QoL Compilation)","MostiFishMod","Prisma Mod","Spicy Shops","StSLib","TestMod","The Immortal","Yakumo Yukari mod","【人物mod】游戏王New YuGiOh mod","【功能Mod】Neow奖励"],"gold_per_floor":[113,113,127,144,159,193,22,48,48,78,3,16,16,16,16,95,95,110,130,150,161,436,461,461,489,540,585,597,276,1176,1207,1207,1291,1291,1313,1333,1355,1370,1393,1432,1456,1472,1521,1921,1959,1959,1995,2077,2077,2082,2087,2087,2087,467,511,521],"floor_reached":57,"language":"ZHS","playtime":1917,"items_purged":["Eruption"],"score":4084,"play_id":"3e3da990-e6b0-45e8-b6c7-62e7c10b9423","local_time":"20210214162808","is_ascension_mode":true,"campfire_choices":[{"data":"Defend_P","floor":13.0,"key":"PURGE"},{"data":"Defend_P","floor":15.0,"key":"PURGE"},{"data":"Strike_P","floor":24.0,"key":"PURGE"},{"data":"Strike_P","floor":28,"key":"PURGE"},{"data":"Defend_P","floor":32,"key":"PURGE"},{"data":"Strike_P","floor":46,"key":"PURGE"},{"floor":49,"key":"RECALL"},{"data":"Strike_P","floor":53,"key":"PURGE"}],"circlet_count":0,"master_deck":["AscendersBane","Defend_P+1","Vigilance","Adaptation","TalkToTheHand","Tantrum","Vault+1","InnerPeace","MostiFishMod:Wind","FearNoEvil+1","Master of Strategy+1","Creative AI+1","MostiFishMod:Adaptation+1"],"relics":["testmod-TestBox","RhineCircuit","FeatherPendant","testmod-ChristmasGift","SynthV:TestCard","WarpedTongs","Bag of Preparation","Civilization","Matryoshka","Omamori","testmod-Hope","MealTicket","Fusion Hammer","Molten Egg 2","Ornamental Fan","MawBank","Bottled Flame","PrismaticShard","OrangePellets","Oddly Smooth Stone","VioletLotus","testmod-BlackFramedGlasses","Toy Ornithopter","Toxic Egg 2","Frozen Egg 2","Bottled Lightning","DaCapo","Letter Opener","Blue Candle","Toolbox","testmod-BalancedPeriapt","Happy Flower"],"acts_visited":["Exordium","TheCity","TheBeyond","TheEnding"],"potions_floor_usage":[36,36,56,56,56,56,56,56,56,56,56,56,56,56,56,56,56,56,56,56,56,56,56,56,56,56,56,56,56,56,56,56,56,56,56,56,56],"damage_taken":[{"damage":0.0,"enemies":"2 Louse","floor":1.0,"turns":1.0},{"damage":4.0,"enemies":"Cultist","floor":3.0,"turns":2.0},{"damage":6.0,"enemies":"Jaw Worm","floor":4.0,"turns":2.0},{"damage":2.0,"enemies":"2 Fungi Beasts","floor":5.0,"turns":2.0},{"damage":5.0,"enemies":"3 Sentries","floor":6.0,"turns":3.0},{"damage":6.0,"enemies":"Lagavulin","floor":8.0,"turns":3.0},{"damage":6.0,"enemies":"Gremlin Nob","floor":10.0,"turns":2.0},{"damage":0.0,"enemies":"Exordium Thugs","floor":12.0,"turns":2.0},{"damage":0.0,"enemies":"Hexaghost","floor":16.0,"turns":3.0},{"damage":0.0,"enemies":"2 Thieves","floor":18.0,"turns":3.0},{"damage":0.0,"enemies":"3 Byrds","floor":19.0,"turns":2.0},{"damage":0.0,"enemies":"Centurion and Healer","floor":20.0,"turns":3.0},{"damage":0.0,"enemies":"3 Cultists","floor":21.0,"turns":2.0},{"damage":0.0,"enemies":"Slavers","floor":23.0,"turns":1.0},{"damage":0.0,"enemies":"Gremlin Leader","floor":25.0,"turns":1.0},{"damage":0,"enemies":"Slavers","floor":27,"turns":1},{"damage":0,"enemies":"Gremlin Leader","floor":31,"turns":1},{"damage":0,"enemies":"Collector","floor":33,"turns":2},{"damage":1,"enemies":"3 Shapes","floor":35,"turns":2},{"damage":0,"enemies":"3 Darklings","floor":36,"turns":1},{"damage":0,"enemies":"Jaw Worm Horde","floor":37,"turns":1},{"damage":0,"enemies":"Spire Growth","floor":38,"turns":1},{"damage":0,"enemies":"Transient","floor":39,"turns":4},{"damage":0,"enemies":"Giant Head","floor":40,"turns":1},{"damage":0,"enemies":"Sphere and 2 Shapes","floor":41,"turns":1},{"damage":0,"enemies":"Jaw Worm Horde","floor":42,"turns":2},{"damage":0,"enemies":"Nemesis","floor":45,"turns":2},{"damage":0,"enemies":"Giant Head","floor":47,"turns":2},{"damage":12,"enemies":"Time Eater","floor":50,"turns":3},{"damage":0,"enemies":"Donu and Deca","floor":51,"turns":1},{"damage":0,"enemies":"Shield and Spear","floor":55,"turns":1},{"damage":226,"enemies":"The Heart","floor":56,"turns":7}],"seed_played":"-8116356346982231632","potions_obtained":[{"floor":1.0,"key":"BlessingOfTheForge"},{"floor":3.0,"key":"AttackPotion"}],"is_trial":false,"path_per_floor":["M","?","M","M","M","E","$","E","T","E","?","M","R","?","R","B",null,"M","M","M","M","?","E","R","E","T","E","R","$","?","E","R","B",null,"M","M","M","M","M","E","M","M","T","?","E","R","E","T","R","B","B",null,"R","$","E","B",null],"character_chosen":"WATCHER","items_purchased":["Civilization","PrismaticShard","OrangePellets","DaCapo","Letter Opener","Blue Candle","Toolbox","testmod-BalancedPeriapt","MostiFishMod:Adaptation+1","PowerPotion"],"campfire_rested":0,"item_purchase_floors":[7,29,29,54,54,54,54,54,54,54],"current_hp_per_floor":[62,62,59,55,55,52,52,50,50,47,47,53,53,30,30,41,70,80,90,95,100,100,105,105,110,110,115,115,115,4,9,9,18,98,106,114,121,128,139,147,156,165,165,165,170,170,175,175,175,170,180,184,184,185,185,136],"gold":521,"neow_bonus":"BOSS_RELIC","is_daily":false,"chose_seed":false,"campfire_upgraded":0,"win_rate":0.0,"timestamp":1613291288,"path_taken":["M","?","M","M","?","E","?","E","T","E","?","M","R","?","R","BOSS","M","M","M","M","?","E","R","E","T","E","R","?","?","E","R","BOSS","M","M","M","?","M","E","M","M","T","?","E","R","E","?","R","BOSS","BOSS","R","$","E","BOSS"],"items_purchased_type":["Relic","Relic","Relic","Relic","Relic","Relic","Relic","Relic","Card","Potion"],"build_version":"2020-12-22","purchased_purges":1,"victory":true,"max_hp_per_floor":[68,68,68,68,68,68,68,69,69,71,71,75,75,75,75,80,80,85,90,95,100,100,105,105,110,110,115,115,115,115,120,120,125,125,130,135,140,145,150,155,160,165,165,165,170,170,175,175,175,180,185,185,185,185,185,185],"card_choices":[{"not_picked":["Prostrate","DeceiveReality"],"picked":"Adaptation","floor":1.0},{"not_picked":["BowlingBash","CrushJoints","WreathOfFlame","Halt"],"picked":"TalkToTheHand","floor":3.0},{"not_picked":["SashWhip","CrushJoints","Study","Halt"],"picked":"Tantrum","floor":4.0},{"not_picked":["EmptyBody","Indignation","CrushJoints","MostiFishMod:Clarity","Evaluate"],"picked":"SKIP","floor":5.0},{"not_picked":["MostiFishMod:Nomercy","SignatureMove","Halt","ForeignInfluence","JustLucky"],"picked":"SKIP","floor":6.0},{"not_picked":["ConjureBlade","CutThroughFate","Protect","ThirdEye"],"picked":"Vault","floor":8.0},{"not_picked":["CarveReality","ThirdEye","WheelKick","EmptyMind","FlyingSleeves"],"picked":"SKIP","floor":10.0},{"not_picked":["Consecrate","EmptyBody","BowlingBash","EmptyFist","FlurryOfBlows"],"picked":"SKIP","floor":12.0},{"not_picked":["DeceiveReality","WheelKick","MostiFishMod:ScryFuture","SandsOfTime","Nirvana"],"picked":"SKIP","floor":18.0},{"not_picked":["Crescendo","Weave","FlyingSleeves","SandsOfTime"],"picked":"InnerPeace","floor":19.0},{"not_picked":["Consecrate+1","Worship","Study+1","PathToVictory","Crescendo+1"],"picked":"SKIP","floor":20.0},{"not_picked":["ClearTheMind","ForeignInfluence","ReachHeaven","Halt","Swivel"],"picked":"SKIP","floor":21.0},{"not_picked":["Tantrum+1","EmptyBody","FollowUp+1","Protect","FlurryOfBlows+1"],"picked":"SKIP","floor":23.0},{"not_picked":["WaveOfTheHand","Study","Halt","MostiFishMod:StarHerder","BowlingBash+1"],"picked":"SKIP","floor":25.0},{"not_picked":["MostiFishMod:ScryFuture","Crescendo","Consecrate+1","CutThroughFate+1","ReachHeaven+1"],"picked":"SKIP","floor":27},{"not_picked":["PrismaMod:IllyaMinorZwei","Clash+1","PrismaMod:MiyuCarnivalAttack+1","Pummel+1","DifficultSpell"],"picked":"SKIP","floor":31},{"not_picked":["UniverseChoice_purple","PrismaMod:ChloeCarnivalAOEAttack+1","testmod-Wormhole","WasteWire_Metro_purple+1"],"picked":"MostiFishMod:Wind","floor":33},{"not_picked":["Streamline+1","ClearTheMind","PrismaMod:MiyuAttackChannelWeak+1","Underhanded Strike+1","Sucker Punch+1"],"picked":"SKIP","floor":35},{"not_picked":["Blizzard+1","Clothesline+1","StateDuplicate_purple","Blade Dance"],"picked":"FearNoEvil+1","floor":36},{"not_picked":["testmod-LifeRuler","Mirror_FormAndEmptin_purple+1","PrismaMod:IllyaBerserCAR+1","MokouMod:Ember+1","Sentinel"],"picked":"SKIP","floor":37},{"not_picked":["PrismaMod:MiyuCheapStrBuff","FollowUp+1","MostiFishMod:FrostNova","DifficultSpell","Bouncing Flask+1"],"picked":"SKIP","floor":38},{"not_picked":["MonsterNeedle_purple+1","SashWhip+1","LibraryManager+1","testmod-Reflect","Reinforced Body"],"picked":"SKIP","floor":39},{"not_picked":["BookScan","Cleave+1","MokouMod:Trailblazer","Fusion","Protect"],"picked":"SKIP","floor":40},{"not_picked":["Footwork","Evaluate","PrismaMod:IllyaRussianRoulette","SashWhip+1","RealityDreamConfluencek_purple+1"],"picked":"SKIP","floor":41},{"not_picked":["PrismaMod:MiyuEvokeBuffStr","Turbo","testmod-DeathImprint+1","Halt+1","MokouMod:CrimsonFlare+1"],"picked":"SKIP","floor":42},{"not_picked":["PrismaMod:MiyuUncommonDefend+1","True Grit+1","Whirlwind+1","Deep Breath+1"],"picked":"Master of Strategy+1","floor":45},{"not_picked":["Collect+1","PrismaMod:ChloeGaeBolg+1","Streamline+1","Anger+1"],"picked":"Creative AI+1","floor":47},{"not_picked":["Heel Hook+1","DragonMage+1","Realm_recovery_purpleEX+1","Perseverance+1","Melter+1"],"picked":"SKIP","floor":55}],"player_experience":1534817,"relics_obtained":[{"floor":1.0,"key":"SynthV:TestCard"},{"floor":6.0,"key":"Bag of Preparation"},{"floor":8.0,"key":"Matryoshka"},{"floor":9.0,"key":"Omamori"},{"floor":9.0,"key":"testmod-Hope"},{"floor":10.0,"key":"MealTicket"},{"floor":23.0,"key":"Molten Egg 2"},{"floor":25.0,"key":"Ornamental Fan"},{"floor":26,"key":"MawBank"},{"floor":27,"key":"Bottled Flame"},{"floor":31,"key":"Oddly Smooth Stone"},{"floor":40,"key":"testmod-BlackFramedGlasses"},{"floor":43,"key":"Toy Ornithopter"},{"floor":45,"key":"Toxic Egg 2"},{"floor":47,"key":"Frozen Egg 2"},{"floor":48,"key":"Bottled Lightning"},{"floor":55,"key":"Happy Flower"}],"event_choices":[{"damage_healed":0.0,"max_hp_gain":0.0,"max_hp_loss":0.0,"gold_gain":0.0,"event_name":"Accursed Blacksmith","player_choice":"Rummage","floor":2.0,"gold_loss":0.0,"damage_taken":0.0,"relics_obtained":["WarpedTongs"],"cards_obtained":["Pain"]},{"cards_removed":["Pain"],"damage_healed":0.0,"max_hp_gain":0.0,"max_hp_loss":0.0,"gold_gain":0.0,"event_name":"The Cleric","player_choice":"Card Removal","floor":11.0,"gold_loss":75.0,"damage_taken":0.0},{"damage_healed":0.0,"max_hp_gain":0.0,"max_hp_loss":0.0,"gold_gain":0.0,"event_name":"Shining Light","player_choice":"Entered Light","floor":14.0,"gold_loss":0.0,"damage_taken":23.0,"cards_upgraded":["Defend_P","Vault"]},{"damage_healed":0.0,"max_hp_gain":0.0,"max_hp_loss":0.0,"gold_gain":275.0,"event_name":"Golden Shrine","player_choice":"Desecrate","floor":22.0,"gold_loss":0.0,"damage_taken":0.0,"cards_obtained":["Regret"]},{"damage_healed":0,"gold_gain":900,"player_choice":"GOLD GOLD GOLD GOLD GOLD GOLD GOLD GOLD GOLD GOLD ","damage_taken":111,"max_hp_gain":0,"max_hp_loss":0,"event_name":"Knowing Skull","floor":30,"potions_obtained":[],"gold_loss":0,"cards_obtained":[]},{"damage_healed":0,"gold_gain":400,"player_choice":"Sell","damage_taken":0,"max_hp_gain":0,"max_hp_loss":0,"event_name":"恩洛斯的盘子","floor":44,"relics_lost":["DaveBox"],"gold_loss":0}],"is_beta":false,"boss_relics":[{"not_picked":["BloodWine","Ectoplasm"],"picked":"Fusion Hammer"},{"not_picked":["Snecko Eye","testmod-CardMagician"],"picked":"VioletLotus"}],"items_purged_floors":[54],"is_endless":false,"potions_floor_spawned":[1,3,8,10,18,19,31,35,40,45,47],"ascension_level":20}}