{"host":"7t8rqoeeopyy0nh0","time":1613301265,"event":{"mods":["AchievementEnabler","Aspiration","BaseMod","Better Third Choice","BetterRewards","Colored Map","Colored Powertips","Conspire","Hubris","Minty Spire (QoL Compilation)","Permanent Neow","Quick Restart","Rare Cards Sparkle","Replay The Spire","StSLib"],"gold_per_floor":[118,136,148,148,162,162,162,162],"floor_reached":7,"language":"ENG","playtime":219,"items_purged":[],"score":73,"play_id":"2caf136e-db89-46d2-b0e1-c2be81db76cf","local_time":"20210214061425","is_ascension_mode":true,"campfire_choices":[{"data":"Dramatic Entrance","floor":6,"key":"SMITH"}],"circlet_count":0,"master_deck":["AscendersBane","Strike_G","Strike_G","Strike_G","Strike_G","Defend_G","Defend_G","Defend_G","Defend_G","Defend_G","Survivor","Neutralize","Deflect+1","Poisoned Stab","Deadly Poison","Dramatic Entrance+1","Flying Knee","Cleave"],"relics":["Ring of the Snake","Calipers","Mango","PrismaticShard"],"acts_visited":["Exordium"],"potions_floor_usage":[],"damage_taken":[{"damage":0,"enemies":"Jaw Worm","floor":1,"turns":4},{"damage":0,"enemies":"conspire:RoseBush","floor":2,"turns":3},{"damage":0,"enemies":"Small Slimes","floor":3,"turns":2},{"damage":4,"enemies":"2 Fungi Beasts","floor":5,"turns":4},{"damage":38,"enemies":"3 Sentries","floor":7,"turns":6}],"seed_played":"8720709635978490998","potions_obtained":[],"is_trial":false,"path_per_floor":["M","M","M","?","M","R","E"],"character_chosen":"THE_SILENT","items_purchased":["Calipers","Deflect+1","Poisoned Stab","PrismaticShard"],"campfire_rested":0,"item_purchase_floors":[0,0,0,0],"current_hp_per_floor":[42,42,42,42,38,38,0,0],"gold":162,"neow_bonus":"","is_daily":false,"chose_seed":false,"campfire_upgraded":1,"win_rate":0.0,"timestamp":1613301265,"path_taken":["M","M","M","?","M","R","E"],"items_purchased_type":["Relic","Card","Card","Relic"],"build_version":"2020-12-22","purchased_purges":0,"victory":false,"max_hp_per_floor":[80,80,80,80,80,80,80,80],"card_choices":[{"not_picked":["Barrage","PiercingWail"],"picked":"Deadly Poison","floor":1},{"not_picked":["Tempest","ReplayTheSpireMod:Repulse"],"picked":"Dramatic Entrance","floor":2},{"not_picked":["Armaments","Whirlwind"],"picked":"Flying Knee","floor":3},{"not_picked":["ReplaySort","Deflect"],"picked":"Cleave","floor":5}],"player_experience":411601,"relics_obtained":[],"event_choices":[{"cards_removed":["Strike_G"],"damage_healed":0,"gold_gain":0,"player_choice":"Offered Basic","damage_taken":0,"max_hp_gain":0,"max_hp_loss":0,"event_name":"Bonfire Elementals","floor":4,"gold_loss":0}],"is_beta":false,"boss_relics":[],"items_purged_floors":[],"is_endless":false,"potions_floor_spawned":[],"killed_by":"3 Sentries","ascension_level":14}}