{"host":"8e3sp1tozjyrh64l","time":1613342327,"event":{"mods":["Act Like it!","Aspiration","BaseMod","Better Altar","Better Match","Better Note","Better Sensory Stone","Better Silent Start","Better Skull","Better Third Choice","BetterRewards","Conspire","Curses Come First","Defuse TimeMaze Blight","Infinite Spire","Minty Spire (QoL Compilation)","Permanent Neow","Rare Cards Sparkle","Relic Sorter","Reliquary","Replay The Spire","Shop Mod","Spicy Shops","StSLib","SuperFastMode","The Jungle","Wandering Minibosses"],"gold_per_floor":[117,128,128,303,346,346,372,382,382,408,408,102,102,114,168,273,273,287,287,212,231,231,231,262,262,262,262,262,44,64,64,64,168,168,185,199,199,213,223,248,258,57,57,89,104,104,117,132,132,132,132],"floor_reached":50,"language":"ENG","playtime":1547,"items_purged":["Doubt","Shame"],"score":734,"play_id":"4b83ebff-e9e7-4323-9bef-a091807f4477","local_time":"20210214153847","is_ascension_mode":true,"campfire_choices":[{"data":"Dramatic Entrance","floor":6,"key":"SMITH"},{"data":"Accuracy","floor":11,"key":"SMITH"},{"floor":13,"key":"REST"},{"data":"Replay:Bag of Tricks","floor":23,"key":"SMITH"},{"data":"Burst","floor":28,"key":"SMITH"},{"data":"Cloak And Dagger","floor":32,"key":"SMITH"},{"data":"Creative AI","floor":49,"key":"SMITH"}],"circlet_count":0,"master_deck":["Strike_G+1","Strike_G+1","Strike_G","Defend_G","Defend_G+1","Defend_G","Survivor","Neutralize","Dramatic Entrance+1","Blade Dance","Accuracy+1","Cloak And Dagger+1","Replay:Bag of Tricks+1","Hidden Blade","Burst+1","Blade Dance+1","Swift Strike+1","infinitespire:NeuralNetwork+1","Envenom","Static Discharge+1","BootSequence+1","Bane","Amplify","Creative AI+1","Sadistic Nature","Creative AI","Catalyst+1","Calculated Gamble+1"],"relics":["Sizzling Blood","infinitespire:EmpoweringShard","Bag of Marbles","infinitespire:CheckeredPen","Lantern","ClockworkSouvenir","Gremlin Food","aspiration:DefectSkillbook","aspiration:Stellarator","Replay:Ringing Soul","theJungle:PaperFaux","Membership Card","MerchantsRug","aspiration:HummingbirdHeart","theJungle:BirthdayCake","conspire:SlowCooker","aspiration:PoetsPen_weak","Replay:Rubber Ducky","Snack Pack","PreservedInsect","reliquary:IridiumChain","DollysMirror","Ornamental Fan","Simple Rune","Coffee Dripper","BranchBurnRelic"],"acts_visited":["Exordium","Exordium","TheBeyond"],"potions_floor_usage":[7,24],"damage_taken":[{"damage":0,"enemies":"Small Slimes","floor":1,"turns":3},{"damage":0,"enemies":"Jaw Worm","floor":2,"turns":2},{"damage":25,"enemies":"conspire:MimicChest","floor":5,"turns":7},{"damage":14,"enemies":"3 Sentries","floor":7,"turns":7},{"damage":0,"enemies":"2 Louse","floor":8,"turns":1},{"damage":0,"enemies":"Replay:BlueRogue","floor":10,"turns":4},{"damage":0,"enemies":"Exordium Wildlife","floor":14,"turns":2},{"damage":22,"enemies":"Slime Boss","floor":16,"turns":5},{"damage":6,"enemies":"theJungle:MUSHROOMGANG","floor":18,"turns":2},{"damage":0,"enemies":"theJungle:Flameango_and_Byrd","floor":21,"turns":2},{"damage":1,"enemies":"Nightmare","floor":24,"turns":4},{"damage":0,"enemies":"theJungle:2_Snecko_Cultists","floor":30,"turns":2},{"damage":14,"enemies":"theJungle:TotemBoss","floor":33,"turns":4},{"damage":5,"enemies":"3 Shapes","floor":35,"turns":2},{"damage":3,"enemies":"3 Darklings","floor":36,"turns":2},{"damage":0,"enemies":"Jaw Worm Horde","floor":38,"turns":2},{"damage":6,"enemies":"Maw","floor":39,"turns":4},{"damage":31,"enemies":"Nightmare","floor":40,"turns":4},{"damage":0,"enemies":"Spire Growth","floor":41,"turns":3},{"damage":0,"enemies":"Reptomancer","floor":44,"turns":3},{"damage":0,"enemies":"3 Darklings","floor":45,"turns":2},{"damage":0,"enemies":"Sphere and 2 Shapes","floor":47,"turns":1},{"damage":0,"enemies":"4 Shapes","floor":48,"turns":1},{"damage":0,"enemies":"Time Eater","floor":50,"turns":1}],"seed_played":"-5270280969757783166","potions_obtained":[{"floor":1,"key":"PowerPotion"},{"floor":7,"key":"Elixir"},{"floor":8,"key":"Adrenaline Potion"},{"floor":24,"key":"Swift Potion"},{"floor":38,"key":"Elixir"},{"floor":39,"key":"Languid Potion"},{"floor":40,"key":"PowerPotion"},{"floor":44,"key":"SmokeBomb"},{"floor":47,"key":"Venom Potion"}],"is_trial":false,"path_per_floor":["M","M","?","?","?","R","E","M","T","E","R","$","R","M","R","B",null,"M","AVR","?","M","?","R","NM","?","T","?","R","$","M","?","R","B",null,"M","M","?","M","M","NM","M","$","T","E","M","AVR","M","M","R","B"],"character_chosen":"THE_SILENT","items_purchased":["ClockworkSouvenir","Gremlin Food","Membership Card","MerchantsRug","aspiration:HummingbirdHeart","Sadistic Nature","Snack Pack","PreservedInsect","reliquary:IridiumChain","DollysMirror"],"campfire_rested":1,"item_purchase_floors":[12,12,29,29,29,42,42,42,42,42],"current_hp_per_floor":[70,70,74,74,53,53,43,47,47,51,51,51,73,74,74,56,74,72,72,72,74,74,74,77,77,77,80,80,80,80,100,100,93,103,105,109,112,115,113,89,93,96,96,109,117,117,124,127,127,127,127],"gold":132,"neow_bonus":"RANDOM_COLORLESS","is_daily":false,"chose_seed":false,"campfire_upgraded":6,"win_rate":0.0,"timestamp":1613342327,"path_taken":["M","M","?","?","?","R","E","M","T","E","R","$","R","M","R","BOSS","M","AVR","?","M","?","R","NM","?","T","?","R","$","?","?","R","BOSS","M","M","?","M","M","NM","M","$","T","E","M","AVR","?","M","R","BOSS"],"items_purchased_type":["Relic","Relic","Relic","Relic","Relic","Card","Relic","Relic","Relic","Relic"],"build_version":"2020-12-22","purchased_purges":2,"victory":false,"max_hp_per_floor":[70,70,74,74,74,74,74,74,74,74,74,74,74,74,74,74,74,74,74,74,74,74,74,77,77,77,80,80,80,80,100,100,103,103,106,109,112,115,115,118,118,121,121,124,124,124,124,127,127,127,127],"card_choices":[{"not_picked":["PanicButton","Replay:Bootleg Shield Generator"],"picked":"Dramatic Entrance","floor":0},{"not_picked":["PiercingWail","conspire:DoublingDagger"],"picked":"Blade Dance","floor":1},{"not_picked":["Blur","Acrobatics"],"picked":"Accuracy","floor":2},{"not_picked":["Prepared","Burst"],"picked":"Cloak And Dagger","floor":5},{"not_picked":["Deadly Poison","Quick Slash","conspire:PoisonWeapons"],"picked":"SKIP","floor":7},{"not_picked":["Backflip","Flying Knee","Outmaneuver"],"picked":"SKIP","floor":8},{"not_picked":["Underhanded Strike","Replay:Bag of Tricks","Escape Plan"],"picked":"SKIP","floor":10},{"not_picked":["Underhanded Strike","Escape Plan"],"picked":"Replay:Bag of Tricks","floor":10},{"not_picked":["PiercingWail","Poisoned Stab"],"picked":"Hidden Blade","floor":14},{"not_picked":["Atom Bomb","Malaise"],"picked":"Burst","floor":16},{"not_picked":["Dagger Spray+1","Poisoned Stab","Sneak Up+1"],"picked":"Blade Dance+1","floor":18},{"not_picked":["Finesse+1","Replay:Sssssssssshield+1","Mind Blast+1"],"picked":"Swift Strike+1","floor":20},{"not_picked":["Steam+1","Heatsinks","Reinforced Body","Beam Cell"],"picked":"SKIP","floor":21},{"not_picked":["Replay:Fractal Strike","infinitespire:Menacing"],"picked":"infinitespire:NeuralNetwork","floor":24},{"not_picked":["Rebound","Steam Power","Bane","Barrage"],"picked":"SKIP","floor":24},{"not_picked":["Streamline","Crystallizer","Barrage+1","Quick Slash+1"],"picked":"SKIP","floor":30},{"not_picked":["Rainbow","Machine Learning","Fission"],"picked":"Envenom","floor":33},{"not_picked":["Genetic Algorithm","Cloak And Dagger+1","Sucker Punch+1"],"picked":"Static Discharge+1","floor":35},{"not_picked":["Stack+1","Escape Plan+1","Flying Knee+1"],"picked":"BootSequence+1","floor":36},{"not_picked":["ReplayTheSpireMod:The Works","Bouncing Flask","Stack+1"],"picked":"Amplify","floor":38},{"not_picked":["conspire:Rain","Streamline","Backflip","Setup"],"picked":"SKIP","floor":39},{"not_picked":["conspire:Rain","Streamline","Backflip","Setup"],"picked":"SKIP","floor":39},{"not_picked":["Heel Hook+1","PiercingWail","Flechettes"],"picked":"Creative AI","floor":40},{"not_picked":["Hologram","ReplayTheSpireMod:Calculation Training","Hello World+1","Leap+1"],"picked":"SKIP","floor":41},{"not_picked":["Force Field","Sucker Punch+1","Doom and Gloom"],"picked":"Catalyst+1","floor":44},{"not_picked":["Panic Button+1","PiercingWail+1","Eviscerate+1","Consume"],"picked":"SKIP","floor":45},{"not_picked":["Sweeping Beam","Steam Power","Deflect+1","Flying Knee"],"picked":"SKIP","floor":47},{"not_picked":["ReplayTheSpireMod:Shiv Toss+1","Barrage","Escape Plan+1"],"picked":"Calculated Gamble+1","floor":48}],"player_experience":933979,"relics_obtained":[{"floor":5,"key":"infinitespire:EmpoweringShard"},{"floor":7,"key":"Bag of Marbles"},{"floor":9,"key":"infinitespire:CheckeredPen"},{"floor":10,"key":"Lantern"},{"floor":24,"key":"Replay:Ringing Soul"},{"floor":26,"key":"Meat on the Bone"},{"floor":40,"key":"Replay:Rubber Ducky"},{"floor":43,"key":"Ornamental Fan"},{"floor":44,"key":"Simple Rune"}],"event_choices":[{"damage_healed":0,"gold_gain":175,"player_choice":"AGREE","damage_taken":128,"max_hp_gain":0,"max_hp_loss":0,"event_name":"betterThird:BetterSerpent","floor":4,"gold_loss":0},{"damage_healed":0,"gold_gain":0,"player_choice":"2","damage_taken":0,"max_hp_gain":0,"max_hp_loss":0,"event_name":"betterMatch:BetterMatch","floor":20,"gold_loss":0,"cards_obtained":["betterMatch:ColorlessUncommonCard"]},{"cards_removed":["Strike_G"],"damage_healed":0,"gold_gain":0,"player_choice":"Offered Basic","damage_taken":0,"max_hp_gain":0,"max_hp_loss":0,"event_name":"Bonfire Elementals","floor":22,"gold_loss":0},{"damage_healed":0,"gold_gain":0,"player_choice":"Forge","damage_taken":0,"max_hp_gain":0,"max_hp_loss":0,"event_name":"Accursed Blacksmith","floor":25,"gold_loss":0,"cards_upgraded":["infinitespire:NeuralNetwork"]},{"damage_healed":0,"gold_gain":0,"cards_transformed":["Defend_G"],"player_choice":"Transformed","damage_taken":0,"max_hp_gain":0,"max_hp_loss":0,"event_name":"Transmorgrifier","floor":37,"gold_loss":0,"cards_obtained":["Bane"]}],"is_beta":false,"boss_relics":[{"not_picked":["Philosopher\u0027s Stone","Replay:Drink Me"],"picked":"aspiration:DefectSkillbook"},{"not_picked":["infinitespire:Cupcake","Velvet Choker"],"picked":"Replay:Grab Bag"},{"not_picked":["conspire:RoyalGoblet","Replay:Fungal Core"],"picked":"Replay:Bronze Core"},{"not_picked":["conspire:SeveredTorchhead","reliquary:WritOfMandamus"],"picked":"conspire:SlowCooker"},{"not_picked":["aspiration:RitualDagger","aspiration:RunicSpoon"],"picked":"aspiration:PoetsPen_weak"}],"items_purged_floors":[19,29],"is_endless":true,"potions_floor_spawned":[1,7,8,24,38,39,40,44,47],"killed_by":"Time Eater","ascension_level":1}}