{"host":"qgrlfjrqk9z96gfi","time":1613273213,"event":{"mods":["BaseMod","Block Reminder","Colored Map","Custom Start","DeckTracker","Minty Spire (QoL Compilation)"],"gold_per_floor":[109,109,109,129,129,163,163,196,196,209,209,228,263,6,6,84,84,98,98,98,108,21,21,38,38,38,71,84,99,99,109,109,109,109],"floor_reached":33,"language":"ENG","playtime":982,"items_purged":["Strike_G"],"score":620,"play_id":"d5e5183b-9a09-4b6a-8512-f2afd84f7d8b","local_time":"20210213172653","is_ascension_mode":true,"campfire_choices":[{"data":"Neutralize","floor":7,"key":"SMITH"},{"data":"Burst","floor":11,"key":"SMITH"},{"data":"Accuracy","floor":15,"key":"SMITH"},{"data":"Crippling Poison","floor":23,"key":"SMITH"},{"floor":25,"key":"REST"},{"floor":32,"key":"REST"}],"circlet_count":0,"master_deck":["AscendersBane","Strike_G","Strike_G","Strike_G+1","Defend_G","Defend_G","Defend_G+1","Defend_G","Defend_G","Survivor","Neutralize+1","Dagger Spray","Blade Dance","Flying Knee","Burst+1","Blade Dance","Infinite Blades","Skewer","Accuracy+1","Die Die Die","Concentrate+1","Crippling Poison+1","Cloak And Dagger+1","Reflex+1","Backflip","Crippling Poison+1","Dodge and Roll+1"],"relics":["Ring of the Snake","NeowsBlessing","Paper Crane","Regal Pillow","Strawberry","Eternal Feather","Sozu","Unceasing Top","MutagenicStrength","Pocketwatch","Happy Flower"],"acts_visited":["Exordium","TheCity"],"potions_floor_usage":[8,13,13,16,18],"damage_taken":[{"damage":0,"enemies":"Jaw Worm","floor":1,"turns":1},{"damage":0,"enemies":"Small Slimes","floor":4,"turns":1},{"damage":0,"enemies":"3 Sentries","floor":6,"turns":1},{"damage":22,"enemies":"Lagavulin","floor":8,"turns":7},{"damage":0,"enemies":"Cultist","floor":10,"turns":3},{"damage":0,"enemies":"Red Slaver","floor":12,"turns":3},{"damage":4,"enemies":"Gremlin Nob","floor":13,"turns":3},{"damage":15,"enemies":"The Guardian","floor":16,"turns":8},{"damage":17,"enemies":"Spheric Guardian","floor":18,"turns":4},{"damage":7,"enemies":"2 Thieves","floor":21,"turns":4},{"damage":29,"enemies":"Snake Plant","floor":24,"turns":5},{"damage":19,"enemies":"Slavers","floor":27,"turns":4},{"damage":2,"enemies":"Cultist and Chosen","floor":28,"turns":4},{"damage":26,"enemies":"Chosen and Byrds","floor":29,"turns":6},{"damage":0,"enemies":"3 Cultists","floor":31,"turns":4},{"damage":64,"enemies":"Collector","floor":33,"turns":8}],"seed_played":"-4750361540931993587","potions_obtained":[{"floor":4,"key":"Strength Potion"},{"floor":8,"key":"CunningPotion"},{"floor":12,"key":"DistilledChaos"},{"floor":16,"key":"SpeedPotion"}],"is_trial":false,"path_per_floor":["M","?","?","M","?","E","R","E","T","M","R","M","E","$","R","B",null,"M","T","?","M","$","R","M","R","T","E","M","M","?","M","R","B"],"character_chosen":"THE_SILENT","items_purchased":["Accuracy","CultistPotion","Crippling Poison"],"campfire_rested":2,"item_purchase_floors":[14,14,22],"current_hp_per_floor":[59,39,61,61,54,54,54,32,39,39,39,39,35,35,44,29,62,45,45,45,38,38,50,21,69,69,50,48,22,12,12,63,0,0],"gold":109,"neow_bonus":"THREE_ENEMY_KILL","is_daily":false,"chose_seed":false,"campfire_upgraded":4,"win_rate":0.0,"timestamp":1613273213,"path_taken":["M","?","?","M","?","E","R","E","T","?","R","M","E","?","R","BOSS","M","?","?","M","$","R","M","R","T","E","M","M","?","M","R","BOSS"],"items_purchased_type":["Card","Potion","Card"],"build_version":"2020-12-22","purchased_purges":1,"victory":false,"max_hp_per_floor":[66,66,66,66,66,66,66,66,73,73,73,73,73,73,73,73,73,73,73,73,73,73,73,73,73,73,73,73,73,73,73,73,73,73],"card_choices":[{"not_picked":["Distraction","Calculated Gamble"],"picked":"Dagger Spray","floor":1},{"not_picked":["Choke","Dagger Spray"],"picked":"Blade Dance","floor":4},{"not_picked":["Well Laid Plans","Acrobatics"],"picked":"Flying Knee","floor":6},{"not_picked":["Masterful Stab","Poisoned Stab"],"picked":"Burst","floor":8},{"not_picked":["Deadly Poison","Dagger Throw"],"picked":"Blade Dance","floor":10},{"not_picked":["Reflex","Expertise"],"picked":"Infinite Blades","floor":12},{"not_picked":["Unload","Setup"],"picked":"Skewer","floor":13},{"not_picked":["Burst","Venomology"],"picked":"Die Die Die","floor":16},{"not_picked":["All Out Attack","Outmaneuver","Skewer+1"],"picked":"SKIP","floor":18},{"not_picked":["Flying Knee","Slice"],"picked":"Concentrate+1","floor":21},{"not_picked":["Acrobatics","Deflect"],"picked":"Cloak And Dagger+1","floor":24},{"not_picked":["Escape Plan","Setup+1"],"picked":"Reflex+1","floor":27},{"not_picked":["Bullet Time","Underhanded Strike"],"picked":"Backflip","floor":28},{"not_picked":["Masterful Stab","Reflex"],"picked":"Crippling Poison+1","floor":29},{"not_picked":["Blade Dance","Underhanded Strike"],"picked":"Dodge and Roll+1","floor":31}],"player_experience":1138612,"relics_obtained":[{"floor":6,"key":"Paper Crane"},{"floor":8,"key":"Regal Pillow"},{"floor":9,"key":"Strawberry"},{"floor":13,"key":"Eternal Feather"},{"floor":19,"key":"Unceasing Top"},{"floor":26,"key":"Pocketwatch"},{"floor":27,"key":"Happy Flower"}],"event_choices":[{"damage_healed":0,"gold_gain":0,"player_choice":"Entered Light","damage_taken":20,"max_hp_gain":0,"max_hp_loss":0,"event_name":"Shining Light","floor":2,"gold_loss":0,"cards_upgraded":["Strike_G","Defend_G"]},{"damage_healed":22,"gold_gain":0,"player_choice":"Banana","damage_taken":0,"max_hp_gain":0,"max_hp_loss":0,"event_name":"Big Fish","floor":3,"gold_loss":0},{"cards_removed":["Strike_G"],"damage_healed":0,"gold_gain":0,"player_choice":"Card Removal","damage_taken":7,"max_hp_gain":0,"max_hp_loss":0,"event_name":"Golden Wing","floor":5,"gold_loss":0},{"damage_healed":0,"gold_gain":0,"player_choice":"Inject Mutagens","damage_taken":0,"relics_obtained":["MutagenicStrength"],"max_hp_gain":0,"max_hp_loss":0,"event_name":"Drug Dealer","floor":20,"gold_loss":0},{"damage_healed":0,"gold_gain":0,"player_choice":"Damaged","damage_taken":10,"max_hp_gain":0,"max_hp_loss":0,"event_name":"Wheel of Change","floor":30,"gold_loss":0}],"is_beta":false,"boss_relics":[{"not_picked":["Ectoplasm","Calling Bell"],"picked":"Sozu"}],"items_purged_floors":[14],"is_endless":false,"potions_floor_spawned":[4,8,12,16,27,28,31],"killed_by":"Collector","ascension_level":20}}