{"host":"67z713vnjolu4670","time":1613305991,"event":{"mods":["Act Like it!","Arknights","BaseMod","BetterRewards","Colored Map","Colored Powertips","Downfall","Gensokyo","Koishi","Minty Spire (QoL Compilation)","Quick Restart","Rare Cards Sparkle","Replay The Spire","StSLib","The Jungle","[IsaacMod]ÒÔÈö¼âËþ"],"gold_per_floor":[112,112,129,159,169,169,1,1,46,65,78,19,19,19,19,19,19],"floor_reached":16,"language":"ZHS","playtime":1914,"items_purged":[],"score":142,"play_id":"a2ab7c78-fcda-4925-8c48-23b102eeb8ae","local_time":"20210214203311","is_ascension_mode":false,"campfire_choices":[{"data":"ats:Absolute Focus","floor":6,"key":"SMITH"},{"data":"ats:Beaten Up","floor":8,"key":"SMITH"},{"data":"ats:Emotion Absorption","floor":13,"key":"SMITH"},{"data":"ats:Phantom","floor":15,"key":"SMITH"}],"circlet_count":0,"master_deck":["ats:Strike C","ats:Strike G","ats:Strike S","ats:Strike V","ats:Armor Crushing Shot","ats:Defend","ats:Defend","ats:Defend","ats:Defend","ats:Emotion Absorption+1","BettingIsNotGood","ats:Apocalypse","ats:Apocalypse","ats:Phantom+1","ats:Steam Pump","ats:Beaten Up+1","ats:Shell Defense","ats:Absolute Focus+1","ats:Sashimi Platter","ats:Roar Of Ursus","ats:Dogmatic Field+1"],"relics":["ats:Sanity","HushsDoor","SteamSale","Lantern","Habit","Letter Opener","ats:Spiritual Recovery","ReplayTheSpireMod:Shallot","GuppysHead","Dream Catcher"],"acts_visited":["Exordium"],"potions_floor_usage":[16,16,16],"damage_taken":[{"damage":21,"enemies":"ats:Genji","floor":1,"turns":3},{"damage":13,"enemies":"Cultist","floor":3,"turns":5},{"damage":4,"enemies":"Jaw Worm","floor":4,"turns":5},{"damage":52,"enemies":"Exordium Thugs","floor":5,"turns":8},{"damage":8,"enemies":"Exordium Wildlife","floor":10,"turns":9},{"damage":0,"enemies":"Gremlin Gang","floor":11,"turns":5},{"damage":78,"enemies":"Slime Boss","floor":16,"turns":14}],"seed_played":"-1152456757155176571","potions_obtained":[{"floor":4,"key":"Elixir"},{"floor":5,"key":"Flashbang"},{"floor":11,"key":"Explosive Potion"}],"is_trial":false,"path_per_floor":["M","?","M","M","M","R","$","R","T","M","M","$","R","T","R","B"],"character_chosen":"DOCTOR_CLASS","items_purchased":["Lantern","Habit","Letter Opener","ats:Apocalypse","ats:Phantom","ats:Steam Pump","ats:Sashimi Platter","ReplayTheSpireMod:Shallot","ats:Dogmatic Field+1"],"campfire_rested":0,"item_purchase_floors":[0,0,0,0,0,0,7,7,12],"current_hp_per_floor":[58,55,50,58,17,17,17,17,17,40,61,61,61,61,61,38,38],"gold":19,"neow_bonus":"","is_daily":false,"chose_seed":false,"campfire_upgraded":4,"win_rate":0.0,"timestamp":1613305991,"path_taken":["M","?","M","M","?","R","?","R","T","M","M","?","R","?","R","BOSS"],"items_purchased_type":["Relic","Relic","Relic","Card","Card","Card","Card","Relic","Card"],"build_version":"2020-12-22","purchased_purges":0,"victory":false,"max_hp_per_floor":[72,72,72,72,72,72,72,72,72,72,72,72,72,72,72,72,72],"card_choices":[{"not_picked":[],"picked":"BettingIsNotGood","floor":0},{"not_picked":["ats:Explosion Area Strengthen","ats:Ignite","ats:Red Shift"],"picked":"SKIP","floor":1},{"not_picked":["ats:Explosion Area Strengthen","ats:Encircling Forest"],"picked":"ats:Beaten Up","floor":3},{"not_picked":["ats:Revitalization","ats:Flame Of Heaven"],"picked":"ats:Shell Defense","floor":4},{"not_picked":["ats:Very Hot Blade","ats:Shell Defense"],"picked":"ats:Absolute Focus","floor":5},{"not_picked":["ats:Powerful Strike","ats:Poison Spread"],"picked":"ats:Roar Of Ursus","floor":10},{"not_picked":["ats:Serious Mode","ats:LN2 Cannon","ats:Poison Spread"],"picked":"SKIP","floor":11}],"player_experience":19863,"relics_obtained":[{"floor":9,"key":"GuppysHead"},{"floor":14,"key":"Dream Catcher"}],"event_choices":[{"damage_healed":0,"gold_gain":0,"player_choice":"Success","damage_taken":3,"relics_obtained":["ats:Spiritual Recovery"],"max_hp_gain":0,"max_hp_loss":0,"event_name":"Scrap Ooze","floor":2,"gold_loss":0}],"is_beta":false,"boss_relics":[],"items_purged_floors":[],"is_endless":false,"potions_floor_spawned":[4,5,11],"killed_by":"Slime Boss","ascension_level":0}}