{"host":"xsfbp1yx1f2ea5z7","time":1613296956,"event":{"mods":["100% Spire Juice","AchievementEnabler","Act Like it!","Bard","BaseMod","Beaked The Cultist","Better Altar","Better Match","Better Note","Better Sensory Stone","Better Skull","Better Third Choice","BetterRewards","Block Reminder","ChefMod","Colored Map","Colored Powertips","Conspire","DeckTracker","Downfall","GifTheSpireLib","GungeonMod","Halation","Hermit","Hubris","Infinite Spire","Jedi Mod","Jorbs\u0027s Wanderer Trilogy","Marked Mod","Mimic Mod","Minty Spire (QoL Compilation)","Replay The Spire","Robot Space Explorer","Shade Mod","Spicy Shops","StSLib","The Blackbeard","The Cursed","The Hierophant","The Judge","The Jungle","The Marked","The Mystic","The Runesmith","TheBandit","Unceasing Turn Reminder","Wandering Minibosses","everything is the same but u backflip on backflip"],"gold_per_floor":[110,136,16,16,16,42,52,68,68,78,94,119,119,130,10,10,10],"floor_reached":16,"language":"ENG","playtime":572,"items_purged":[],"score":137,"play_id":"d73738dd-ba7d-46b0-97a3-138f82a248c1","local_time":"20210214180236","is_ascension_mode":false,"campfire_choices":[{"data":"1","floor":15,"key":"LIFT"}],"circlet_count":0,"master_deck":["Moonworks:Strike","Moonworks:Strike","Moonworks:Strike","Moonworks:Strike","Moonworks:Defend","Moonworks:Defend","Moonworks:Defend","Moonworks:Defend","Moonworks:Ambush","Moonworks:LongDistanceShot","Moonworks:LulusLuckyEgg","Moonworks:EvilSpyWorkPreparation","Regret","Moonworks:BackdoorTrade","Moonworks:EvilSpyWorkPreparation","Moonworks:Dinner","Moonworks:ReflectiveShell","Moonworks:NicePresent","Moonworks:EvilSpyWorkPreparation"],"relics":["Moonworks:BrokenBomb","Moonworks:Homemark","NeowsBlessing","Happy Flower","Girya","jedi:cryingmask","halation:VictoryRuler","DemoMod:Relodestone","DemoMod:GlassGuonStoneRelic"],"acts_visited":["Exordium"],"potions_floor_usage":[10,11],"damage_taken":[{"damage":0,"enemies":"Cultist","floor":1,"turns":1},{"damage":0,"enemies":"conspire:MimicChest","floor":2,"turns":1},{"damage":0,"enemies":"Lagavulin","floor":6,"turns":1},{"damage":1,"enemies":"2 Louse","floor":7,"turns":3},{"damage":14,"enemies":"conspire:RoseBush","floor":8,"turns":3},{"damage":3,"enemies":"Blue Slaver","floor":10,"turns":2},{"damage":2,"enemies":"2 Fungi Beasts","floor":11,"turns":3},{"damage":18,"enemies":"3 Sentries","floor":12,"turns":5},{"damage":10,"enemies":"Red Slaver","floor":14,"turns":4},{"damage":29,"enemies":"The Guardian","floor":16,"turns":5}],"seed_played":"6076296703542515975","potions_obtained":[{"floor":2,"key":"hexamod:SoulburnPotion"},{"floor":6,"key":"Explosive Potion"},{"floor":10,"key":"PowerPotion"},{"floor":14,"key":"DemoMod:LeadSkinPotion"}],"is_trial":false,"path_per_floor":["M","?","$","?","T","E","M","M","T","M","M","E","$","M","R","B"],"character_chosen":"THE_STARBREAKER","items_purchased":[],"campfire_rested":0,"item_purchase_floors":[],"current_hp_per_floor":[60,60,60,60,60,60,59,45,45,45,43,30,30,23,23,0,0],"gold":10,"neow_bonus":"THREE_ENEMY_KILL","is_daily":false,"chose_seed":false,"campfire_upgraded":0,"win_rate":0.0,"timestamp":1613296956,"path_taken":["M","?","$","?","?","E","M","M","T","M","M","E","$","M","R","BOSS"],"items_purchased_type":[],"build_version":"2020-12-22","purchased_purges":0,"victory":false,"max_hp_per_floor":[60,60,60,60,60,60,60,60,60,60,60,60,60,60,60,60,60],"card_choices":[{"not_picked":["Moonworks:SelfDestruct","Moonworks:BigMagnum"],"picked":"Moonworks:LulusLuckyEgg","floor":1},{"not_picked":["Moonworks:LulusLuckyEgg","Moonworks:BigMagnum"],"picked":"Moonworks:EvilSpyWorkPreparation","floor":2},{"not_picked":["Moonworks:Poppoformation","Moonworks:FinalSurgery"],"picked":"Moonworks:BackdoorTrade","floor":6},{"not_picked":["Moonworks:FullSpeedAlicianrone","Moonworks:IndiscriminateFireSupport"],"picked":"Moonworks:EvilSpyWorkPreparation","floor":7},{"not_picked":["Moonworks:CastOff","Moonworks:DeployBits"],"picked":"Moonworks:Dinner","floor":8},{"not_picked":["Moonworks:SakisCookie","Moonworks:ImmovableObject"],"picked":"Moonworks:ReflectiveShell","floor":10},{"not_picked":["Moonworks:EvilSpyWorkPreparation","Moonworks:UnpaidWork"],"picked":"Moonworks:NicePresent","floor":11},{"not_picked":["Moonworks:Assault","Moonworks:CastOff","Moonworks:SakisCookie"],"picked":"SKIP","floor":12},{"not_picked":["Moonworks:BindingChains","Moonworks:DevilHand"],"picked":"Moonworks:EvilSpyWorkPreparation","floor":14}],"player_experience":107904,"relics_obtained":[{"floor":2,"key":"Happy Flower"},{"floor":6,"key":"jedi:cryingmask"},{"floor":9,"key":"halation:VictoryRuler"},{"floor":12,"key":"DemoMod:Relodestone"}],"event_choices":[{"damage_healed":0,"gold_gain":0,"player_choice":"Box","damage_taken":0,"relics_obtained":["Girya"],"max_hp_gain":0,"max_hp_loss":0,"event_name":"Big Fish","floor":4,"gold_loss":0,"cards_obtained":["Regret"]}],"is_beta":false,"boss_relics":[],"items_purged_floors":[],"is_endless":false,"potions_floor_spawned":[2,6,10,14],"killed_by":"The Guardian","ascension_level":0}}