{"host":"8dytqszkx6ijebks","time":1613289646,"event":{"mods":["AchievementEnabler","BaseMod","Colored Map","DeckTracker","Keyboard Shortcuts","Minty Spire (QoL Compilation)","Permanent Neow","SuperFastMode","everything is the same but u backflip on backflip"],"gold_per_floor":[114,114,128,128,53,53,53,53,123,140,152,152,152,1,1,1,1],"floor_reached":16,"language":"KOR","playtime":558,"items_purged":["Strike_G"],"score":106,"play_id":"b69b6419-1156-4776-abd8-6f17aeb80515","local_time":"20210214170046","is_ascension_mode":true,"campfire_choices":[{"data":"Wraith Form v2","floor":6,"key":"SMITH"},{"floor":8,"key":"REST"},{"data":"Footwork","floor":12,"key":"SMITH"},{"data":"Backflip","floor":15,"key":"SMITH"}],"circlet_count":0,"master_deck":["Strike_G","Strike_G","Strike_G","Strike_G","Defend_G","Defend_G","Defend_G","Defend_G","Defend_G","Survivor","Neutralize","Wraith Form v2+1","Backflip+1","Footwork+1"],"relics":["Ring of the Snake","Incense Burner","Letter Opener","FaceOfCleric","TheAbacus"],"acts_visited":["Exordium"],"potions_floor_usage":[],"damage_taken":[{"damage":3,"enemies":"Cultist","floor":1,"turns":5},{"damage":4,"enemies":"2 Louse","floor":3,"turns":3},{"damage":4,"enemies":"Jaw Worm","floor":10,"turns":7},{"damage":3,"enemies":"Blue Slaver","floor":11,"turns":5},{"damage":40,"enemies":"Slime Boss","floor":16,"turns":17}],"seed_played":"3580050240343127118","potions_obtained":[{"floor":11,"key":"Explosive Potion"}],"is_trial":false,"path_per_floor":["M","?","M","?","$","R","$","R","T","M","M","R","?","$","R","B"],"character_chosen":"THE_SILENT","items_purchased":["TheAbacus"],"campfire_rested":1,"item_purchase_floors":[14],"current_hp_per_floor":[46,28,24,47,47,47,47,68,68,64,61,61,61,61,61,21,21],"gold":1,"neow_bonus":"THREE_RARE_CARDS","is_daily":false,"chose_seed":false,"campfire_upgraded":3,"win_rate":0.0,"timestamp":1613289646,"path_taken":["M","?","M","?","$","R","$","R","T","M","?","R","?","$","R","BOSS"],"items_purchased_type":["Relic"],"build_version":"2020-12-22","purchased_purges":1,"victory":false,"max_hp_per_floor":[70,70,70,70,70,70,70,70,70,70,70,70,70,70,70,70,70],"card_choices":[{"not_picked":["Night Terror","Storm of Steel"],"picked":"Wraith Form v2","floor":0},{"not_picked":["Underhanded Strike","Cloak And Dagger"],"picked":"Backflip","floor":1},{"not_picked":["Dagger Spray","Quick Slash","Expertise"],"picked":"SKIP","floor":3},{"not_picked":["Deflect","Dodge and Roll","Concentrate"],"picked":"SKIP","floor":10},{"not_picked":["Backflip","Dash"],"picked":"Footwork","floor":11}],"player_experience":265842,"relics_obtained":[{"floor":9,"key":"Letter Opener"}],"event_choices":[{"damage_healed":0,"gold_gain":0,"player_choice":"Success","damage_taken":18,"relics_obtained":["Incense Burner"],"max_hp_gain":0,"max_hp_loss":0,"event_name":"Scrap Ooze","floor":2,"gold_loss":0},{"damage_healed":23,"gold_gain":0,"player_choice":"Banana","damage_taken":0,"max_hp_gain":0,"max_hp_loss":0,"event_name":"Big Fish","floor":4,"gold_loss":0},{"damage_healed":0,"gold_gain":0,"player_choice":"Trade","damage_taken":0,"relics_obtained":["FaceOfCleric"],"max_hp_gain":0,"max_hp_loss":0,"event_name":"FaceTrader","floor":13,"gold_loss":0}],"is_beta":false,"boss_relics":[],"items_purged_floors":[5],"is_endless":false,"potions_floor_spawned":[11],"killed_by":"Slime Boss","ascension_level":4}}