{"host":"KYO","time":1613304104,"event":{"mods":["BaseMod","BetterRewards","Minty Spire (QoL Compilation)","Permanent Neow","Shop Mod","StSLib","SuperFastMode","TestMod","[IsaacMod]ÒÔÈö¼âËþ"],"gold_per_floor":[116,116,134,152,172,172,197,211,235,160,191,142,176,188,188,265,265,281,295,305,305,320,320,372,387,410,410,429,429,429,466,466,566,566,584,609,305,305,328,328,366,366,366,409,409,461,461,470,470,499,543,543,543,207,250,292],"floor_reached":57,"language":"ZHS","playtime":2940,"items_purged":["Defend_B","Pulse"],"score":3260,"play_id":"3f681246-aa83-430b-8fc3-5199f73df080","local_time":"20210214200144","is_ascension_mode":true,"campfire_choices":[{"data":"Zap","floor":6.0,"key":"SMITH"},{"data":"Defragment","floor":15.0,"key":"SMITH"},{"data":"Dualcast","floor":27.0,"key":"SMITH"},{"data":"Coolheaded","floor":30.0,"key":"SMITH"},{"data":"Electrodynamics","floor":32.0,"key":"SMITH"},{"data":"Coolheaded","floor":40,"key":"SMITH"},{"floor":42,"key":"RECALL"},{"data":"Fission","floor":45,"key":"SMITH"},{"data":"Core Surge","floor":49,"key":"SMITH"},{"floor":53,"key":"REST"}],"circlet_count":0,"master_deck":["AscendersBane","Zap+1","Dualcast+1","Coolheaded+1","Defragment+1","Electrodynamics+1","Coolheaded+1","Core Surge+1","Streamline+1","Fission+1","Fission+1"],"relics":["Cracked Core","HushsDoor","testmod-TestBox","GuppysHead","testmod-Mahjong","MerchantsRug","YumHeart","PreservedInsect","MoneyPower","Happy Flower","GuppysCollar","testmod-Acrobat","Akabeko","Red Mask","Inserter","SatanicBible","TheAbacus","Cables","Centennial Puzzle","MealTicket","Blood Vial","Meat on the Bone","CeramicFish","Medical Kit","testmod-BalancedPeriapt"],"acts_visited":["Exordium","TheCity","TheBeyond","TheEnding"],"potions_floor_usage":[56,56],"damage_taken":[{"damage":2.0,"enemies":"2 Louse","floor":1.0,"turns":3.0},{"damage":0.0,"enemies":"Small Slimes","floor":3.0,"turns":2.0},{"damage":2.0,"enemies":"Cultist","floor":4.0,"turns":3.0},{"damage":10.0,"enemies":"2 Fungi Beasts","floor":5.0,"turns":3.0},{"damage":2.0,"enemies":"Lagavulin","floor":7.0,"turns":5.0},{"damage":9.0,"enemies":"Red Slaver","floor":8.0,"turns":2.0},{"damage":5.0,"enemies":"Gremlin Nob","floor":11.0,"turns":3.0},{"damage":12.0,"enemies":"3 Sentries","floor":13.0,"turns":3.0},{"damage":0.0,"enemies":"Large Slime","floor":14.0,"turns":3.0},{"damage":0.0,"enemies":"Slime Boss","floor":16.0,"turns":4.0},{"damage":0.0,"enemies":"Chosen","floor":18.0,"turns":3.0},{"damage":8.0,"enemies":"Shell Parasite","floor":19.0,"turns":3.0},{"damage":0.0,"enemies":"Snecko","floor":20.0,"turns":4.0},{"damage":3.0,"enemies":"Chosen and Byrds","floor":22.0,"turns":5.0},{"damage":10.0,"enemies":"Book of Stabbing","floor":24.0,"turns":6.0},{"damage":0.0,"enemies":"3 Cultists","floor":25.0,"turns":3.0},{"damage":1.0,"enemies":"Snecko","floor":28.0,"turns":4.0},{"damage":0.0,"enemies":"Masked Bandits","floor":31.0,"turns":3.0},{"damage":6.0,"enemies":"Collector","floor":33.0,"turns":9.0},{"damage":0.0,"enemies":"Orb Walker","floor":35.0,"turns":2.0},{"damage":0.0,"enemies":"3 Darklings","floor":36.0,"turns":2.0},{"damage":12,"enemies":"Jaw Worm Horde","floor":39,"turns":2},{"damage":7,"enemies":"Nemesis","floor":41,"turns":3},{"damage":10,"enemies":"Reptomancer","floor":44,"turns":3},{"damage":0,"enemies":"Giant Head","floor":46,"turns":4},{"damage":0,"enemies":"Time Eater","floor":50,"turns":9},{"damage":0,"enemies":"Awakened One","floor":51,"turns":9},{"damage":0,"enemies":"Shield and Spear","floor":55,"turns":2},{"damage":41,"enemies":"The Heart","floor":56,"turns":8}],"seed_played":"1855209054121176989","potions_obtained":[{"floor":1.0,"key":"FocusPotion"},{"floor":5.0,"key":"Explosive Potion"},{"floor":11.0,"key":"LiquidBronze"},{"floor":13.0,"key":"Swift Potion"},{"floor":19.0,"key":"Swift Potion"},{"floor":24.0,"key":"Energy Potion"},{"floor":33.0,"key":"Block Potion"},{"floor":41,"key":"Energy Potion"}],"is_trial":false,"path_per_floor":["M","?","M","M","M","R","E","M","T","?","E","$","E","M","R","B",null,"M","M","M","$","M","?","E","M","T","R","M","?","R","?","R","B",null,"M","M","$","?","M","R","E","R","T","E","R","E","?","?","R","B","B",null,"R","$","E","B",null],"character_chosen":"DEFECT","items_purchased":["MerchantsRug","Coolheaded","GuppysCollar","SatanicBible","TheAbacus","Cables","Medical Kit","Ancient Potion"],"campfire_rested":1,"item_purchase_floors":[0,0,17,34,37,37,54,54],"current_hp_per_floor":[62,62,62,60,50,50,71,62,62,62,57,57,45,45,45,45,55,55,47,47,47,44,54,47,47,47,47,46,46,46,46,46,41,46,46,46,46,46,34,34,27,27,27,42,42,44,29,29,29,31,33,44,48,48,48,29],"gold":292,"neow_bonus":"","is_daily":false,"chose_seed":false,"campfire_upgraded":8,"win_rate":0.0,"timestamp":1613304104,"path_taken":["M","?","M","M","M","R","E","M","T","?","E","$","E","M","R","BOSS","M","?","M","$","M","?","E","?","T","R","?","?","R","?","R","BOSS","M","M","$","?","?","R","E","R","T","E","R","E","?","?","R","BOSS","BOSS","R","$","E","BOSS"],"items_purchased_type":["Relic","Card","Relic","Relic","Relic","Relic","Relic","Potion"],"build_version":"2020-12-18","purchased_purges":2,"victory":true,"max_hp_per_floor":[71,71,71,71,71,71,71,71,71,71,71,71,71,71,71,71,58,58,58,58,58,58,58,58,58,58,58,58,58,58,58,58,58,48,48,48,48,48,48,48,48,48,48,48,48,48,48,48,48,48,48,48,48,48,48,48],"card_choices":[{"not_picked":["Rebound","Compile Driver"],"picked":"Barrage","floor":1.0},{"not_picked":["Beam Cell","Reprogram","Chaos"],"picked":"SKIP","floor":3.0},{"not_picked":["Auto Shields","Barrage"],"picked":"Defragment","floor":4.0},{"not_picked":["Scrape","Beam Cell","Cold Snap"],"picked":"SKIP","floor":5.0},{"not_picked":["Sweeping Beam","Go for the Eyes","Distribution"],"picked":"SKIP","floor":7.0},{"not_picked":["Steam","Compile Driver","Turbo"],"picked":"SKIP","floor":8.0},{"not_picked":["Hologram","Scrape","Undo"],"picked":"SKIP","floor":11.0},{"not_picked":["Double Energy","Conserve Battery"],"picked":"Chill","floor":13.0},{"not_picked":["Distribution","Steam"],"picked":"Electrodynamics","floor":14.0},{"not_picked":["Steam","Go for the Eyes","Rebound"],"picked":"SKIP","floor":18.0},{"not_picked":["BootSequence","Turbo"],"picked":"Coolheaded","floor":19.0},{"not_picked":["Beam Cell","Undo","Sweeping Beam"],"picked":"SKIP","floor":20.0},{"not_picked":["Beam Cell","Sweeping Beam"],"picked":"Undo","floor":20.0},{"not_picked":["Coolheaded","Chaos"],"picked":"Conserve Battery","floor":22.0},{"not_picked":["Steam","Meteor Strike"],"picked":"Sweeping Beam","floor":24.0},{"not_picked":["Steam","Stack"],"picked":"Streamline","floor":25.0},{"not_picked":["Leap","Barrage"],"picked":"Hologram","floor":28.0},{"not_picked":["Consume","Hologram"],"picked":"Undo","floor":31.0},{"not_picked":["ElectricPowerLearning","Reboot"],"picked":"Core Surge","floor":33.0},{"not_picked":["Sweeping Beam","Storm"],"picked":"Streamline+1","floor":35.0},{"not_picked":["Go for the Eyes","Redo"],"picked":"Pulse","floor":36.0},{"not_picked":["Turbo","Hologram","Streamline"],"picked":"SKIP","floor":39},{"not_picked":["Sweeping Beam+1","Streamline","Conserve Battery"],"picked":"SKIP","floor":41},{"not_picked":["Undo","Sunder+1"],"picked":"Fission","floor":44},{"not_picked":["Self Repair+1","Cancel","Rebound"],"picked":"SKIP","floor":46},{"not_picked":["Streamline","Force Field","Gash"],"picked":"SKIP","floor":55}],"player_experience":780610,"relics_obtained":[{"floor":7.0,"key":"YumHeart"},{"floor":9.0,"key":"PreservedInsect"},{"floor":11.0,"key":"MoneyPower"},{"floor":13.0,"key":"Happy Flower"},{"floor":24.0,"key":"Akabeko"},{"floor":31.0,"key":"Red Mask"},{"floor":41,"key":"Centennial Puzzle"},{"floor":43,"key":"MealTicket"},{"floor":44,"key":"Blood Vial"},{"floor":46,"key":"Meat on the Bone"},{"floor":55,"key":"testmod-BalancedPeriapt"}],"event_choices":[{"damage_healed":0.0,"max_hp_gain":0.0,"max_hp_loss":0.0,"gold_gain":0.0,"event_name":"Liars Game","player_choice":"Ignored","floor":2.0,"gold_loss":0.0,"damage_taken":0.0},{"cards_removed":["Strike_B"],"damage_healed":0.0,"max_hp_gain":0.0,"max_hp_loss":0.0,"gold_gain":0.0,"event_name":"The Cleric","player_choice":"Card Removal","floor":10.0,"gold_loss":75.0,"damage_taken":0.0},{"cards_removed":["Sweeping Beam"],"damage_healed":0.0,"max_hp_gain":0.0,"max_hp_loss":0.0,"gold_gain":0.0,"event_name":"Back to Basics","player_choice":"Elegance","floor":29.0,"gold_loss":0.0,"damage_taken":0.0},{"damage_healed":0.0,"max_hp_gain":0.0,"max_hp_loss":0.0,"gold_gain":0.0,"event_name":"Masked Bandits","player_choice":"Fought Bandits","floor":31.0,"gold_loss":0.0,"damage_taken":0.0},{"damage_healed":0,"gold_gain":0,"player_choice":"Memory 1","damage_taken":0,"max_hp_gain":0,"max_hp_loss":0,"event_name":"SensoryStone","floor":38,"gold_loss":0},{"damage_healed":0,"gold_gain":0,"player_choice":"Copied","damage_taken":0,"max_hp_gain":0,"max_hp_loss":0,"event_name":"Duplicator","floor":48,"gold_loss":0,"cards_obtained":["Fission"]}],"is_beta":true,"boss_relics":[{"not_picked":["Philosopher\u0027s Stone","Snecko Eye"],"picked":"testmod-KeyOfTheVoid"},{"not_picked":[]},{"not_picked":["FrozenCore","testmod-GoldenSoul"],"picked":"Inserter"},{"not_picked":[]}],"items_purged_floors":[12,54],"is_endless":false,"potions_floor_spawned":[1,5,11,13,16,19,24,28,33,35,41,46],"ascension_level":20}}