{"host":"kh6fvhxn285ncg0o","time":1613295802,"event":{"mods":["Act Like it!","BaseMod","Colored Map","Friendly Minions","Keyboard Shortcuts","Minty Spire (QoL Compilation)","Quick Restart","Relic Stats","StSLib","SuperFastMode","UnlockEverythingMod"],"gold_per_floor":[111,126,276,201,201,476,495,111,136,136,171,171,171,197,197,274,274,294,294,294,294,137,137,168,168,217,248,248,248,248,260,260,338,338,357,337,133,133,52,52,81,81,81,106,136,153,171,198,198,198,198,198,198,36,62,62],"floor_reached":57,"language":"KOR","playtime":1554,"items_purged":["Doubt","Regret","Strike_R"],"score":3427,"play_id":"55335a95-4efd-4b86-8d9f-6683547679d5","local_time":"20210214184322","is_ascension_mode":true,"campfire_choices":[{"data":"Apotheosis","floor":10.0,"key":"SMITH"},{"data":"Battle Trance","floor":12.0,"key":"SMITH"},{"data":"Disarm","floor":15.0,"key":"SMITH"},{"floor":23.0,"key":"REST"},{"floor":25.0,"key":"REST"},{"floor":30.0,"key":"REST"},{"floor":32.0,"key":"RECALL"},{"data":"Evolve","floor":40.0,"key":"SMITH"},{"floor":42.0,"key":"REST"},{"data":"Feel No Pain","floor":49.0,"key":"SMITH"},{"data":"Juggernaut","floor":53.0,"key":"SMITH"}],"circlet_count":0,"master_deck":["AscendersBane","Strike_R","Defend_R","Defend_R","Defend_R","Defend_R","Bash","Battle Trance+1","Power Through","Immolate","Apotheosis+1","Disarm+1","Juggernaut+1","Feed","Fire Breathing","Feel No Pain+1","Entrench","Second Wind","Barricade","Dark Embrace","Impervious","Evolve+1"],"relics":["SlaversCollar","Orichalcum","Bag of Preparation","Blue Candle","Runic Dome","OrangePellets","Question Card","Art of War","Lizard Tail","Black Star","Potion Belt","Singing Bowl","Omamori","Magic Flower","Centennial Puzzle","Blood Vial","CeramicFish","Red Skull","TheAbacus","Oddly Smooth Stone","InkBottle"],"acts_visited":["Exordium","TheCity","TheBeyond","TheEnding"],"potions_floor_usage":[56,56,56,56],"damage_taken":[{"damage":9.0,"enemies":"Jaw Worm","floor":1.0,"turns":5.0},{"damage":4.0,"enemies":"Small Slimes","floor":2.0,"turns":5.0},{"damage":11.0,"enemies":"Cultist","floor":7.0,"turns":4.0},{"damage":0.0,"enemies":"Gremlin Nob","floor":11.0,"turns":3.0},{"damage":0.0,"enemies":"Lagavulin","floor":14.0,"turns":5.0},{"damage":0.0,"enemies":"The Guardian","floor":16.0,"turns":13.0},{"damage":21.0,"enemies":"2 Thieves","floor":18.0,"turns":5.0},{"damage":30.0,"enemies":"Book of Stabbing","floor":24.0,"turns":4.0},{"damage":29.0,"enemies":"Slavers","floor":27.0,"turns":3.0},{"damage":4.0,"enemies":"Spheric Guardian","floor":31.0,"turns":4.0},{"damage":0.0,"enemies":"Automaton","floor":33.0,"turns":8.0},{"damage":53.0,"enemies":"3 Darklings","floor":35.0,"turns":7.0},{"damage":0.0,"enemies":"Giant Head","floor":41.0,"turns":10.0},{"damage":0.0,"enemies":"Mind Bloom Boss Battle","floor":44.0,"turns":4.0},{"damage":31.0,"enemies":"Nemesis","floor":45.0,"turns":7.0},{"damage":2.0,"enemies":"Orb Walker","floor":46.0,"turns":3.0},{"damage":9.0,"enemies":"Sphere and 2 Shapes","floor":47.0,"turns":5.0},{"damage":3.0,"enemies":"Reptomancer","floor":48.0,"turns":5.0},{"damage":18.0,"enemies":"Donu and Deca","floor":50.0,"turns":7.0},{"damage":0.0,"enemies":"Time Eater","floor":51.0,"turns":13.0},{"damage":7.0,"enemies":"Shield and Spear","floor":55.0,"turns":5.0},{"damage":58,"enemies":"The Heart","floor":56,"turns":10}],"seed_played":"-2361197053551795257","potions_obtained":[{"floor":1.0,"key":"FearPotion"},{"floor":2.0,"key":"Explosive Potion"},{"floor":18.0,"key":"SpeedPotion"},{"floor":27.0,"key":"SmokeBomb"},{"floor":36.0,"key":"Fire Potion"},{"floor":46.0,"key":"SpeedPotion"},{"floor":47.0,"key":"HeartOfIron"},{"floor":48.0,"key":"Explosive Potion"}],"is_trial":false,"path_per_floor":["M","M","?","$","?","?","M","$","T","R","E","R","?","E","R","B",null,"M","?","?","?","$","R","E","R","T","E","$","?","R","M","R","B",null,"M","?","$","T","$","R","E","R","T","?","E","M","M","E","R","B","B",null,"R","$","E","B",null],"character_chosen":"IRONCLAD","items_purchased":["Immolate","Apotheosis","OrangePellets","Impervious","Evolve","TheAbacus"],"campfire_rested":4,"item_purchase_floors":[8,8,22,37,39,54],"current_hp_per_floor":[59,55,55,55,48,48,37,37,37,37,37,37,37,37,37,37,66,45,24,24,24,24,48,18,42,42,13,13,13,37,37,37,37,72,23,23,23,23,23,23,29,57,57,59,30,33,35,43,43,34,43,101,101,101,99,44],"gold":62,"neow_bonus":"BOSS_RELIC","is_daily":false,"chose_seed":false,"campfire_upgraded":6,"win_rate":0.0,"timestamp":1613295802,"path_taken":["M","M","?","$","?","?","?","$","T","R","E","R","?","E","R","BOSS","M","?","?","?","$","R","E","R","T","E","$","?","R","M","R","BOSS","M","?","?","?","?","R","E","R","T","?","E","M","M","E","R","BOSS","BOSS","R","$","E","BOSS"],"items_purchased_type":["Card","Card","Relic","Card","Card","Relic"],"build_version":"2020-12-22","purchased_purges":3,"victory":true,"max_hp_per_floor":[75,75,75,75,75,75,75,75,75,75,75,75,75,75,75,75,75,75,80,80,80,80,80,80,80,80,80,80,80,80,84,84,84,84,88,88,88,88,88,88,94,94,94,96,98,100,106,112,112,116,120,120,120,120,122,122],"relic_stats":{"Singing Bowl":14,"counters":[22,135],"Blue Candle":[1],"CeramicFish":0,"Magic Flower":[15],"Bag of Preparation":[36],"Orichalcum":[114],"Question Card":11,"Blood Vial":21,"OrangePellets":[14],"Lizard Tail":0,"Centennial Puzzle":[18],"TheAbacus":[90],"Art of War":[32],"Black Star":4,"obtain_stats":[{"Potion Belt":41,"Singing Bowl":41,"Blue Candle":14,"CeramicFish":48,"Magic Flower":44,"Oddly Smooth Stone":55,"Bag of Preparation":11,"Omamori":43,"Orichalcum":9,"Question Card":24,"Burning Blood":0,"Blood Vial":45,"SlaversCollar":0,"Runic Dome":17,"OrangePellets":22,"Lizard Tail":27,"Centennial Puzzle":45,"TheAbacus":54,"Art of War":26,"Black Star":34,"Red Skull":48,"InkBottle":55},{"Potion Belt":13,"Singing Bowl":13,"Blue Candle":5,"CeramicFish":18,"Magic Flower":14,"Oddly Smooth Stone":21,"Bag of Preparation":4,"Omamori":13,"Orichalcum":3,"Question Card":8,"Burning Blood":0,"Blood Vial":15,"SlaversCollar":0,"Runic Dome":6,"OrangePellets":7,"Lizard Tail":9,"Centennial Puzzle":15,"TheAbacus":20,"Art of War":8,"Black Star":11,"Red Skull":18,"InkBottle":21},{"Potion Belt":76,"Singing Bowl":76,"Blue Candle":22,"CeramicFish":100,"Magic Flower":80,"Oddly Smooth Stone":125,"Bag of Preparation":17,"Omamori":76,"Orichalcum":14,"Question Card":44,"Burning Blood":0,"Blood Vial":87,"SlaversCollar":0,"Runic Dome":35,"OrangePellets":40,"Lizard Tail":47,"Centennial Puzzle":87,"TheAbacus":120,"Art of War":44,"Black Star":59,"Red Skull":100,"InkBottle":125}],"InkBottle":[2]},"card_choices":[{"not_picked":["Burning Pact","Second Wind"],"picked":"Battle Trance","floor":1.0},{"not_picked":["Twin Strike","Metallicize"],"picked":"Power Through","floor":2.0},{"not_picked":["Heavy Blade","Shrug It Off","Anger"],"picked":"SKIP","floor":7.0},{"not_picked":["Havoc","Headbutt"],"picked":"Disarm","floor":11.0},{"not_picked":["Havoc","Twin Strike"],"picked":"Juggernaut","floor":14.0},{"not_picked":["Fiend Fire","Bludgeon"],"picked":"Feed","floor":16.0},{"not_picked":["Iron Wave","Disarm","Heavy Blade"],"picked":"SKIP","floor":18.0},{"not_picked":["Double Tap","Feed"],"picked":"Feel No Pain","floor":24.0},{"not_picked":["Iron Wave","Whirlwind+1","Perfected Strike"],"picked":"Entrench","floor":27.0},{"not_picked":["Headbutt+1","Pommel Strike","Cleave"],"picked":"Second Wind","floor":31.0},{"not_picked":["Corruption","Impervious","Exhume"],"picked":"Barricade","floor":33.0},{"not_picked":["Clothesline","Warcry","Sever Soul+1"],"picked":"Dark Embrace","floor":35.0},{"not_picked":["Hemokinesis","Perfected Strike","Metallicize","Sever Soul"],"picked":"Singing Bowl","floor":41.0},{"not_picked":["Carnage+1","Rupture+1","Blood for Blood","Clash+1"],"picked":"Singing Bowl","floor":44.0},{"not_picked":["Dual Wield+1","Havoc","Iron Wave","Shrug It Off+1"],"picked":"Singing Bowl","floor":45.0},{"not_picked":["Shrug It Off","True Grit+1","Heavy Blade","Rage"],"picked":"Singing Bowl","floor":46.0},{"not_picked":["Heavy Blade","Bloodletting+1","Second Wind","True Grit"],"picked":"Singing Bowl","floor":47.0},{"not_picked":["Thunderclap+1","Metallicize","Warcry","Demon Form"],"picked":"Singing Bowl","floor":48.0},{"not_picked":["Heavy Blade","Spot Weakness","Wild Strike","Carnage"],"picked":"Singing Bowl","floor":55.0}],"player_experience":1402052,"relics_obtained":[{"floor":9.0,"key":"Orichalcum"},{"floor":11.0,"key":"Bag of Preparation"},{"floor":14.0,"key":"Blue Candle"},{"floor":24.0,"key":"Question Card"},{"floor":26.0,"key":"Art of War"},{"floor":27.0,"key":"Lizard Tail"},{"floor":41.0,"key":"Potion Belt"},{"floor":41.0,"key":"Singing Bowl"},{"floor":43.0,"key":"Omamori"},{"floor":44.0,"key":"Magic Flower"},{"floor":45.0,"key":"Centennial Puzzle"},{"floor":45.0,"key":"Blood Vial"},{"floor":48.0,"key":"CeramicFish"},{"floor":48.0,"key":"Red Skull"},{"floor":55.0,"key":"Oddly Smooth Stone"},{"floor":55.0,"key":"InkBottle"}],"event_choices":[{"damage_healed":0.0,"max_hp_gain":0.0,"max_hp_loss":0.0,"gold_gain":150.0,"event_name":"Liars Game","player_choice":"AGREE","floor":3.0,"gold_loss":0.0,"damage_taken":0.0,"cards_obtained":["Doubt"]},{"cards_removed":["Strike_R"],"damage_healed":0.0,"max_hp_gain":0.0,"max_hp_loss":0.0,"gold_gain":0.0,"event_name":"Golden Wing","player_choice":"Card Removal","floor":5.0,"gold_loss":0.0,"damage_taken":7.0},{"damage_healed":0.0,"max_hp_gain":0.0,"max_hp_loss":0.0,"gold_gain":275.0,"event_name":"Golden Shrine","player_choice":"Desecrate","floor":6.0,"gold_loss":0.0,"damage_taken":0.0,"cards_obtained":["Regret"]},{"cards_removed":["Strike_R"],"damage_healed":0.0,"max_hp_gain":0.0,"max_hp_loss":0.0,"gold_gain":0.0,"event_name":"Living Wall","player_choice":"Forget","floor":13.0,"gold_loss":0.0,"damage_taken":0.0},{"damage_healed":0.0,"max_hp_gain":5.0,"max_hp_loss":0.0,"gold_gain":0.0,"event_name":"Forgotten Altar","player_choice":"Shed Blood","floor":19.0,"gold_loss":0.0,"damage_taken":26.0},{"damage_healed":0.0,"max_hp_gain":0.0,"max_hp_loss":0.0,"gold_gain":0.0,"event_name":"Vampires","player_choice":"Ignored","floor":20.0,"gold_loss":0.0,"damage_taken":0.0},{"damage_healed":0.0,"max_hp_gain":0.0,"max_hp_loss":0.0,"gold_gain":0.0,"event_name":"The Library","player_choice":"Read","floor":21.0,"gold_loss":0.0,"damage_taken":0.0,"cards_obtained":["Fire Breathing"]},{"cards_removed":["Strike_R"],"damage_healed":0.0,"max_hp_gain":0.0,"max_hp_loss":0.0,"gold_gain":0.0,"event_name":"Back to Basics","player_choice":"Elegance","floor":29.0,"gold_loss":0.0,"damage_taken":0.0},{"damage_healed":0.0,"max_hp_gain":0.0,"max_hp_loss":0.0,"gold_gain":0.0,"event_name":"The Woman in Blue","player_choice":"Bought 1 Potion","floor":36.0,"gold_loss":0.0,"damage_taken":0.0},{"damage_healed":0.0,"max_hp_gain":0.0,"max_hp_loss":0.0,"gold_gain":0.0,"event_name":"MindBloom","player_choice":"Fight","floor":44.0,"gold_loss":0.0,"damage_taken":0.0}],"is_beta":false,"boss_relics":[{"not_picked":["Mark of Pain","Calling Bell"],"picked":"Runic Dome"},{"not_picked":["Fusion Hammer","Cursed Key"],"picked":"Black Star"}],"items_purged_floors":[4,8,37],"is_endless":false,"potions_floor_spawned":[1,2,7,18,27,46,47,48],"ascension_level":20}}