{"host":"56792r0r1tfnc9x9","time":1613319880,"event":{"mods":["2.2 Compatiblity","Abigail Mod","AchievementEnabler","Act Like it!","Aspiration","BaseMod","Better Note","Better Third Choice","Better Vampires","BetterRewards","CapriCore","Colored Map","Colored Powertips","Conspire","Curses Come First","Downfall","Elementarium","Emptier Cage","Energized Spire","Fox Events","GifTheSpireLib","Halation","Hermit","Highlight Path","Hubris","Jedi Mod","JesterMod","Jorbs\u0027s Wanderer Trilogy","MarisaÅiñ∂âJÅ@ñÇóùçπÅj","Minty Spire (QoL Compilation)","MostiFishMod","Pale of the Ancients","Potionbrewer","Rare Cards Sparkle","Relic Stats","Reliquary","Replay The Spire","Robot Space Explorer","SacredBarkPlus","Shade Mod","Spicy Shops","Spire Arcade","StSLib","Stuff the Spire","Synergy Search","The Cursed","The Immortal","The Jungle","The Necromancer","The Runesmith","Waifu the Spire","Wandering Minibosses"],"gold_per_floor":[117,117,129,140,153,153,153,153],"floor_reached":6,"language":"ENG","playtime":729,"items_purged":["Master of Strategy+1"],"score":76,"play_id":"8b488e53-423f-49ea-8ed7-4c081718b267","local_time":"20210214102440","is_ascension_mode":true,"campfire_choices":[],"circlet_count":0,"master_deck":["AscendersBane","Master of Strategy+1","Slimebound:Strike_Slimebound","Slimebound:Strike_Slimebound","Slimebound:Strike_Slimebound","Slimebound:Tackle","Slimebound:Defend_Slimebound","Slimebound:Defend_Slimebound","Slimebound:Defend_Slimebound","Slimebound:Defend_Slimebound","Slimebound:Split","Slimebound:CorrosiveSpit","Mayhem","Slimebound:Prepare","Slimebound:Chomp","Slimebound:BestDefense","Slimebound:FormOfPuddle","Slimebound:SlimeSlap","Slimebound:Dissolve","Slimebound:ForwardTackle","Slimebound:DisruptingSlam"],"relics":["Slimebound:AbsorbEndCombat","DaveBox","StuffTheSpire:MayFlowers","Prayer Wheel","SynthV:TestCard","Blue Candle"],"acts_visited":["Exordium"],"potions_floor_usage":[5],"damage_taken":[{"damage":7,"enemies":"Small Slimes","floor":1,"turns":4},{"damage":3,"enemies":"Cultist","floor":3,"turns":4},{"damage":7,"enemies":"Jaw Worm","floor":4,"turns":5},{"damage":12,"enemies":"Large Slime","floor":5,"turns":7},{"damage":29,"enemies":"Gremlin Nob","floor":6,"turns":4}],"seed_played":"7104719991896895179","potions_obtained":[{"floor":1,"key":"jedi:wingpotion"},{"floor":4,"key":"Weak Potion"}],"is_trial":false,"path_per_floor":["M","?","M","M","M","E"],"character_chosen":"SLIMEBOUND","items_purchased":["Mayhem","Prayer Wheel"],"campfire_rested":0,"item_purchase_floors":[0,0],"current_hp_per_floor":[25,25,26,23,24,0,0,0],"gold":153,"neow_bonus":"","is_daily":false,"chose_seed":false,"campfire_upgraded":0,"win_rate":0.0,"timestamp":1613319880,"path_taken":["M","?","M","?","M","E"],"items_purchased_type":["Card","Relic"],"build_version":"2020-12-22","purchased_purges":1,"victory":false,"max_hp_per_floor":[59,59,59,59,59,59,59,59],"relic_stats":{"counters":[195,917],"Blue Candle":[0],"Prayer Wheel":4,"obtain_stats":[{"jedi:angrymask":0,"CeramicFish":33,"potionbrewer:SalesContract":31,"StuffTheSpire:BottledEssence":35,"Old Coin":46,"StuffTheSpire:SapphireSignet":33,"Sozu":34,"potionbrewer:RamsHorn":13,"Centennial Puzzle":23,"HornCleat":0,"FaceOfCleric":30,"MealTicket":14,"Prayer Wheel":0,"Fusion Hammer":17,"Iron Hammer":9,"Kunai":8,"Toxic Egg 2":0,"hubris:TinFlute":31,"Runesmith:BrokenRuby":0,"wanderingMiniBosses:ThiefScarf":30,"halation:QuantumPhysicsTextbook":0,"aspiration:Nostalgia":0,"jesterMod:MachoBrace":34,"Blue Candle":2,"potionbrewer:MortarAndPestle":25,"halation:BottledHappiness":0,"Du-Vu Doll":6,"wanderingMiniBosses:Blackblade":35,"StuffTheSpire:MayFlowers":0,"Molten Egg 2":7,"MetatronsCube":0,"Torii":17,"DaveBox":0,"Blue Doll":7,"conspire:SpecialSausage":17,"StuffTheSpire:GrapeVine":27,"Empty Cage":34,"conspire:InfiniteJournal":4,"SsserpentHead":7,"Matryoshka":11,"hubris:Backtick":17,"hubris:Icosahedron":12,"SlimeboundClassic:AbsorbEndCombat":0,"Pantograph":24,"hubris:CuriousFeather":0,"StuffTheSpire:Nightcore":36,"Gremlin Food":9,"Golden Idol":3,"StuffTheSpire:Saxophone":35,"Circlet":0,"aspiration:HummingbirdHeart":0,"jedi:crownofsimplicity":0,"halation:SelfBoilingWater":9,"Strange Spoon":0,"Anchor":30,"SynthV:TestCard":1,"StuffTheSpire:Mouthbags":6,"Ornamental Fan":9,"halation:EternalFortune":19,"aspiration:WatcherSkillbook":17,"aspiration:KaomsHeart":36,"StuffTheSpire:RubySignet":9,"Bag of Marbles":13,"Slimebound:AbsorbEndCombat":0,"Bottled Lightning":11,"halation:PinkSoulGem":15},{"jedi:angrymask":175,"CeramicFish":144,"potionbrewer:SalesContract":143,"StuffTheSpire:BottledEssence":145,"Old Coin":172,"StuffTheSpire:SapphireSignet":144,"Sozu":145,"potionbrewer:RamsHorn":123,"Centennial Puzzle":163,"HornCleat":126,"FaceOfCleric":165,"MealTicket":159,"Prayer Wheel":190,"Fusion Hammer":160,"Iron Hammer":178,"Kunai":131,"Toxic Egg 2":154,"hubris:TinFlute":143,"Runesmith:BrokenRuby":175,"wanderingMiniBosses:ThiefScarf":143,"halation:QuantumPhysicsTextbook":154,"aspiration:Nostalgia":175,"jesterMod:MachoBrace":188,"Blue Candle":191,"potionbrewer:MortarAndPestle":140,"halation:BottledHappiness":175,"Du-Vu Doll":130,"wanderingMiniBosses:Blackblade":168,"StuffTheSpire:MayFlowers":190,"Molten Egg 2":178,"MetatronsCube":175,"Torii":117,"DaveBox":0,"Blue Doll":122,"conspire:SpecialSausage":134,"StuffTheSpire:GrapeVine":164,"Empty Cage":167,"conspire:InfiniteJournal":176,"SsserpentHead":113,"Matryoshka":114,"hubris:Backtick":117,"hubris:Icosahedron":132,"SlimeboundClassic:AbsorbEndCombat":0,"Pantograph":164,"hubris:CuriousFeather":154,"StuffTheSpire:Nightcore":168,"Gremlin Food":113,"Golden Idol":176,"StuffTheSpire:Saxophone":145,"Circlet":0,"aspiration:HummingbirdHeart":175,"jedi:crownofsimplicity":119,"halation:SelfBoilingWater":122,"Strange Spoon":154,"Anchor":186,"SynthV:TestCard":176,"StuffTheSpire:Mouthbags":113,"Ornamental Fan":157,"halation:EternalFortune":118,"aspiration:WatcherSkillbook":181,"aspiration:KaomsHeart":146,"StuffTheSpire:RubySignet":131,"Bag of Marbles":133,"Slimebound:AbsorbEndCombat":0,"Bottled Lightning":180,"halation:PinkSoulGem":133},{"jedi:angrymask":837,"CeramicFish":679,"potionbrewer:SalesContract":674,"StuffTheSpire:BottledEssence":685,"Old Coin":819,"StuffTheSpire:SapphireSignet":679,"Sozu":685,"potionbrewer:RamsHorn":567,"Centennial Puzzle":785,"HornCleat":581,"FaceOfCleric":793,"MealTicket":761,"Prayer Wheel":893,"Fusion Hammer":768,"Iron Hammer":844,"Kunai":605,"Toxic Egg 2":739,"hubris:TinFlute":674,"Runesmith:BrokenRuby":837,"wanderingMiniBosses:ThiefScarf":674,"halation:QuantumPhysicsTextbook":739,"aspiration:Nostalgia":837,"jesterMod:MachoBrace":886,"Blue Candle":897,"potionbrewer:MortarAndPestle":658,"halation:BottledHappiness":837,"Du-Vu Doll":601,"wanderingMiniBosses:Blackblade":808,"StuffTheSpire:MayFlowers":893,"Molten Egg 2":844,"MetatronsCube":837,"Torii":535,"DaveBox":0,"Blue Doll":558,"conspire:SpecialSausage":629,"StuffTheSpire:GrapeVine":789,"Empty Cage":803,"conspire:InfiniteJournal":838,"SsserpentHead":506,"Matryoshka":510,"hubris:Backtick":535,"hubris:Icosahedron":610,"SlimeboundClassic:AbsorbEndCombat":0,"Pantograph":789,"hubris:CuriousFeather":739,"StuffTheSpire:Nightcore":808,"Gremlin Food":506,"Golden Idol":838,"StuffTheSpire:Saxophone":685,"Circlet":0,"aspiration:HummingbirdHeart":837,"jedi:crownofsimplicity":549,"halation:SelfBoilingWater":558,"Strange Spoon":739,"Anchor":875,"SynthV:TestCard":838,"StuffTheSpire:Mouthbags":506,"Ornamental Fan":749,"halation:EternalFortune":544,"aspiration:WatcherSkillbook":860,"aspiration:KaomsHeart":689,"StuffTheSpire:RubySignet":605,"Bag of Marbles":616,"Slimebound:AbsorbEndCombat":0,"Bottled Lightning":848,"halation:PinkSoulGem":616}]},"card_choices":[{"not_picked":["Slimebound:SlimeSpikes","Slimebound:GoopTackle"],"picked":"Slimebound:Prepare","floor":1},{"not_picked":["Slimebound:SplitBruiser","Slimebound:PressTheAttack"],"picked":"Slimebound:Chomp","floor":1},{"not_picked":["Slimebound:SplitLeeching","Slimebound:SplitMire","Slimebound:SamplingLick","Slimebound:LeechEnergy"],"picked":"Slimebound:BestDefense","floor":3},{"not_picked":["Slimebound:LivingWall","Slimebound:SlimeBarrage","Slimebound:GoopSpray","Slimebound:ServeAndProtect"],"picked":"Slimebound:FormOfPuddle","floor":3},{"not_picked":["Slimebound:SplitAcid","Slimebound:GrowthPunch","Slimebound:SplitLeeching","Slimebound:SlimeBarrage"],"picked":"Slimebound:SlimeSlap","floor":4},{"not_picked":["Slimebound:LeechingTouch","Slimebound:SplitLeeching","Slimebound:LeechEnergy","Slimebound:SplitMire"],"picked":"Slimebound:Dissolve","floor":4},{"not_picked":["Slimebound:RollThrough","Slimebound:Gluttony","Slimebound:TongueLash","Slimebound:PressTheAttack"],"picked":"Slimebound:ForwardTackle","floor":5},{"not_picked":["Slimebound:SplitAcid","Slimebound:TongueLash","Slimebound:GoopSpray","Slimebound:LeadByExample"],"picked":"Slimebound:DisruptingSlam","floor":5}],"player_experience":947701,"relics_obtained":[{"floor":1,"key":"SynthV:TestCard"}],"event_choices":[{"damage_healed":0,"gold_gain":0,"player_choice":"Gave Potion","damage_taken":0,"relics_obtained":["Blue Candle"],"max_hp_gain":0,"max_hp_loss":0,"event_name":"WeMeetAgain","floor":2,"gold_loss":0}],"is_beta":false,"boss_relics":[],"items_purged_floors":[0],"is_endless":false,"potions_floor_spawned":[1,4],"killed_by":"Gremlin Nob","ascension_level":20}}