{"host":"jfbo3eu2ui08ej1u","time":1613282057,"event":{"mods":["2.2 Compatiblity","AchievementEnabler","Act Like it!","Aspiration","BaseMod","Better Altar","Better Match","Better Note","Better Sensory Stone","Better Skull","Better Third Choice","Block Reminder","Colored Map","Colored Powertips","Conspire","DeckTracker","Displayed Cursed Tome","Energized Spire","Fox Events","GifTheSpireLib","Hermit","Hubris","Infinite Spire","Marked Mod","Minty Spire (QoL Compilation)","Monster B Gone","Pale of the Ancients","Poor People Problems","Quick Restart","Relic Filter","Reliquary","Reorder Act Four","Replay The Spire","Shop Mod","Spicy Shops","Spire Arcade","StSLib","Stuff the Spire","The Blue Laboratory","The Disciple","The Forsaken","The Hierophant","The Marked","Uncapped","Unceasing Turn Reminder","Wandering Minibosses"],"gold_per_floor":[112,127,127,145,61,61,87,204,286,320,344,344,372,391,391,495,495,523,51,60,79,94,133,133,133,133,142,142,177,196,196,196,301,301,312,312,596,617,397,426,455,455,504,541,556,572,572,634,634,634,651,675,675,36,36,56,56,56,56,56],"floor_reached":61,"language":"ENG","playtime":2886,"items_purged":["theForsaken:TheForsaken_Strike","Regret","theForsaken:TheForsaken_Strike"],"score":1638,"play_id":"0fe89c49-8e51-45b9-b2b6-b77516ac490c","local_time":"20210214005417","is_ascension_mode":true,"campfire_choices":[{"data":"theForsaken:DarkBarrier","floor":6.0,"key":"SMITH"},{"data":"theForsaken:Horror","floor":15.0,"key":"SMITH"},{"floor":28.0,"key":"REST"},{"data":"theForsaken:Horror","floor":32.0,"key":"SMITH"},{"floor":42.0,"key":"REST"},{"floor":49,"key":"RECALL"},{"floor":55,"key":"REST"},{"floor":57,"key":"REST"}],"circlet_count":0,"master_deck":["theForsaken:TheForsaken_Strike","theForsaken:TheForsaken_Strike+1","theForsaken:TheForsaken_Defend","theForsaken:TheForsaken_Defend","theForsaken:TheForsaken_Defend","theForsaken:TheForsaken_Defend","theForsaken:Smite+1","theForsaken:Penitence+1","theForsaken:DarkBarrier+1","theForsaken:ShieldBash","theForsaken:WrathOfGod","conspire:Banana","theForsaken:FuryStrikes+1","theForsaken:Bolster","theForsaken:Riposte","theForsaken:Horror+1","theForsaken:PowerUp","theForsaken:Purification+1","Beam Cell+1","theForsaken:HymnOfPatience","Rebound+1","Self Repair","infinitespire:FutureSight","theForsaken:Horror+1","theForsaken:FountainOfLife","Compile Driver+1","Hologram+1","theForsaken:Preservation+1","Tempest+1","Reinforced Body+1","ReplayTheSpireMod:Brewmster","theForsaken:DarkBarrier","theForsaken:MagicWeapon"],"relics":["theForsaken:JudgementScales","hubris:Icosahedron","Akabeko","infinitespire:BottledMercury","infinitespire:EmpoweringShard","CeramicFish","aspiration:DefectSkillbook","TheAbacus","reliquary:Buckler","theForsaken:ScaryMask","reliquary:Boomerang","aspiration:RitualStick","infinitespire:Broken Mirror","theForsaken:Gavel","hubris:Backtick","Chemical X","Bag of Marbles","hubris:Towel","Fusion Hammer","wanderingMiniBosses:CarrionFlame","ClockworkSouvenir","infinitespire:CheckeredPen","ReplayTheSpireMod:TigerMarble","Kunai","reliquary:JackalopeAntler","Whetstone","paleoftheancients:Timepiece","paleoftheancients:KeyRelic","Gremlin Horn","CultistMask","paleoftheancients:SoulOfTheWokeBloke","reliquary:PartyBalloon","hubris:Potato","infinitespire:Bottled Soul"],"acts_visited":["Exordium","TheCity","TheBeyond","paleoftheancients:PaleOfTheAncients"],"potions_floor_usage":[52,52,52,60],"damage_taken":[{"damage":3.0,"enemies":"2 Louse","floor":1.0,"turns":4.0},{"damage":0.0,"enemies":"Jaw Worm","floor":2.0,"turns":5.0},{"damage":0.0,"enemies":"Cultist","floor":4.0,"turns":4.0},{"damage":0.0,"enemies":"Gremlin Nob","floor":7.0,"turns":7.0},{"damage":14.0,"enemies":"3 Louse","floor":8.0,"turns":3.0},{"damage":0.0,"enemies":"Lagavulin","floor":10.0,"turns":6.0},{"damage":10.0,"enemies":"Looter","floor":13.0,"turns":3.0},{"damage":0.0,"enemies":"2 Fungi Beasts","floor":14.0,"turns":4.0},{"damage":0.0,"enemies":"Fading Forest","floor":16.0,"turns":11.0},{"damage":36.0,"enemies":"conspire:FuzzyDice","floor":18.0,"turns":5.0},{"damage":19.0,"enemies":"3 Byrds","floor":21.0,"turns":5.0},{"damage":4.0,"enemies":"3 Cultists","floor":22.0,"turns":5.0},{"damage":32.0,"enemies":"conspire:Head Lice","floor":23.0,"turns":7.0},{"damage":13.0,"enemies":"Slavers","floor":29.0,"turns":4.0},{"damage":0.0,"enemies":"Centurion and Healer","floor":30.0,"turns":4.0},{"damage":2.0,"enemies":"hubris:MusketHawk","floor":33.0,"turns":8.0},{"damage":11.0,"enemies":"3 Darklings","floor":35.0,"turns":6.0},{"damage":1.0,"enemies":"Orb Walker","floor":38.0,"turns":5.0},{"damage":0.0,"enemies":"Nemesis","floor":40.0,"turns":7.0},{"damage":0.0,"enemies":"Sphere and 2 Shapes","floor":41.0,"turns":4.0},{"damage":0.0,"enemies":"Giant Head","floor":44.0,"turns":7.0},{"damage":1.0,"enemies":"Maw","floor":45.0,"turns":7.0},{"damage":13.0,"enemies":"3 Darklings","floor":46.0,"turns":3.0},{"damage":9,"enemies":"R_Hoarder","floor":48,"turns":8},{"damage":57,"enemies":"Replay:Hell Engine","floor":50,"turns":9},{"damage":21,"enemies":"Replay:Hell Engine","floor":51,"turns":7},{"damage":48,"enemies":"Replay:Hell Engine","floor":52,"turns":8},{"damage":0,"enemies":"Replay:Hell Engine","floor":56,"turns":4},{"damage":0,"enemies":"paleoftheancients:N","floor":60,"turns":8}],"seed_played":"1290154544598375561","potions_obtained":[{"floor":2.0,"key":"Doom Potion"},{"floor":8.0,"key":"blueLaboratory:TrueEctoplasm"},{"floor":14.0,"key":"DuplicationPotion"},{"floor":22.0,"key":"Dexterity Potion"},{"floor":33.0,"key":"DistilledChaos"},{"floor":40.0,"key":"Weak Potion"}],"is_trial":false,"path_per_floor":["M","M","?","M","$","R","E","M","T","E","T","?","M","M","R","B",null,"M","$","?","M","M","E","?","?","T","AVR","R","E","M","?","R","B",null,"M","?","?","M","$","E","M","R","T","E","M","M","T","E","R","B","M","M","?","$","R","M","R","T","?","B",null],"character_chosen":"THE_FORSAKEN","items_purchased":["conspire:Banana","TheAbacus","reliquary:Buckler","theForsaken:ScaryMask","ClockworkSouvenir","reliquary:PartyBalloon","hubris:Potato","Energy Potion","ReplayTheSpireMod:Brewmster","theForsaken:DarkBarrier"],"campfire_rested":4,"item_purchase_floors":[5,19,19,19,39,54,54,54,54,54],"current_hp_per_floor":[68,70,70,71,71,71,72,59,59,62,62,62,55,76,76,77,77,42,42,42,24,21,52,36,36,36,36,60,48,55,55,55,83,83,76,76,76,85,85,88,89,91,91,92,97,91,91,95,95,103,101,90,90,90,107,110,110,110,110,113],"gold":56,"neow_bonus":"TEN_PERCENT_HP_BONUS","is_daily":false,"chose_seed":false,"campfire_upgraded":3,"win_rate":0.0,"timestamp":1613282057,"path_taken":["M","M","?","M","$","R","E","M","T","E","?","?","M","?","R","BOSS","M","$","?","M","M","E","?","?","T","AVR","R","E","M","?","R","BOSS","M","?","?","?","$","E","M","R","T","E","M","M","?","E","R","BOSS","M","M","?","$","R","M","R","T","?","BOSS"],"items_purchased_type":["Card","Relic","Relic","Relic","Relic","Relic","Relic","Potion","Card","Card"],"build_version":"2020-12-22","purchased_purges":3,"victory":true,"max_hp_per_floor":[71,71,71,71,71,71,72,73,73,74,74,74,75,76,76,77,77,78,78,78,79,80,81,81,81,81,81,81,82,82,82,82,83,83,84,84,84,87,87,90,91,91,91,92,97,97,97,100,100,103,104,107,107,107,107,110,110,110,110,113],"card_choices":[{"not_picked":["theForsaken:HymnOfPatience","theForsaken:Riposte"],"picked":"theForsaken:DarkBarrier","floor":1.0},{"not_picked":["theForsaken:DefensiveStance","theForsaken:Parry"],"picked":"theForsaken:ShieldBash","floor":2.0},{"not_picked":["theForsaken:DarkBarrier","theForsaken:WordOfPower"],"picked":"theForsaken:WrathOfGod","floor":4.0},{"not_picked":["theForsaken:RainingSunlight","theForsaken:WordsOfPestilence"],"picked":"theForsaken:FuryStrikes","floor":7.0},{"not_picked":["theForsaken:CreepingInfection","theForsaken:BlindFaith"],"picked":"theForsaken:Bolster","floor":8.0},{"not_picked":["theForsaken:WordOfPower","theForsaken:BlessedWeapon"],"picked":"theForsaken:Riposte","floor":10.0},{"not_picked":["theForsaken:CorruptedWord","theForsaken:BattleHymn"],"picked":"theForsaken:Horror","floor":13.0},{"not_picked":["theForsaken:ShieldCharge","theForsaken:HymnOfPatience"],"picked":"theForsaken:PowerUp","floor":14.0},{"not_picked":["theForsaken:Temperance","theForsaken:Confusion"],"picked":"theForsaken:Purification","floor":16.0},{"not_picked":["theForsaken:BlessedWeapon","Panic Button","Barrage+1"],"picked":"Beam Cell+1","floor":18.0},{"not_picked":["Stack","theForsaken:HymnOfPatience","theForsaken:BlessedWeapon"],"picked":"Rebound+1","floor":21.0},{"not_picked":["Beam Cell","Turbo","StuffTheSpire:Synthwave+1","theForsaken:BattleHymn"],"picked":"SKIP","floor":22.0},{"not_picked":["Time Bomb","Coolheaded","Panic Button"],"picked":"Self Repair","floor":23.0},{"not_picked":["theForsaken:Horror","Turbo","Ball Lightning+1","Gash"],"picked":"SKIP","floor":29.0},{"not_picked":["Turbo","Ball Lightning+1","Gash"],"picked":"theForsaken:Horror","floor":29.0},{"not_picked":["theForsaken:StoreUp","Go for the Eyes","Loop","ReplayGash"],"picked":"SKIP","floor":30.0},{"not_picked":["Thunder Strike","StuffTheSpire:ForEach","theForsaken:SacrificeSoul"],"picked":"theForsaken:FountainOfLife","floor":33.0},{"not_picked":["ReplayTheSpireMod:Repulse+1","Sweeping Beam+1","theForsaken:DarkRift","theForsaken:HymnOfRest"],"picked":"SKIP","floor":35.0},{"not_picked":["theForsaken:CreepingInfection","theForsaken:ScorchingSunlight","Stack+1"],"picked":"Compile Driver+1","floor":38.0},{"not_picked":["theForsaken:ChargeAttack+1","Streamline","ReplayRNGCard","Barrage+1"],"picked":"SKIP","floor":40.0},{"not_picked":["theForsaken:WordOfPower","FIFO Queue","theForsaken:ScorchingSunlight+1"],"picked":"Hologram+1","floor":41.0},{"not_picked":["theForsaken:FatRoll+1","Streamline+1","theForsaken:PanicDive"],"picked":"theForsaken:Preservation+1","floor":44.0},{"not_picked":["Cold Snap","Redo+1","StuffTheSpire:Plugnplay+1","Go for the Eyes+1"],"picked":"SKIP","floor":45.0},{"not_picked":["Gash+1","theForsaken:FuryStrikes","Blizzard","Go for the Eyes+1"],"picked":"SKIP","floor":46.0},{"not_picked":["Aggregate+1","aspiration:Polymerization+1","theForsaken:Thunderbolt+1"],"picked":"Tempest+1","floor":48},{"not_picked":["Static Discharge+1","Barrage","Beam Cell","StuffTheSpire:Plugnplay+1"],"picked":"SKIP","floor":51},{"not_picked":["Turbo","Self Repair","theForsaken:Eulogy","Reinforced Body+1"],"picked":"SKIP","floor":52},{"not_picked":["Turbo","Self Repair","theForsaken:Eulogy"],"picked":"Reinforced Body+1","floor":52},{"not_picked":["theForsaken:BlindFaith+1","BasicCrystalCard","Go for the Eyes"],"picked":"theForsaken:MagicWeapon","floor":56}],"player_experience":1325208,"relics_obtained":[{"floor":7.0,"key":"Akabeko"},{"floor":9.0,"key":"infinitespire:BottledMercury"},{"floor":10.0,"key":"infinitespire:EmpoweringShard"},{"floor":11.0,"key":"CeramicFish"},{"floor":23.0,"key":"reliquary:Boomerang"},{"floor":26.0,"key":"infinitespire:Broken Mirror"},{"floor":29.0,"key":"Bag of Marbles"},{"floor":38.0,"key":"wanderingMiniBosses:CarrionFlame"},{"floor":40.0,"key":"infinitespire:CheckeredPen"},{"floor":43.0,"key":"ReplayTheSpireMod:TigerMarble"},{"floor":44.0,"key":"Kunai"},{"floor":47.0,"key":"reliquary:JackalopeAntler"},{"floor":48,"key":"Whetstone"},{"floor":52,"key":"paleoftheancients:SoulOfTheWokeBloke"},{"floor":58,"key":"infinitespire:Bottled Soul"}],"event_choices":[{"damage_healed":0.0,"max_hp_gain":0.0,"max_hp_loss":0.0,"gold_gain":0.0,"event_name":"Upgrade Shrine","player_choice":"Upgraded","floor":12.0,"gold_loss":0.0,"damage_taken":0.0,"cards_upgraded":["theForsaken:FuryStrikes"]},{"damage_healed":0.0,"max_hp_gain":0.0,"max_hp_loss":0.0,"gold_gain":275.0,"event_name":"Golden Shrine","player_choice":"Desecrate","floor":37.0,"gold_loss":0.0,"damage_taken":0.0,"cards_obtained":["Regret"]}],"is_beta":false,"boss_relics":[{"not_picked":["StuffTheSpire:RunicConfusion","ReplayTheSpireMod:SealedPack"],"picked":"aspiration:DefectSkillbook"},{"not_picked":["energizedSpire:EnergizedDie","Replay:Ancient Bell"],"picked":"Fusion Hammer"}],"items_purged_floors":[27,39,54],"is_endless":false,"potions_floor_spawned":[2,8,13,14,22,30,33,40,44,45,46,51],"ascension_level":3}}