{"host":"jwpp8hxpigr0nknu","time":1613278810,"event":{"mods":["BaseMod","BetterRewards","Colored Map","Colored Powertips","Minty Spire (QoL Compilation)","Rare Cards Sparkle","Shop Mod","StSLib"],"gold_per_floor":[114,133,145,162,177,205,232,266,315,346,12,38,71,100,100,174,174,188,188,41,41,68,68,68],"floor_reached":23,"language":"ENG","playtime":1311,"items_purged":[],"score":547,"play_id":"24649cdb-3a40-4e04-91a2-8e64b3e7df70","local_time":"20210213230010","daily_mods":["Draft","Heirloom","Flight","Elite Swarm","Lethality"],"is_ascension_mode":true,"campfire_choices":[{"data":"Limit Break","floor":15,"key":"SMITH"}],"circlet_count":0,"master_deck":["AscendersBane","Dark Embrace","Seeing Red","True Grit","Uppercut","Seeing Red","Uppercut","Sever Soul","Twin Strike","Seeing Red","Pummel","Flex","Rage","Sword Boomerang","Flame Barrier","Warcry","Headbutt","Shrug It Off","Uppercut","Limit Break+1","Exhume","Demon Form","Fiend Fire","Fiend Fire","Warcry+1","Double Tap+1","Impervious+1","Offering+1","Impervious+1","Trip+1","Armaments+1","Battle Trance+1","Warcry+1","Havoc+1"],"relics":["Burning Blood","TungstenRod","Pantograph","Bronze Scales","Ice Cream","Tiny Chest","The Courier","Toxic Egg 2","Pen Nib","Mango","Oddly Smooth Stone","Philosopher\u0027s Stone","Smiling Mask","Toy Ornithopter"],"acts_visited":["Exordium","TheCity"],"potions_floor_usage":[14],"damage_taken":[{"damage":0.0,"enemies":"Cultist","floor":1.0,"turns":1.0},{"damage":0.0,"enemies":"2 Louse","floor":2.0,"turns":2.0},{"damage":0.0,"enemies":"Small Slimes","floor":3.0,"turns":2.0},{"damage":20.0,"enemies":"Exordium Thugs","floor":4.0,"turns":3.0},{"damage":11.0,"enemies":"Red Slaver","floor":5.0,"turns":2.0},{"damage":4.0,"enemies":"Gremlin Nob","floor":6.0,"turns":3.0},{"damage":0.0,"enemies":"Lagavulin","floor":7.0,"turns":4.0},{"damage":16.0,"enemies":"3 Sentries","floor":8.0,"turns":4.0},{"damage":0.0,"enemies":"Lagavulin","floor":10.0,"turns":4.0},{"damage":24.0,"enemies":"3 Sentries","floor":12.0,"turns":4.0},{"damage":4.0,"enemies":"Gremlin Nob","floor":13.0,"turns":3.0},{"damage":0,"enemies":"Lagavulin","floor":14,"turns":4},{"damage":61,"enemies":"Hexaghost","floor":16,"turns":4},{"damage":27,"enemies":"3 Byrds","floor":18,"turns":4},{"damage":49,"enemies":"Gremlin Leader","floor":23,"turns":4}],"seed_played":"5937399847261375668","potions_obtained":[{"floor":1.0,"key":"SkillPotion"},{"floor":2.0,"key":"Block Potion"},{"floor":3.0,"key":"Fruit Juice"},{"floor":7.0,"key":"ColorlessPotion"},{"floor":8.0,"key":"Weak Potion"},{"floor":12.0,"key":"DuplicationPotion"},{"floor":18,"key":"EssenceOfSteel"}],"is_trial":true,"path_per_floor":["M","M","M","M","M","E","E","E","T","E","$","E","E","E","R","B",null,"M","?","$","?","T","E"],"character_chosen":"IRONCLAD","items_purchased":["Toxic Egg 2","Fiend Fire","Warcry+1","Armaments+1","Battle Trance+1","Warcry+1","Havoc+1"],"campfire_rested":0,"item_purchase_floors":[11,11,11,20,20,20,20],"current_hp_per_floor":[74,75,75,66,61,63,69,59,59,65,65,47,63,69,69,39,80,59,59,59,59,59,10,10],"gold":68,"neow_bonus":"","is_daily":false,"chose_seed":false,"campfire_upgraded":1,"win_rate":0.0,"timestamp":1613278810,"path_taken":["M","M","M","?","M","E","E","E","T","E","$","E","E","E","R","BOSS","M","?","?","?","?","E"],"items_purchased_type":["Relic","Card","Card","Card","Card","Card","Card"],"build_version":"2020-12-22","purchased_purges":0,"victory":false,"max_hp_per_floor":[75,75,75,80,80,80,80,80,80,80,80,80,94,94,94,94,94,94,94,94,94,94,94,94],"card_choices":[{"not_picked":["Clothesline","Clash"],"picked":"Dark Embrace","floor":0.0},{"not_picked":["Hemokinesis","Clash"],"picked":"Seeing Red","floor":0.0},{"not_picked":["Hemokinesis","Shrug It Off"],"picked":"True Grit","floor":0.0},{"not_picked":["Pommel Strike","Whirlwind"],"picked":"Uppercut","floor":0.0},{"not_picked":["Sword Boomerang","Cleave"],"picked":"Seeing Red","floor":0.0},{"not_picked":["Dark Embrace","Wild Strike"],"picked":"Uppercut","floor":0.0},{"not_picked":["Twin Strike","Cleave"],"picked":"Sever Soul","floor":0.0},{"not_picked":["True Grit","Battle Trance"],"picked":"Twin Strike","floor":0.0},{"not_picked":["Shrug It Off","Clothesline"],"picked":"Seeing Red","floor":0.0},{"not_picked":["Twin Strike","Shockwave"],"picked":"Pummel","floor":0.0},{"not_picked":["Heavy Blade","Headbutt"],"picked":"Flex","floor":0.0},{"not_picked":["Heavy Blade","Headbutt"],"picked":"Rage","floor":0.0},{"not_picked":["Flex","Cleave"],"picked":"Sword Boomerang","floor":0.0},{"not_picked":["Twin Strike","Armaments"],"picked":"Flame Barrier","floor":0.0},{"not_picked":["Havoc","Anger"],"picked":"Warcry","floor":0.0},{"not_picked":["Havoc","Entrench"],"picked":"Headbutt","floor":1.0},{"not_picked":["True Grit","Body Slam"],"picked":"Shrug It Off","floor":2.0},{"not_picked":["Hemokinesis","Dark Embrace"],"picked":"Uppercut","floor":3.0},{"not_picked":["Searing Blow","Clash","Twin Strike"],"picked":"SKIP","floor":4.0},{"not_picked":["Iron Wave","Headbutt","Thunderclap"],"picked":"SKIP","floor":5.0},{"not_picked":["Double Tap","Feed"],"picked":"Limit Break","floor":6.0},{"not_picked":["Bludgeon","Limit Break"],"picked":"Exhume","floor":7.0},{"not_picked":["Barricade","Immolate"],"picked":"Demon Form","floor":8.0},{"not_picked":["Demon Form","Corruption"],"picked":"Fiend Fire","floor":10.0},{"not_picked":["Berserk","Impervious+1"],"picked":"Double Tap+1","floor":12.0},{"not_picked":["Bludgeon","Brutality"],"picked":"Impervious+1","floor":13.0},{"not_picked":["Immolate","Juggernaut"],"picked":"Offering+1","floor":14},{"not_picked":["Barricade","Juggernaut"],"picked":"Impervious+1","floor":16},{"not_picked":["Spot Weakness+1","Clothesline","Pommel Strike"],"picked":"SKIP","floor":18}],"player_experience":348913,"relics_obtained":[{"floor":6.0,"key":"Pantograph"},{"floor":7.0,"key":"Bronze Scales"},{"floor":8.0,"key":"Ice Cream"},{"floor":9.0,"key":"Tiny Chest"},{"floor":10.0,"key":"The Courier"},{"floor":12.0,"key":"Pen Nib"},{"floor":13.0,"key":"Mango"},{"floor":14,"key":"Oddly Smooth Stone"},{"floor":22,"key":"Toy Ornithopter"}],"event_choices":[{"damage_healed":0,"gold_gain":0,"player_choice":"1 cards matched","damage_taken":0,"max_hp_gain":0,"max_hp_loss":0,"event_name":"Match and Keep!","floor":19,"gold_loss":0,"cards_obtained":["Trip"]},{"damage_healed":0,"gold_gain":0,"player_choice":"Gave Potion","damage_taken":0,"relics_obtained":["Smiling Mask"],"max_hp_gain":0,"max_hp_loss":0,"event_name":"WeMeetAgain","floor":21,"gold_loss":0}],"is_beta":false,"boss_relics":[{"not_picked":["SacredBark","Busted Crown"],"picked":"Philosopher\u0027s Stone"}],"items_purged_floors":[],"is_endless":true,"potions_floor_spawned":[1,2,3,7,8,12,18],"killed_by":"Gremlin Leader","ascension_level":14}}