{"host":"rq7gz685gkaokql0","time":1613344972,"event":{"mods":["BaseMod","Infinite Spire","Minty Spire (QoL Compilation)","Replay The Spire","StSLib"],"gold_per_floor":[114,131,30,40,58,58,92,92,92,92,126,126,176,196,196,267,267,279,279,279,298,23,23,23],"floor_reached":23,"language":"ENG","playtime":692,"items_purged":[],"score":398,"play_id":"f4262247-4628-4006-8c48-bb7a627fd1fa","local_time":"20210214132252","is_ascension_mode":true,"campfire_choices":[{"data":"Dagger Spray","floor":6.0,"key":"SMITH"},{"floor":8.0,"key":"REST"},{"floor":10.0,"key":"DIG"},{"floor":15.0,"key":"DIG"}],"circlet_count":0,"master_deck":["AscendersBane","Strike_G","Strike_G","Strike_G","Strike_G","Defend_G","Defend_G","Defend_G","Defend_G","Defend_G","Survivor","Neutralize","Flying Knee","Skewer","Leg Sweep","Dagger Spray+1","Noxious Fumes+1","PiercingWail","Deadly Poison","ReplayTheSpireMod:From All Sides","Bouncing Flask","Crippling Poison","Dagger Spray","ReplayTheSpireMod:Exploit Weakness+1"],"relics":["Ring of the Snake","NeowsBlessing","infinitespire:ShieldingShard","Replay:Multitool","Lizard Tail","infinitespire:Lychee Nut","Replay:Bottled Steam","Art of War","Regal Pillow","SacredBark","Membership Card","Orichalcum"],"acts_visited":["Exordium","TheCity"],"potions_floor_usage":[],"damage_taken":[{"damage":0.0,"enemies":"Cultist","floor":1.0,"turns":1.0},{"damage":0.0,"enemies":"Jaw Worm","floor":2.0,"turns":1.0},{"damage":0.0,"enemies":"Small Slimes","floor":4.0,"turns":1.0},{"damage":13.0,"enemies":"Red Slaver","floor":5.0,"turns":5.0},{"damage":31.0,"enemies":"Replay:BlueRogue","floor":7.0,"turns":10.0},{"damage":47.0,"enemies":"Gremlin Nob","floor":11.0,"turns":5.0},{"damage":0.0,"enemies":"3 Louse","floor":14.0,"turns":2.0},{"damage":21.0,"enemies":"The Guardian","floor":16.0,"turns":11.0},{"damage":23.0,"enemies":"Spheric Guardian","floor":18.0,"turns":7.0},{"damage":9.0,"enemies":"3 Byrds","floor":21.0,"turns":3.0},{"damage":20,"enemies":"Cultist and Chosen","floor":23,"turns":5}],"seed_played":"2680558587518834957","potions_obtained":[{"floor":4.0,"key":"Adrenaline Potion"},{"floor":14.0,"key":"ColorlessPotion"},{"floor":16.0,"key":"Explosive Potion"}],"is_trial":false,"path_per_floor":["M","M","?","M","M","R","E","R","T","R","E","R","T","M","R","B",null,"M","?","?","M","$","M"],"character_chosen":"THE_SILENT","items_purchased":["Membership Card","Orichalcum","ReplayTheSpireMod:Exploit Weakness+1"],"campfire_rested":1,"item_purchase_floors":[22,22,22],"current_hp_per_floor":[59,59,59,59,46,46,15,34,34,34,36,49,49,49,49,29,44,26,14,14,10,10,0,0],"gold":23,"neow_bonus":"THREE_ENEMY_KILL","is_daily":false,"chose_seed":false,"campfire_upgraded":1,"win_rate":0.0,"timestamp":1613344972,"path_taken":["M","?","?","M","?","R","E","R","T","R","E","R","?","M","R","BOSS","M","?","?","?","$","M"],"items_purchased_type":["Relic","Relic","Card"],"build_version":"2020-12-22","purchased_purges":0,"victory":false,"max_hp_per_floor":[66,66,66,66,66,66,66,66,66,49,49,49,49,49,49,49,49,49,54,54,54,54,54,54],"card_choices":[{"not_picked":["ReplayTheSpireMod:Shiv Toss","Sucker Punch"],"picked":"Flying Knee","floor":1.0},{"not_picked":["Flechettes","Prepared"],"picked":"Skewer","floor":2.0},{"not_picked":["Doppelganger","Caltrops"],"picked":"Leg Sweep","floor":4.0},{"not_picked":["Cloak And Dagger","Blade Dance"],"picked":"Dagger Spray","floor":5.0},{"not_picked":["Deadly Poison","Dodge and Roll"],"picked":"Noxious Fumes","floor":7.0},{"not_picked":["Sucker Punch","Flying Knee"],"picked":"PiercingWail","floor":11.0},{"not_picked":["Finisher","Dagger Throw"],"picked":"Deadly Poison","floor":14.0},{"not_picked":["Venomology","Wraith Form v2"],"picked":"ReplayTheSpireMod:From All Sides","floor":16.0},{"not_picked":["Skewer","Flying Knee"],"picked":"Bouncing Flask","floor":18.0},{"not_picked":["Masterful Stab","Backflip"],"picked":"Dagger Spray","floor":21.0}],"player_experience":1295230,"relics_obtained":[{"floor":7.0,"key":"Replay:Multitool"},{"floor":9.0,"key":"Lizard Tail"},{"floor":10.0,"key":"infinitespire:Lychee Nut"},{"floor":11.0,"key":"Replay:Bottled Steam"},{"floor":13.0,"key":"Art of War"},{"floor":15.0,"key":"Regal Pillow"}],"event_choices":[{"damage_healed":0.0,"max_hp_gain":0.0,"max_hp_loss":0.0,"gold_gain":0.0,"event_name":"WeMeetAgain","player_choice":"Paid Gold","floor":3.0,"gold_loss":101.0,"damage_taken":0.0,"relics_obtained":["infinitespire:ShieldingShard"]},{"damage_healed":0.0,"max_hp_gain":5.0,"max_hp_loss":0.0,"gold_gain":0.0,"event_name":"Forgotten Altar","player_choice":"Shed Blood","floor":19.0,"gold_loss":0.0,"damage_taken":17.0},{"damage_healed":0.0,"max_hp_gain":0.0,"max_hp_loss":0.0,"gold_gain":0.0,"cards_transformed":["Strike_G"],"event_name":"Transmorgrifier","player_choice":"Transformed","floor":20.0,"gold_loss":0.0,"damage_taken":0.0,"cards_obtained":["Crippling Poison"]}],"is_beta":false,"boss_relics":[{"not_picked":["Velvet Choker","Painkiller Herb"],"picked":"SacredBark"}],"items_purged_floors":[],"is_endless":false,"potions_floor_spawned":[4,14,16],"killed_by":"Cultist and Chosen","ascension_level":20}}