{"host":"iawk615p0198zs2h","time":1613331706,"event":{"mods":["BaseMod","Better Third Choice","BetterRewards","Downfall","Gold Saver","Infinite Spire","Minty Spire (QoL Compilation)","Quick Restart","Rare Cards Sparkle","Replay The Spire","Spicy Shops","StSLib","The Necromancer"],"gold_per_floor":[112,123,123,73,92,92,127,141,167,187,262,282,316,332,332,432,432,442,442,429,447,447,447,447,461,461,488,488,588,588,620,620,719,719,735,735,735,748,748,748,748,780,780,815,864,883,883,896,896,998,998,1000,1000,1175,1100,1112,1114,1123,1123,1123,1123,1123,1123,1168,1173,1173,1276,1276,1277,493,497,497,572,588,588,599,623,623,623,623,623,602,602],"floor_reached":82,"language":"ENG","playtime":4012,"items_purged":["infinitespire:Oblivion","Strike_B","Doubt","Steam","Zap"],"score":1197,"play_id":"3c40476a-ab0a-435c-af3f-a95b860507b6","local_time":"20210214204146","is_ascension_mode":true,"campfire_choices":[{"data":"Streamline","floor":6,"key":"SMITH"},{"data":"infinitespire:Fortify","floor":23,"key":"SMITH"},{"data":"Creative AI","floor":32,"key":"SMITH"},{"data":"Hologram","floor":40,"key":"SMITH"},{"data":"infinitespire:Punishment","floor":49,"key":"SMITH"},{"data":"Seek","floor":59,"key":"SMITH"},{"data":"ReplayTheSpireMod:??????????????????????","floor":66,"key":"SMITH"},{"data":"ReplayTheSpireMod:Fabricate Wheel","floor":75,"key":"SMITH"},{"data":"Machine Learning","floor":78,"key":"SMITH"}],"circlet_count":0,"master_deck":["Defend_B","Dualcast","Coolheaded","Streamline+1","Footwork+1","Ball Lightning","Self Repair+1","Hologram+1","Ball Lightning","Creative AI+1","Turbo","infinitespire:Fortify+1","BootSequence","Hologram+1","infinitespire:Fortify+1","Core Surge","Bandage Up","Replay:Sssssssssshield","Bandage Up","Coolheaded","Reboot","Streamline","Self Repair","infinitespire:Punishment+1","Seek+1","ReplayTheSpireMod:??????????????????????+1","Machine Learning+1","infinitespire:Collect","Turbo+1","Creative AI","Blizzard+1","infinitespire:Punishment+1","Ghostly","Ghostly","Ghostly","Ghostly","Ghostly","infinitespire:SealOfDarkness+"],"relics":["Cracked Core","Replay:Mystery Machine","Oddly Smooth Stone","Nunchaku","Turnip","SlaversCollar","infinitespire:FocusingShard","Bottled Lightning","Juzu Bracelet","Chameleon Ring","infinitespire:Broken Mirror","Velvet Choker","Snack Pack","Replay:Accelerometer","ReplayTheSpireMod:Shallot","Ice Cream","CaptainsWheel","Philosopher\u0027s Stone","Question Card","Bird Faced Urn","Blood Vial","infinitespire:Cupcake","Calipers","Molten Egg 2","DataDisk","Prayer Wheel","Unceasing Top","Geode"],"acts_visited":["Exordium","TheCity","TheBeyond","Exordium","TheCity"],"potions_floor_usage":[7,13,25,50,50],"damage_taken":[{"damage":5,"enemies":"Jaw Worm","floor":1,"turns":4},{"damage":0,"enemies":"2 Louse","floor":2,"turns":4},{"damage":0,"enemies":"Cultist","floor":5,"turns":3},{"damage":2,"enemies":"Replay:BlueRogue","floor":7,"turns":5},{"damage":6,"enemies":"Looter","floor":8,"turns":3},{"damage":5,"enemies":"3 Louse","floor":10,"turns":3},{"damage":0,"enemies":"Blue Slaver","floor":12,"turns":3},{"damage":18,"enemies":"Gremlin Nob","floor":13,"turns":4},{"damage":7,"enemies":"Gremlin Gang","floor":14,"turns":4},{"damage":5,"enemies":"Slime Boss","floor":16,"turns":9},{"damage":7,"enemies":"Shell Parasite","floor":18,"turns":12},{"damage":12,"enemies":"2 Thieves","floor":20,"turns":5},{"damage":19,"enemies":"Snake Plant","floor":21,"turns":6},{"damage":35,"enemies":"Shelled Parasite and Fungi","floor":25,"turns":9},{"damage":3,"enemies":"Replay:Snechameleon","floor":27,"turns":7},{"damage":7,"enemies":"Nightmare","floor":31,"turns":12},{"damage":27,"enemies":"Champ","floor":33,"turns":10},{"damage":6,"enemies":"Orb Walker","floor":35,"turns":4},{"damage":11,"enemies":"3 Shapes","floor":38,"turns":7},{"damage":10,"enemies":"Nemesis","floor":42,"turns":9},{"damage":14,"enemies":"Reptomancer","floor":44,"turns":8},{"damage":21,"enemies":"2 Orb Walkers","floor":45,"turns":6},{"damage":5,"enemies":"3 Darklings","floor":46,"turns":5},{"damage":2,"enemies":"Sphere and 2 Shapes","floor":48,"turns":4},{"damage":67,"enemies":"infinitespire:MassOfShapes","floor":50,"turns":17},{"damage":0,"enemies":"Small Slimes","floor":52,"turns":4},{"damage":0,"enemies":"infinitespire:Voidling","floor":56,"turns":2},{"damage":0,"enemies":"3 Sentries","floor":57,"turns":5},{"damage":0,"enemies":"Cultist","floor":58,"turns":2},{"damage":0,"enemies":"Looter","floor":65,"turns":2},{"damage":0,"enemies":"Fading Forest","floor":67,"turns":1},{"damage":0,"enemies":"2 Thieves","floor":69,"turns":2},{"damage":0,"enemies":"Chosen","floor":71,"turns":3},{"damage":0,"enemies":"Slavers","floor":74,"turns":3},{"damage":0,"enemies":"Book of Stabbing","floor":76,"turns":5},{"damage":39,"enemies":"Nightmare_Alpha","floor":82,"turns":5}],"seed_played":"5753225010910381581","potions_obtained":[{"floor":1,"key":"FocusPotion"},{"floor":5,"key":"Dexterity Potion"},{"floor":8,"key":"SpeedPotion"},{"floor":16,"key":"Block Potion"},{"floor":20,"key":"CultistPotion"},{"floor":31,"key":"Elixir"},{"floor":46,"key":"Languid Potion"},{"floor":52,"key":"ColorlessPotion"},{"floor":67,"key":"SteroidPotion"}],"is_trial":false,"path_per_floor":["M","M","?","?","M","R","E","M","T","M","?","M","E","M","R","B",null,"M","AVR","M","M","?","R","?","M","T","E","T","?","?","NM","R","B",null,"M","?","?","M","?","R","T","E","T","E","?","M","AVR","M","R","B",null,"M","?","?","$","M","E","M","R","T","?","?","AVR","?","M","R","B",null,"M","$","M","?","?","E","R","E","T","R","?","?","AVR","NM"],"character_chosen":"DEFECT","items_purchased":["Calipers","Molten Egg 2"],"campfire_rested":0,"item_purchase_floors":[70,70],"current_hp_per_floor":[70,70,53,53,53,53,51,52,52,54,43,43,25,25,47,52,75,75,75,73,64,64,64,64,39,39,46,46,46,46,49,49,22,75,75,65,65,68,68,68,68,75,75,71,70,70,70,75,75,35,75,75,75,75,75,75,75,75,75,75,68,68,68,50,58,58,60,75,75,75,75,75,68,75,75,75,75,75,75,37,37,0,0],"gold":602,"neow_bonus":"RANDOM_EVENT","is_daily":false,"chose_seed":false,"campfire_upgraded":9,"win_rate":0.0,"timestamp":1613331706,"path_taken":["M","M","?","?","M","R","E","?","T","M","?","M","E","M","R","BOSS","M","AVR","M","M","?","R","?","M","T","E","?","?","?","NM","R","BOSS","M","?","?","M","?","R","?","E","T","E","?","M","AVR","M","R","BOSS","M","?","?","$","M","E","M","R","T","?","?","AVR","?","M","R","BOSS","M","$","M","?","?","E","R","E","T","R","?","?","AVR","NM"],"items_purchased_type":["Relic","Relic"],"build_version":"2020-12-22","purchased_purges":5,"victory":false,"max_hp_per_floor":[75,75,75,75,75,75,75,75,75,75,75,75,75,75,75,75,75,75,75,75,75,75,75,75,75,75,75,75,75,75,75,75,75,75,75,75,75,75,75,75,75,75,75,75,75,75,75,75,75,75,75,75,75,75,75,75,75,75,75,75,75,75,75,75,75,75,75,75,75,75,75,75,75,75,75,75,75,75,75,37,37,37,37],"card_choices":[{"not_picked":["Conserve Battery","Rebound"],"picked":"Coolheaded","floor":1},{"not_picked":["Redo","Lockon"],"picked":"Streamline","floor":2},{"not_picked":["Stack","Gash"],"picked":"Ball Lightning","floor":5},{"not_picked":["Streamline","Hologram"],"picked":"Self Repair","floor":7},{"not_picked":["Crystallizer","Coolheaded"],"picked":"Hologram","floor":8},{"not_picked":["Scrape","Rip and Tear"],"picked":"Ball Lightning","floor":10},{"not_picked":["BasicCrystalCard","Rip and Tear","Stack"],"picked":"SKIP","floor":12},{"not_picked":["Fusion","Stack","Double Energy"],"picked":"SKIP","floor":13},{"not_picked":["Reprogram","Storm"],"picked":"Steam","floor":14},{"not_picked":["Hyperbeam","Rainbow"],"picked":"Creative AI","floor":16},{"not_picked":["Hologram+1","Genetic Algorithm"],"picked":"Turbo","floor":18},{"not_picked":["Conserve Battery+1","White Noise"],"picked":"BootSequence","floor":20},{"not_picked":["Genetic Algorithm+1","Gash","Coolheaded"],"picked":"SKIP","floor":21},{"not_picked":["Aggregate","BasicCrystalCard"],"picked":"Hologram+1","floor":25},{"not_picked":["Consume","Blizzard","ReplayTheSpireMod:System Scan"],"picked":"SKIP","floor":27},{"not_picked":["BasicCrystalCard","Force Field","Stack"],"picked":"SKIP","floor":31},{"not_picked":["Thunder Strike","Rainbow"],"picked":"Core Surge","floor":33},{"not_picked":["Rebound","Go for the Eyes","Melter+1"],"picked":"SKIP","floor":35},{"not_picked":["Sadistic Nature","HandOfGreed"],"picked":"Bandage Up","floor":36},{"not_picked":["Violence","Good Instincts"],"picked":"Replay:Sssssssssshield","floor":36},{"not_picked":["Blind","Violence"],"picked":"Bandage Up","floor":36},{"not_picked":["BasicCrystalCard+1","Stack","Ball Lightning"],"picked":"SKIP","floor":38},{"not_picked":["Conserve Battery+1","Turbo"],"picked":"Coolheaded","floor":42},{"not_picked":["Melter","Conserve Battery+1"],"picked":"Reboot","floor":44},{"not_picked":["ReplayTheSpireMod:GoodbyeWorld","Conserve Battery"],"picked":"Streamline","floor":45},{"not_picked":["Double Energy+1","Rip and Tear"],"picked":"Self Repair","floor":46},{"not_picked":["Hello World","Compile Driver","Reinforced Body+1"],"picked":"SKIP","floor":48},{"not_picked":["ReplayTheSpireMod:Omega Cannon","Echo Form"],"picked":"Seek","floor":50},{"not_picked":["Leap","Compile Driver","Panic Button"],"picked":"SKIP","floor":52},{"not_picked":["Redo","Sweeping Beam","Turbo"],"picked":"SKIP","floor":56},{"not_picked":["Darkness","Static Discharge","ReplayTheSpireMod:Calculation Training"],"picked":"SKIP","floor":57},{"not_picked":["Steam","Meteor Strike","Turbo","Ball Lightning"],"picked":"SKIP","floor":58},{"not_picked":["Self Repair","Turbo","Panic Button","Beam Cell"],"picked":"SKIP","floor":65},{"not_picked":["Creative AI","Electrodynamics","Thunder Strike"],"picked":"Machine Learning","floor":67},{"not_picked":["ReplayTheSpireMod:Black Plague","infinitespire:SevenWalls"],"picked":"infinitespire:Collect","floor":69},{"not_picked":["Aggregate","Hologram","Doom and Gloom+1"],"picked":"Turbo+1","floor":69},{"not_picked":["Undo","Beam Cell+1","Streamline+1","Barrage+1"],"picked":"SKIP","floor":71},{"not_picked":["Conserve Battery","Go for the Eyes+1","Leap"],"picked":"ReplayTheSpireMod:Fabricate Wheel","floor":74},{"not_picked":["BasicCrystalCard","Sweeping Beam+1","Rainbow"],"picked":"Blizzard+1","floor":76}],"player_experience":206448,"relics_obtained":[{"floor":7,"key":"Oddly Smooth Stone"},{"floor":9,"key":"Nunchaku"},{"floor":13,"key":"Turnip"},{"floor":26,"key":"Bottled Lightning"},{"floor":27,"key":"Juzu Bracelet"},{"floor":28,"key":"Chameleon Ring"},{"floor":31,"key":"infinitespire:Broken Mirror"},{"floor":41,"key":"Snack Pack"},{"floor":42,"key":"Replay:Accelerometer"},{"floor":43,"key":"ReplayTheSpireMod:Shallot"},{"floor":44,"key":"Ice Cream"},{"floor":45,"key":"CaptainsWheel"},{"floor":57,"key":"Question Card"},{"floor":60,"key":"Bird Faced Urn"},{"floor":64,"key":"Blood Vial"},{"floor":74,"key":"DataDisk"},{"floor":76,"key":"Unceasing Top"},{"floor":77,"key":"Geode"}],"event_choices":[{"cards_removed":["Strike_B"],"damage_healed":0,"gold_gain":0,"player_choice":"Forget","damage_taken":0,"max_hp_gain":0,"max_hp_loss":0,"event_name":"Living Wall","floor":0,"gold_loss":0},{"cards_removed":["Defend_B"],"damage_healed":0,"gold_gain":0,"player_choice":"Card Removal","damage_taken":0,"max_hp_gain":0,"max_hp_loss":0,"event_name":"The Cleric","floor":4,"gold_loss":50},{"damage_healed":0,"gold_gain":75,"player_choice":"Gold","damage_taken":11,"max_hp_gain":0,"max_hp_loss":0,"event_name":"betterThird:BetterGoop","floor":11,"gold_loss":0},{"damage_healed":0,"gold_gain":0,"player_choice":"Adaptability","damage_taken":0,"max_hp_gain":0,"max_hp_loss":0,"event_name":"betterThird:BetterWriting","floor":22,"gold_loss":0},{"damage_healed":0,"gold_gain":100,"player_choice":"Pray","damage_taken":0,"max_hp_gain":0,"max_hp_loss":0,"event_name":"Golden Shrine","floor":29,"gold_loss":0},{"damage_healed":0,"gold_gain":0,"player_choice":"Copied","damage_taken":0,"max_hp_gain":0,"max_hp_loss":0,"event_name":"Duplicator","floor":30,"gold_loss":0,"cards_obtained":["infinitespire:Fortify"]},{"damage_healed":0,"gold_gain":0,"player_choice":"Memory 3","damage_taken":10,"max_hp_gain":0,"max_hp_loss":0,"event_name":"SensoryStone","floor":36,"gold_loss":0},{"cards_removed":["Strike_B"],"damage_healed":0,"gold_gain":0,"player_choice":"Purged","damage_taken":0,"max_hp_gain":0,"max_hp_loss":0,"event_name":"Purifier","floor":37,"gold_loss":0},{"cards_removed":["Strike_B"],"damage_healed":0,"gold_gain":0,"player_choice":"Offered Basic","damage_taken":0,"max_hp_gain":0,"max_hp_loss":0,"event_name":"Bonfire Elementals","floor":39,"gold_loss":0},{"damage_healed":0,"gold_gain":0,"player_choice":"Fight","damage_taken":0,"max_hp_gain":0,"max_hp_loss":0,"event_name":"Mysterious Sphere","floor":45,"gold_loss":0},{"cards_removed":["Defend_B"],"damage_healed":0,"gold_gain":0,"player_choice":"Purged","damage_taken":0,"max_hp_gain":0,"max_hp_loss":0,"event_name":"Purifier","floor":53,"gold_loss":0},{"damage_healed":0,"gold_gain":175,"player_choice":"AGREE","damage_taken":1000,"max_hp_gain":0,"max_hp_loss":0,"event_name":"betterThird:BetterSerpent","floor":54,"gold_loss":0},{"cards_removed":["Defend_B"],"damage_healed":0,"gold_gain":0,"player_choice":"Card Removal","damage_taken":7,"max_hp_gain":0,"max_hp_loss":0,"event_name":"Golden Wing","floor":61,"gold_loss":0},{"damage_healed":0,"gold_gain":0,"player_choice":"Bought 0 Potions","damage_taken":0,"max_hp_gain":0,"max_hp_loss":0,"event_name":"The Woman in Blue","floor":62,"gold_loss":0},{"damage_healed":0,"gold_gain":75,"player_choice":"Touch","damage_taken":7,"max_hp_gain":0,"max_hp_loss":0,"event_name":"FaceTrader","floor":73,"gold_loss":0},{"damage_healed":0,"gold_gain":0,"player_choice":"Copied","damage_taken":0,"max_hp_gain":0,"max_hp_loss":0,"event_name":"Duplicator","floor":79,"gold_loss":0,"cards_obtained":["infinitespire:Punishment"]},{"damage_healed":0,"gold_gain":0,"player_choice":"Became a Ghost","damage_taken":0,"max_hp_gain":0,"max_hp_loss":38,"event_name":"Ghosts","floor":80,"gold_loss":0,"cards_obtained":["Ghostly","Ghostly","Ghostly","Ghostly","Ghostly"]}],"is_beta":false,"boss_relics":[{"not_picked":["Kintsugi","SacredBark"],"picked":"SlaversCollar"},{"not_picked":["Painkiller Herb","Cursed Key"],"picked":"Velvet Choker"},{"not_picked":["Fusion Hammer","Replay:Bronze Core"],"picked":"Philosopher\u0027s Stone"},{"not_picked":["bronze:MakeshiftBattery","Empty Cage"],"picked":"infinitespire:Cupcake"}],"items_purged_floors":[19,47,55,70,70],"is_endless":true,"potions_floor_spawned":[1,5,8,16,20,31,42,45,46,52,67,71,76],"killed_by":"Nightmare_Alpha","ascension_level":1}}