{"host":"l15sdf2mmi0nobpi","time":1613319840,"event":{"mods":["ATMod(°¢èªMod)","BaseMod","Highlight Path","Minty Spire (QoL Compilation)","Quick Restart","StSLib","The Runesmith","The Senshi","¡¾¹¦ÄÜMod¡¿Neow½±Àø"],"gold_per_floor":[119,119,139,139,139,174,174,202,202,202,215,215,245,259,259,361,361,380,305,322,63,63,95,14,43,43,68,81,112,112,123,123,218,218,232,243,243,243,243,269,269,301,353,482,492,492,392,392,392,592,592,592,22,257,357],"floor_reached":56,"language":"ZHS","playtime":34668,"items_purged":["theSenshi:SailorKick","Injury","theSenshi:SailorBlock"],"score":1686,"play_id":"fb8ce633-da59-4c81-af07-f111b877d644","local_time":"20210215002400","is_ascension_mode":true,"campfire_choices":[{"data":"AT_WindFlip","floor":7.0,"key":"SMITH"},{"data":"theSenshi:GlimpseOfThePast","floor":10.0,"key":"SMITH"},{"data":"theSenshi:YouCanTalk","floor":12.0,"key":"SMITH"},{"data":"theSenshi:MoonCrystalPowerMakeUp","floor":15.0,"key":"SMITH"},{"data":"Apotheosis","floor":30.0,"key":"SMITH"},{"floor":32.0,"key":"REST"},{"floor":49,"key":"RECALL"},{"data":"theSenshi:MoonCrisisMakeUp","floor":52,"key":"SMITH"}],"circlet_count":0,"master_deck":["theSenshi:SailorBlock","theSenshi:SailorBlock","theSenshi:SailorBlock","theSenshi:RoseThrow","theSenshi:MoonPrismPowerMakeUp","AT_WindFlip+1","Discovery","theSenshi:YouCanTalk+1","theSenshi:MoonCrystalPowerMakeUp+1","theSenshi:SchoolBag","theSenshi:SilverMoonCrystalPowerKiss+1","theSenshi:MoonCrisisMakeUp+1","Apotheosis+1","theSenshi:SailorStarHealerAssists","theSenshi:SailorSaturnAssists","theSenshi:SailorJupiterAssists+1","theSenshi:MoonCrisisMakeUp","theSenshi:KlutzyLuck+1","Madness","Madness"],"relics":["theSenshi:TransformationBroochRelic","AT_ATBox","Torii","Pocketwatch","AT_BladeRuinedKing","theSenshi:SpiralHeartMoonRodRelic","Ancient Tea Set","AT_TrinityForce","theSenshi:HolyGrailRelic","Whetstone","theSenshi:SuperSailorFukuRelic","Tiny Chest","Boot","Cursed Key","AT_SunfireAegis","AT_TheCollector","Kunai","Happy Flower","Thread and Needle","Toy Ornithopter"],"acts_visited":["Exordium","TheCity","TheBeyond","TheEnding"],"potions_floor_usage":[54,55],"damage_taken":[{"damage":2.0,"enemies":"2 Louse","floor":1.0,"turns":3.0},{"damage":0.0,"enemies":"Jaw Worm","floor":3.0,"turns":3.0},{"damage":36.0,"enemies":"Gremlin Nob","floor":6.0,"turns":5.0},{"damage":1.0,"enemies":"3 Sentries","floor":8.0,"turns":6.0},{"damage":0.0,"enemies":"Small Slimes","floor":11.0,"turns":2.0},{"damage":9.0,"enemies":"Lagavulin","floor":13.0,"turns":7.0},{"damage":1.0,"enemies":"Looter","floor":14.0,"turns":3.0},{"damage":11.0,"enemies":"The Guardian","floor":16.0,"turns":11.0},{"damage":0.0,"enemies":"Spheric Guardian","floor":18.0,"turns":3.0},{"damage":0.0,"enemies":"3 Byrds","floor":20.0,"turns":4.0},{"damage":0.0,"enemies":"Gremlin Leader","floor":23.0,"turns":3.0},{"damage":65.0,"enemies":"Slavers","floor":25.0,"turns":6.0},{"damage":5.0,"enemies":"Book of Stabbing","floor":27.0,"turns":6.0},{"damage":19.0,"enemies":"Shelled Parasite and Fungi","floor":28.0,"turns":5.0},{"damage":0.0,"enemies":"Gremlin Leader","floor":29.0,"turns":3.0},{"damage":0.0,"enemies":"Snake Plant","floor":31.0,"turns":2.0},{"damage":0.0,"enemies":"Champ","floor":33.0,"turns":9.0},{"damage":0.0,"enemies":"Orb Walker","floor":35.0,"turns":4.0},{"damage":0.0,"enemies":"3 Darklings","floor":36.0,"turns":1.0},{"damage":8.0,"enemies":"Nemesis","floor":40.0,"turns":3.0},{"damage":0.0,"enemies":"Reptomancer","floor":42.0,"turns":2.0},{"damage":0.0,"enemies":"Nemesis","floor":44.0,"turns":3.0},{"damage":0.0,"enemies":"Maw","floor":45.0,"turns":5.0},{"damage":0,"enemies":"Donu and Deca","floor":50,"turns":5},{"damage":28,"enemies":"Shield and Spear","floor":54,"turns":6},{"damage":54,"enemies":"The Heart","floor":55,"turns":8}],"seed_played":"1732801644035709476","potions_obtained":[{"floor":8.0,"key":"SpeedPotion"},{"floor":13.0,"key":"Block Potion"},{"floor":14.0,"key":"SkillPotion"},{"floor":18.0,"key":"CultistPotion"},{"floor":31.0,"key":"FearPotion"},{"floor":33.0,"key":"Energy Potion"},{"floor":44.0,"key":"Block Potion"}],"is_trial":false,"path_per_floor":["M","?","M","?","?","E","R","E","T","R","M","R","E","M","R","B",null,"M","?","M","$","?","E","$","E","T","E","M","E","R","M","R","B",null,"M","M","?","?","?","E","$","E","T","E","M","T","$","?","R","B",null,"R","$","E","B",null],"character_chosen":"THE_SENSHI","items_purchased":["Apotheosis","theSenshi:MoonCrisisMakeUp","Happy Flower","Thread and Needle"],"campfire_rested":1,"item_purchase_floors":[21,24,53,53],"current_hp_per_floor":[73,70,70,75,68,32,32,31,31,31,35,35,28,29,29,20,80,80,80,80,80,80,80,80,31,31,28,23,25,25,27,51,63,80,80,80,80,80,70,74,74,76,76,80,80,80,80,80,80,80,80,80,80,61,24],"gold":357,"neow_bonus":"RANDOM_COLORLESS","is_daily":false,"chose_seed":false,"campfire_upgraded":6,"win_rate":0.0,"timestamp":1613319840,"path_taken":["M","?","M","?","?","E","R","E","T","R","M","R","E","M","R","BOSS","M","?","M","$","?","E","$","E","T","E","M","E","R","M","R","BOSS","M","M","?","?","?","E","$","E","T","E","M","?","$","?","R","BOSS","R","$","E","BOSS"],"items_purchased_type":["Card","Card","Relic","Relic"],"build_version":"2020-12-22","purchased_purges":3,"victory":true,"max_hp_per_floor":[75,75,75,80,80,80,80,80,80,80,80,80,80,80,80,80,80,80,80,80,80,80,80,80,80,80,80,80,80,80,80,80,80,80,80,80,80,80,80,80,80,80,80,80,80,80,80,80,80,80,80,80,80,80,80],"card_choices":[{"not_picked":["Blind","Panacea"],"picked":"Discovery","floor":0.0},{"not_picked":["theSenshi:SailorMercuryAssists","theSenshi:SailorV"],"picked":"theSenshi:RainbowMoonHeartAche","floor":1.0},{"not_picked":["theSenshi:HesSoDreamy","theSenshi:LateForSchool","theSenshi:KlutzyLuck"],"picked":"SKIP","floor":3.0},{"not_picked":["theSenshi:MoonPower","theSenshi:GatheringStrength","theSenshi:InTheNickOfTime"],"picked":"SKIP","floor":6.0},{"not_picked":["theSenshi:MoonHealingEscalation","theSenshi:HesSoDreamy"],"picked":"theSenshi:GlimpseOfThePast","floor":8.0},{"not_picked":["theSenshi:SailorChibiMoonAssists","theSenshi:LunasBite"],"picked":"theSenshi:YouCanTalk","floor":11.0},{"not_picked":["theSenshi:SailorVenusAssists","theSenshi:DramaticEntrance"],"picked":"theSenshi:MoonCrystalPowerMakeUp","floor":13.0},{"not_picked":["theSenshi:SailorJupiterAssists","theSenshi:Sidestep"],"picked":"theSenshi:SchoolBag","floor":14.0},{"not_picked":["theSenshi:StudyParty","theSenshi:SilverCrystal"],"picked":"theSenshi:SilverMoonCrystalPowerKiss","floor":16.0},{"not_picked":["theSenshi:MoonsReflection+1","theSenshi:PlutosSolemnity"],"picked":"theSenshi:MoonCrisisMakeUp","floor":18.0},{"not_picked":["theSenshi:RainbowMoonHeartAche","theSenshi:Sidestep+1","theSenshi:LateForSchool"],"picked":"SKIP","floor":20.0},{"not_picked":["theSenshi:TuxedoSmokingBomber","theSenshi:SailorUranusAssists"],"picked":"theSenshi:SailorJupiterAssists","floor":23.0},{"not_picked":["theSenshi:UranusStrength","theSenshi:SailorPlanetPower"],"picked":"theSenshi:KlutzyLuck+1","floor":25.0},{"not_picked":["theSenshi:YouCanTalk","theSenshi:UranusStrength","theSenshi:SailorPlanetAttack"],"picked":"SKIP","floor":27.0},{"not_picked":["theSenshi:HesSoDreamy","theSenshi:MoonCrystalPowerMakeUp+1","theSenshi:SailorJupiterAssists"],"picked":"SKIP","floor":28.0},{"not_picked":["theSenshi:MoonPunch","theSenshi:Overload","theSenshi:SailorPlanetPower+1"],"picked":"SKIP","floor":29.0},{"not_picked":["theSenshi:MoonPrincessHalation","theSenshi:SupersonicWaves+1","theSenshi:MercurysCunning"],"picked":"SKIP","floor":31.0},{"not_picked":["theSenshi:TallSilhouette","theSenshi:SailorMercuryAssists+1","theSenshi:LateForSchool"],"picked":"SKIP","floor":35.0},{"not_picked":["theSenshi:KlutzyLuck","theSenshi:Sidestep","theSenshi:MoonKick"],"picked":"SKIP","floor":36.0},{"not_picked":["theSenshi:SailorChibiMoonAssists","theSenshi:SailorV","theSenshi:VenusGlamour+1"],"picked":"SKIP","floor":40.0},{"not_picked":["theSenshi:SailorMarsAssists+1","theSenshi:TallSilhouette+1","theSenshi:MoonTiaraMagic"],"picked":"SKIP","floor":42.0},{"not_picked":["theSenshi:Overload","theSenshi:SailorCosmosAssists","theSenshi:MoonKick+1"],"picked":"SKIP","floor":44.0},{"not_picked":["theSenshi:TallSilhouette+1","theSenshi:MoonCosmicPowerMakeUp","theSenshi:SteeledNerves+1"],"picked":"SKIP","floor":45.0},{"not_picked":["theSenshi:PlutosSolemnity+1","theSenshi:LateForSchool+1","theSenshi:MoonPower+1"],"picked":"SKIP","floor":54}],"player_experience":831999,"relics_obtained":[{"floor":6.0,"key":"Pocketwatch"},{"floor":8.0,"key":"AT_BladeRuinedKing"},{"floor":9.0,"key":"theSenshi:SpiralHeartMoonRodRelic"},{"floor":13.0,"key":"Ancient Tea Set"},{"floor":23.0,"key":"theSenshi:HolyGrailRelic"},{"floor":25.0,"key":"Whetstone"},{"floor":26.0,"key":"theSenshi:SuperSailorFukuRelic"},{"floor":27.0,"key":"Tiny Chest"},{"floor":29.0,"key":"Boot"},{"floor":40.0,"key":"AT_SunfireAegis"},{"floor":42.0,"key":"AT_TheCollector"},{"floor":44.0,"key":"Kunai"},{"floor":54,"key":"Toy Ornithopter"}],"event_choices":[{"damage_healed":0.0,"max_hp_gain":0.0,"max_hp_loss":0.0,"gold_gain":0.0,"event_name":"Scrap Ooze","player_choice":"Success","floor":2.0,"gold_loss":0.0,"damage_taken":3.0,"relics_obtained":["Torii"]},{"damage_healed":0.0,"max_hp_gain":5.0,"max_hp_loss":0.0,"gold_gain":0.0,"event_name":"Big Fish","player_choice":"Donut","floor":4.0,"gold_loss":0.0,"damage_taken":0.0},{"cards_removed":["theSenshi:SailorKick"],"damage_healed":0.0,"max_hp_gain":0.0,"max_hp_loss":0.0,"gold_gain":0.0,"event_name":"Golden Wing","player_choice":"Card Removal","floor":5.0,"gold_loss":0.0,"damage_taken":7.0},{"cards_removed":["theSenshi:SailorKick"],"damage_healed":0.0,"max_hp_gain":0.0,"max_hp_loss":0.0,"gold_gain":0.0,"event_name":"Beggar","player_choice":"Gave Gold","floor":19.0,"gold_loss":75.0,"damage_taken":0.0},{"damage_healed":0.0,"max_hp_gain":0.0,"max_hp_loss":0.0,"gold_gain":0.0,"cards_transformed":["theSenshi:SailorKick","theSenshi:RainbowMoonHeartAche"],"event_name":"Drug Dealer","player_choice":"Became Test Subject","floor":22.0,"gold_loss":0.0,"damage_taken":0.0,"cards_obtained":["theSenshi:SailorStarHealerAssists","theSenshi:SailorSaturnAssists"]},{"damage_healed":0.0,"max_hp_gain":0.0,"max_hp_loss":0.0,"gold_gain":0.0,"event_name":"SensoryStone","player_choice":"Memory 1","floor":37.0,"gold_loss":0.0,"damage_taken":0.0},{"damage_healed":0.0,"max_hp_gain":0.0,"max_hp_loss":0.0,"gold_gain":0.0,"event_name":"Tomb of Lord Red Mask","player_choice":"Ignored","floor":38.0,"gold_loss":0.0,"damage_taken":0.0},{"damage_healed":0.0,"max_hp_gain":0.0,"max_hp_loss":0.0,"gold_gain":0.0,"event_name":"Winding Halls","player_choice":"Embrace Madness","floor":39.0,"gold_loss":0.0,"damage_taken":10.0,"cards_obtained":["Madness","Madness"]},{"cards_removed":["theSenshi:GlimpseOfThePast"],"damage_healed":0,"gold_gain":0,"player_choice":"Removed Power","damage_taken":0,"max_hp_gain":0,"max_hp_loss":0,"event_name":"Falling","floor":48,"gold_loss":0}],"is_beta":false,"boss_relics":[{"not_picked":["Ectoplasm","SlaversCollar"],"picked":"AT_TrinityForce"},{"not_picked":["theSenshi:EternalSailorFukuRelic","AT_MortalBlade"],"picked":"Cursed Key"}],"items_purged_floors":[21,47,53],"is_endless":false,"potions_floor_spawned":[8,13,14,16,18,25,31,33,35,44],"ascension_level":3}}