{"host":"lxgv1wbl12oya7hr","time":1613296030,"event":{"mods":["BaseMod","Minty Spire (QoL Compilation)","Permanent Neow","StSLib"],"gold_per_floor":[113,131,147,164,41,73,93,123,123,139,139,152,2,20,20,118,118,131,131,131,131,131,131,146,171,225,225,225],"floor_reached":27,"language":"ENG","playtime":1309,"items_purged":["Strike_B"],"score":257,"play_id":"ef07417e-6337-410d-a7b1-294ddcafe246","local_time":"20210214014710","is_ascension_mode":true,"campfire_choices":[{"data":"Metamorphosis","floor":15.0,"key":"SMITH"},{"floor":23,"key":"REST"}],"circlet_count":0,"master_deck":["Strike_B","Strike_B","Strike_B","Defend_B","Defend_B","Defend_B","Zap","Dualcast","Metamorphosis+1","Sweeping Beam","Gash","Steam","Melter","Leap","Leap","Defragment","Loop","Seek","Loop","Sweeping Beam+1","Sweeping Beam+1"],"relics":["Cracked Core","Torii","Toy Ornithopter","SacredBark","MealTicket","Dream Catcher"],"acts_visited":["Exordium","TheCity"],"potions_floor_usage":[24,25,25],"damage_taken":[{"damage":0.0,"enemies":"Cultist","floor":1.0,"turns":3.0},{"damage":5.0,"enemies":"Small Slimes","floor":2.0,"turns":3.0},{"damage":1.0,"enemies":"2 Louse","floor":3.0,"turns":2.0},{"damage":3.0,"enemies":"Red Slaver","floor":4.0,"turns":4.0},{"damage":6.0,"enemies":"3 Sentries","floor":6.0,"turns":3.0},{"damage":1.0,"enemies":"Looter","floor":7.0,"turns":3.0},{"damage":18.0,"enemies":"Lagavulin","floor":8.0,"turns":5.0},{"damage":1.0,"enemies":"Lots of Slimes","floor":10.0,"turns":5.0},{"damage":0.0,"enemies":"3 Louse","floor":12.0,"turns":2.0},{"damage":7.0,"enemies":"Exordium Thugs","floor":14.0,"turns":5.0},{"damage":35.0,"enemies":"The Guardian","floor":16.0,"turns":8.0},{"damage":26.0,"enemies":"3 Byrds","floor":18.0,"turns":4.0},{"damage":0,"enemies":"Spheric Guardian","floor":24,"turns":1},{"damage":52,"enemies":"Book of Stabbing","floor":25,"turns":6},{"damage":24,"enemies":"Snecko","floor":27,"turns":3}],"seed_played":"6090337820549384252","potions_obtained":[{"floor":4.0,"key":"AttackPotion"},{"floor":6.0,"key":"Weak Potion"},{"floor":8.0,"key":"Energy Potion"},{"floor":10.0,"key":"SteroidPotion"},{"floor":12.0,"key":"Fire Potion"},{"floor":18.0,"key":"SkillPotion"},{"floor":21.0,"key":"Energy Potion"},{"floor":21.0,"key":"Explosive Potion"}],"is_trial":false,"path_per_floor":["M","M","M","M","$","E","M","E","T","M","?","M","$","M","R","B",null,"M","?","?","?","$","R","M","E","T","M"],"character_chosen":"DEFECT","items_purchased":["DistilledChaos","BlessingOfTheForge","Loop"],"campfire_rested":1,"item_purchase_floors":[5,5,13],"current_hp_per_floor":[68,63,62,59,59,53,52,34,34,33,33,33,33,26,26,6,68,42,42,30,30,30,51,56,14,14,0,0],"gold":225,"neow_bonus":"RANDOM_COLORLESS_2","is_daily":false,"chose_seed":false,"campfire_upgraded":1,"win_rate":0.0,"timestamp":1613296030,"path_taken":["M","M","M","M","?","E","M","E","T","M","?","?","$","M","R","BOSS","M","?","?","?","$","R","M","E","T","?"],"items_purchased_type":["Potion","Potion","Card"],"build_version":"2020-12-22","purchased_purges":1,"victory":false,"max_hp_per_floor":[68,68,68,68,68,68,68,68,68,68,68,68,68,68,68,68,68,68,68,73,73,73,73,73,73,73,73,73],"card_choices":[{"not_picked":["The Bomb","Secret Technique"],"picked":"Metamorphosis","floor":0.0},{"not_picked":["Tempest","Conserve Battery"],"picked":"Sweeping Beam","floor":1.0},{"not_picked":["Beam Cell","FTL"],"picked":"Gash","floor":2.0},{"not_picked":["Beam Cell","Cold Snap"],"picked":"Steam","floor":3.0},{"not_picked":["Static Discharge","Hello World","Consume"],"picked":"SKIP","floor":4.0},{"not_picked":["Turbo","Blizzard"],"picked":"Melter","floor":6.0},{"not_picked":["Tempest","Beam Cell"],"picked":"Leap","floor":7.0},{"not_picked":["Melter","Compile Driver"],"picked":"Leap","floor":8.0},{"not_picked":["Stack","Hologram"],"picked":"Defragment","floor":10.0},{"not_picked":["Hologram","Go for the Eyes","Beam Cell"],"picked":"SKIP","floor":12.0},{"not_picked":["Chill","Streamline","Cold Snap"],"picked":"SKIP","floor":14.0},{"not_picked":["Biased Cognition","Reboot"],"picked":"Seek","floor":16.0},{"not_picked":["Recycle","Streamline"],"picked":"Loop","floor":18.0},{"not_picked":["Loop","Conserve Battery"],"picked":"Sweeping Beam+1","floor":24},{"not_picked":["Leap","Scrape"],"picked":"Sweeping Beam+1","floor":25}],"player_experience":2289605,"relics_obtained":[{"floor":6.0,"key":"Torii"},{"floor":8.0,"key":"Toy Ornithopter"},{"floor":25,"key":"MealTicket"},{"floor":26,"key":"Dream Catcher"}],"event_choices":[{"cards_removed":["Defend_B"],"damage_healed":0.0,"max_hp_gain":0.0,"max_hp_loss":0.0,"gold_gain":0.0,"event_name":"Purifier","player_choice":"Purged","floor":11.0,"gold_loss":0.0,"damage_taken":0.0},{"damage_healed":0.0,"max_hp_gain":0.0,"max_hp_loss":0.0,"gold_gain":0.0,"event_name":"Ghosts","player_choice":"Ignored","floor":19.0,"gold_loss":0.0,"damage_taken":0.0},{"damage_healed":0.0,"max_hp_gain":5.0,"max_hp_loss":0.0,"gold_gain":0.0,"event_name":"Forgotten Altar","player_choice":"Shed Blood","floor":20.0,"gold_loss":0.0,"damage_taken":17.0},{"damage_healed":0.0,"max_hp_gain":0.0,"max_hp_loss":0.0,"gold_gain":0.0,"event_name":"Lab","player_choice":"Got Potions","floor":21.0,"gold_loss":0.0,"damage_taken":0.0}],"is_beta":false,"boss_relics":[{"not_picked":["Velvet Choker","Fusion Hammer"],"picked":"SacredBark"}],"items_purged_floors":[13],"is_endless":false,"potions_floor_spawned":[4,6,8,10,12,14,18],"killed_by":"Snecko","ascension_level":1}}