{"host":"cb9xh4d0ss8ax8yb","time":1613295503,"event":{"mods":["100% Spire Juice","BaseMod","Better Altar","Better Match","Better Note","Better Sensory Stone","Better Skull","Better Third Choice","Bossed Relics","Good Game Mod","Minty Spire (QoL Compilation)","StSLib","The Cursed","The Dragon Tamer","The Gatherer"],"gold_per_floor":[115,133,143,162,179,213,213,245,245,245,275,286,286,14,14,113,113,132,20,32,32,32,32,132,150,174,203,429,442,202,230,230,344,344,356,374,390,444,471,471,140,362,387,416,416,313,340,51,51,51],"floor_reached":51,"language":"KOR","playtime":5582,"items_purged":["Strike_G","Strike_G","Strike_G","Writhe","Strike_G+1"],"score":1072,"play_id":"3329e2f2-9067-4e85-a742-c6c9b72d2dc9","local_time":"20210214183823","is_ascension_mode":true,"campfire_choices":[{"data":"A Thousand Cuts","floor":7,"key":"SMITH"},{"data":"Blade Dance","floor":10,"key":"SMITH"},{"data":"Neutralize","floor":13,"key":"SMITH"},{"data":"Panache","floor":15,"key":"SMITH"},{"data":"Accuracy","floor":23,"key":"SMITH"},{"data":"Footwork","floor":32,"key":"SMITH"},{"data":"After Image","floor":40,"key":"SMITH"},{"floor":49,"key":"RECALL"}],"circlet_count":0,"master_deck":["Strike_G+1","Defend_G+1","Defend_G+1","Defend_G+1","Defend_G+1","Defend_G+1","Survivor+1","Neutralize+1","Panache+1","Good Instincts+1","Slice+1","Deflect+1","Infinite Blades+1","A Thousand Cuts+1","Blade Dance+1","Venomology+1","Accuracy+1","Acrobatics+1","Endless Agony+1","Flash of Steel+1","Footwork+1","After Image+1","Madness+1","Good Instincts+1","Backflip+1","Terror+1"],"relics":["Ring of the Snake","REME:ComplimentaryCards","Ninja Scroll","TungstenRod","Centennial Puzzle","MealTicket","Membership Card","Toxic Egg 2","Astrolabe","Lantern","HornCleat","CeramicFish","Juzu Bracelet","Pen Nib","Pear","Red Mask","Tiny House","Prayer Wheel","Gambling Chip","Mercury Hourglass","Akabeko","Meat on the Bone","Mark of the Bloom","Mummified Hand","Bottled Tornado","Strange Spoon"],"acts_visited":["Exordium","TheCity","TheBeyond"],"potions_floor_usage":[5,6,27,29,31,31,33,33,37,38,39,44,47,50,50,50],"damage_taken":[{"damage":0,"enemies":"2 Louse","floor":1,"turns":3},{"damage":0,"enemies":"Small Slimes","floor":2,"turns":4},{"damage":0,"enemies":"Cultist","floor":3,"turns":3},{"damage":0,"enemies":"2 Fungi Beasts","floor":4,"turns":2},{"damage":0,"enemies":"Lots of Slimes","floor":5,"turns":3},{"damage":13,"enemies":"Lagavulin","floor":6,"turns":9},{"damage":10,"enemies":"Gremlin Nob","floor":8,"turns":3},{"damage":0,"enemies":"Blue Slaver","floor":12,"turns":2},{"damage":23,"enemies":"The Guardian","floor":16,"turns":7},{"damage":0,"enemies":"Spheric Guardian","floor":18,"turns":1},{"damage":7,"enemies":"2 Thieves","floor":20,"turns":2},{"damage":0,"enemies":"Cultist and Chosen","floor":25,"turns":3},{"damage":15,"enemies":"Book of Stabbing","floor":27,"turns":3},{"damage":0,"enemies":"Snecko","floor":29,"turns":2},{"damage":0,"enemies":"Masked Bandits","floor":31,"turns":3},{"damage":0,"enemies":"Automaton","floor":33,"turns":4},{"damage":0,"enemies":"3 Shapes","floor":35,"turns":2},{"damage":0,"enemies":"3 Darklings","floor":37,"turns":4},{"damage":0,"enemies":"2 Orb Walkers","floor":38,"turns":3},{"damage":0,"enemies":"Writhing Mass","floor":39,"turns":6},{"damage":0,"enemies":"Nemesis","floor":44,"turns":3},{"damage":0,"enemies":"Reptomancer","floor":47,"turns":3},{"damage":0,"enemies":"Donu and Deca","floor":50,"turns":5}],"seed_played":"-253727765405385824","potions_obtained":[{"floor":1,"key":"Weak Potion"},{"floor":3,"key":"DistilledChaos"},{"floor":8,"key":"Energy Potion"},{"floor":25,"key":"Strength Potion"},{"floor":29,"key":"CunningPotion"},{"floor":33,"key":"Block Potion"},{"floor":38,"key":"CunningPotion"},{"floor":39,"key":"Energy Potion"}],"is_trial":false,"path_per_floor":["M","M","M","M","M","E","R","E","T","R","?","M","R","$","R","B",null,"M","$","M","?","?","R","?","M","T","E","?","M","$","?","R","B",null,"M","?","M","?","M","R","$","?","T","E","?","$","E","$","R","B",null],"character_chosen":"THE_SILENT","items_purchased":["Membership Card","Toxic Egg 2","Lantern","Pear","Flash of Steel","Footwork","Gambling Chip","Mercury Hourglass","Terror+1","Bottled Tornado","Strange Spoon"],"campfire_rested":0,"item_purchase_floors":[14,14,19,30,30,30,41,41,46,48,48],"current_hp_per_floor":[70,70,70,70,70,57,57,47,47,47,47,47,47,62,62,39,70,70,70,63,51,51,51,51,51,51,36,13,13,38,38,38,38,80,80,80,80,80,80,80,80,80,80,80,80,80,80,80,80,80],"gold":51,"neow_bonus":"RANDOM_COLORLESS","is_daily":false,"chose_seed":false,"campfire_upgraded":7,"win_rate":0.0,"timestamp":1613295503,"path_taken":["M","M","M","M","M","E","R","E","T","R","?","M","R","$","R","BOSS","M","$","M","?","?","R","?","?","T","E","?","M","$","?","R","BOSS","M","?","M","?","M","R","$","?","T","E","?","$","E","?","R","BOSS"],"items_purchased_type":["Relic","Relic","Relic","Relic","Card","Card","Relic","Relic","Card","Relic","Relic"],"build_version":"2020-12-22","purchased_purges":5,"victory":true,"max_hp_per_floor":[70,70,70,70,70,70,70,70,70,70,70,70,70,70,70,70,70,70,70,70,70,70,70,70,70,70,70,70,70,80,80,80,80,80,80,80,80,80,80,80,80,80,80,80,80,80,80,80,80,80],"card_choices":[{"not_picked":["Jack Of All Trades","Blind"],"picked":"Good Instincts","floor":0},{"not_picked":["Well Laid Plans","Bane"],"picked":"Slice","floor":1},{"not_picked":["Underhanded Strike","Tactician"],"picked":"Deflect","floor":2},{"not_picked":["Poisoned Stab","Sucker Punch"],"picked":"Infinite Blades","floor":3},{"not_picked":["Outmaneuver","Tactician","Reflex"],"picked":"SKIP","floor":4},{"not_picked":["Bane","Acrobatics","Finisher"],"picked":"SKIP","floor":5},{"not_picked":["PiercingWail","Concentrate"],"picked":"A Thousand Cuts","floor":6},{"not_picked":["Deflect","PiercingWail"],"picked":"Blade Dance","floor":8},{"not_picked":["Slice","Dodge and Roll","Underhanded Strike"],"picked":"SKIP","floor":12},{"not_picked":["Doppelganger+1","Corpse Explosion+1"],"picked":"Venomology+1","floor":16},{"not_picked":["Blade Dance+1","Well Laid Plans"],"picked":"Accuracy","floor":18},{"not_picked":["Masterful Stab+1","Blade Dance+1"],"picked":"Acrobatics+1","floor":20},{"not_picked":["Quick Slash","Dagger Throw+1"],"picked":"Endless Agony+1","floor":25},{"not_picked":["Unload","Underhanded Strike","Distraction+1"],"picked":"SKIP","floor":27},{"not_picked":["Leg Sweep+1","Dagger Throw","Catalyst+1"],"picked":"SKIP","floor":29},{"not_picked":["Wraith Form v2","Phantasmal Killer+1"],"picked":"After Image","floor":33},{"not_picked":["Finisher+1","Underhanded Strike+1","Flying Knee+1"],"picked":"SKIP","floor":35},{"not_picked":["Enlightenment+1","Purity+1"],"picked":"Madness+1","floor":36},{"not_picked":["Secret Weapon+1","Purity+1"],"picked":"Good Instincts+1","floor":36},{"not_picked":["Bouncing Flask+1","PiercingWail+1","Dodge and Roll+1"],"picked":"SKIP","floor":37},{"not_picked":["Underhanded Strike+1","Endless Agony+1"],"picked":"Backflip+1","floor":39},{"not_picked":["Skewer+1","Underhanded Strike","Blur+1"],"picked":"SKIP","floor":39},{"not_picked":["Burst+1","Dodge and Roll+1","Underhanded Strike"],"picked":"SKIP","floor":44},{"not_picked":["Caltrops","Deadly Poison+1","Dagger Throw+1"],"picked":"SKIP","floor":47}],"player_experience":525556,"relics_obtained":[{"floor":6,"key":"Ninja Scroll"},{"floor":8,"key":"TungstenRod"},{"floor":9,"key":"Centennial Puzzle"},{"floor":26,"key":"CeramicFish"},{"floor":27,"key":"Juzu Bracelet"},{"floor":31,"key":"Red Mask"},{"floor":38,"key":"Prayer Wheel"},{"floor":43,"key":"Akabeko"},{"floor":44,"key":"Meat on the Bone"},{"floor":47,"key":"Mummified Hand"}],"event_choices":[{"damage_healed":0,"gold_gain":30,"player_choice":"Searched \u00273\u0027 times","damage_taken":0,"relics_obtained":["MealTicket"],"max_hp_gain":0,"max_hp_loss":0,"event_name":"Dead Adventurer","floor":11,"gold_loss":0},{"damage_healed":0,"gold_gain":0,"player_choice":"Obtained Book","damage_taken":16,"max_hp_gain":0,"max_hp_loss":0,"event_name":"Cursed Tome","floor":21,"gold_loss":0},{"damage_healed":0,"gold_gain":0,"player_choice":"Opened","damage_taken":0,"relics_obtained":["HornCleat"],"max_hp_gain":0,"max_hp_loss":0,"event_name":"The Mausoleum","floor":22,"gold_loss":0,"cards_obtained":["Writhe"]},{"damage_healed":0,"gold_gain":100,"player_choice":"Pray","damage_taken":0,"max_hp_gain":0,"max_hp_loss":0,"event_name":"Golden Shrine","floor":24,"gold_loss":0},{"damage_healed":0,"gold_gain":226,"player_choice":"GO GO RE ","damage_taken":31,"relics_obtained":["Pen Nib"],"max_hp_gain":0,"max_hp_loss":0,"event_name":"betterSkull:BetterSkull","floor":28,"gold_loss":0,"cards_upgraded":[]},{"damage_healed":0,"gold_gain":0,"player_choice":"Fought Bandits","damage_taken":0,"max_hp_gain":0,"max_hp_loss":0,"event_name":"Masked Bandits","floor":31,"gold_loss":0},{"damage_healed":0,"gold_gain":3,"player_choice":"1","damage_taken":0,"max_hp_gain":0,"max_hp_loss":0,"event_name":"betterStone:BetterStone","floor":36,"gold_loss":0},{"damage_healed":0,"gold_gain":0,"player_choice":"Fight","damage_taken":0,"max_hp_gain":0,"max_hp_loss":0,"event_name":"Mysterious Sphere","floor":38,"gold_loss":0},{"damage_healed":0,"gold_gain":222,"player_choice":"Wore Mask","damage_taken":0,"max_hp_gain":0,"max_hp_loss":0,"event_name":"Tomb of Lord Red Mask","floor":42,"gold_loss":0},{"damage_healed":0,"gold_gain":0,"player_choice":"Upgrade","damage_taken":0,"relics_obtained":["Mark of the Bloom"],"max_hp_gain":0,"max_hp_loss":0,"event_name":"MindBloom","floor":45,"gold_loss":0,"cards_upgraded":["Strike_G","Strike_G","Defend_G","Defend_G","Defend_G","Defend_G","Defend_G","Survivor","Good Instincts","Slice","Deflect","Infinite Blades","Flash of Steel"]}],"is_beta":false,"boss_relics":[{"not_picked":["Coffee Dripper","Sozu"],"picked":"Astrolabe"},{"not_picked":["Philosopher\u0027s Stone","HoveringKite"],"picked":"Tiny House"}],"items_purged_floors":[19,30,41,46,48],"is_endless":false,"potions_floor_spawned":[1,3,8,25,29,33,38,39,44],"ascension_level":4}}