{"host":"3hzk4hwwdropes3d","time":1613285092,"event":{"mods":["BaseMod","Downfall","Hermit","Minty Spire (QoL Compilation)","StSLib"],"gold_per_floor":[115,69,69,84,12,37,53,53,53,82,82,107,107,29,29,130,130,149,159,179,26,26,26,53,53,80,109,126,161,161,161],"floor_reached":30,"language":"ENG","playtime":1648,"items_purged":[],"score":432,"play_id":"2a7984d4-206e-4b7f-947a-9c8bf5cb1c21","local_time":"20210213224452","is_ascension_mode":true,"campfire_choices":[{"data":"hermit:FlashPowder","floor":8,"key":"SMITH"},{"data":"hermit:Headshot","floor":11,"key":"SMITH"},{"data":"hermit:Headshot","floor":15,"key":"SMITH"},{"data":"hermit:Manifest","floor":23,"key":"SMITH"},{"data":"hermit:FromBeyond","floor":25,"key":"SMITH"}],"circlet_count":0,"master_deck":["hermit:Strike_Hermit","hermit:Strike_Hermit","hermit:Strike_Hermit","hermit:Strike_Hermit","hermit:Defend_Hermit","hermit:Defend_Hermit","hermit:Defend_Hermit","hermit:Defend_Hermit","hermit:Snapshot","hermit:Covet","hermit:Headshot+1","hermit:Headshot+1","hermit:HighCaliber","hermit:FlashPowder+1","hermit:Ricochet","hermit:FromBeyond+1","hermit:Glare","hermit:Misfire","hermit:Deadeye","hermit:Manifest+1","hermit:RoundhouseKick","hermit:Coalescence","hermit:Malice","hermit:Dive+1"],"relics":["hermit:Momento","NeowsBlessing","CultistMask","Slimebound:PreparedRelic","Potion Belt","Boot","Eternal Feather","SlaversCollar","champ:DuelingGlove","Bag of Preparation","FossilizedHelix","Ice Cream"],"acts_visited":["Exordium","TheCity"],"potions_floor_usage":[7,12,12,16,20,20,27],"damage_taken":[{"damage":0,"enemies":"Jaw Worm","floor":1,"turns":1},{"damage":0,"enemies":"Cultist","floor":4,"turns":1},{"damage":0,"enemies":"Lagavulin","floor":6,"turns":1},{"damage":0,"enemies":"Small Slimes","floor":7,"turns":2},{"damage":5,"enemies":"3 Sentries","floor":10,"turns":6},{"damage":0,"enemies":"Lagavulin","floor":12,"turns":3},{"damage":41,"enemies":"The Guardian","floor":16,"turns":11},{"damage":27,"enemies":"3 Byrds","floor":18,"turns":5},{"damage":20,"enemies":"Spheric Guardian","floor":19,"turns":4},{"damage":30,"enemies":"Snecko","floor":20,"turns":4},{"damage":31,"enemies":"Book of Stabbing","floor":24,"turns":5},{"damage":25,"enemies":"Gremlin Leader","floor":27,"turns":6},{"damage":12,"enemies":"3 Cultists","floor":28,"turns":4},{"damage":14,"enemies":"Book of Stabbing","floor":29,"turns":3},{"damage":17,"enemies":"Cultist and Chosen","floor":30,"turns":5}],"seed_played":"6510873478463319660","potions_obtained":[{"floor":6,"key":"Weak Potion"},{"floor":7,"key":"Fruit Juice"},{"floor":10,"key":"SkillPotion"},{"floor":12,"key":"Regen Potion"},{"floor":18,"key":"Swift Potion"},{"floor":19,"key":"Weak Potion"},{"floor":24,"key":"SpeedPotion"},{"floor":27,"key":"FairyPotion"}],"is_trial":false,"path_per_floor":["M","$","?","M","$","E","M","R","T","E","R","E","?","$","R","B",null,"M","M","M","$","?","R","E","R","T","E","M","E","M"],"character_chosen":"HERMIT","items_purchased":["hermit:Headshot","hermit:FlashPowder","hermit:Glare","hermit:Misfire","hermit:RoundhouseKick"],"campfire_rested":0,"item_purchase_floors":[2,5,14,14,21],"current_hp_per_floor":[75,75,75,75,75,75,80,80,80,75,75,75,63,63,72,45,80,53,33,3,3,90,90,59,71,71,46,34,20,3,3],"gold":161,"neow_bonus":"THREE_ENEMY_KILL","is_daily":false,"chose_seed":false,"campfire_upgraded":5,"win_rate":0.0,"timestamp":1613285092,"path_taken":["M","$","?","M","$","E","?","R","T","E","R","E","?","?","R","BOSS","M","M","M","$","?","R","E","R","T","E","M","E","?"],"items_purchased_type":["Card","Card","Card","Card","Card"],"build_version":"2020-12-22","purchased_purges":0,"victory":false,"max_hp_per_floor":[75,75,75,75,75,75,80,80,80,80,80,80,80,80,80,80,80,80,80,80,80,90,90,90,90,90,90,90,90,90,90],"card_choices":[{"not_picked":["hermit:Roulette","hermit:CalledShot"],"picked":"hermit:Headshot","floor":1},{"not_picked":["hermit:Desperado","hermit:LuckOfTheDraw"],"picked":"hermit:HighCaliber","floor":4},{"not_picked":["hermit:Combo","hermit:Roulette","hermit:Brawl"],"picked":"SKIP","floor":6},{"not_picked":["hermit:GoldenBullet","hermit:TrackingShot"],"picked":"hermit:Ricochet","floor":7},{"not_picked":["hermit:Purgatory","hermit:NoHoldsBarred","hermit:Coalescence"],"picked":"SKIP","floor":10},{"not_picked":["hermit:ShadowCloak","hermit:Vantage"],"picked":"hermit:FromBeyond","floor":12},{"not_picked":["hermit:FromBeyond","hermit:Purgatory"],"picked":"hermit:Gambit","floor":16},{"not_picked":["hermit:Misfire","hermit:CalledShot"],"picked":"hermit:Deadeye","floor":18},{"not_picked":["hermit:TakeAim","hermit:Brawl","hermit:Feint"],"picked":"SKIP","floor":19},{"not_picked":["hermit:FullyLoaded","hermit:Misfire+1"],"picked":"hermit:Manifest","floor":20},{"not_picked":["hermit:HoleUp+1","hermit:Midnight+1"],"picked":"hermit:Coalescence","floor":24},{"not_picked":["hermit:CursedWeapon+1","hermit:BlackWind"],"picked":"hermit:Malice","floor":27},{"not_picked":["hermit:HighCaliber","hermit:Coalescence","hermit:HoleUp"],"picked":"SKIP","floor":28},{"not_picked":["hermit:Ricochet","hermit:ItchyTrigger+1"],"picked":"hermit:Dive+1","floor":29}],"player_experience":394701,"relics_obtained":[{"floor":6,"key":"Slimebound:PreparedRelic"},{"floor":10,"key":"Potion Belt"},{"floor":12,"key":"Boot"},{"floor":24,"key":"champ:DuelingGlove"},{"floor":26,"key":"Bag of Preparation"},{"floor":27,"key":"FossilizedHelix"},{"floor":29,"key":"Ice Cream"}],"event_choices":[{"damage_healed":0,"gold_gain":0,"player_choice":"Trade","damage_taken":0,"relics_obtained":["CultistMask"],"max_hp_gain":0,"max_hp_loss":0,"event_name":"FaceTrader","floor":3,"gold_loss":0},{"damage_healed":0,"gold_gain":0,"player_choice":"Success","damage_taken":12,"relics_obtained":["Eternal Feather"],"max_hp_gain":0,"max_hp_loss":0,"event_name":"Scrap Ooze","floor":13,"gold_loss":0},{"cards_removed":["hermit:Gambit"],"damage_healed":77,"gold_gain":0,"player_choice":"Offered Rare","damage_taken":0,"max_hp_gain":10,"max_hp_loss":0,"event_name":"Bonfire Elementals","floor":22,"gold_loss":0}],"is_beta":false,"boss_relics":[{"not_picked":["Empty Cage","Runic Pyramid"],"picked":"SlaversCollar"}],"items_purged_floors":[],"is_endless":false,"potions_floor_spawned":[6,7,10,12,18,19,24,27,29],"killed_by":"Cultist and Chosen","ascension_level":3}}