{"host":"8e3sp1tozjyrh64l","time":1613344329,"event":{"mods":["Act Like it!","BaseMod","Better Altar","Better Match","Better Note","Better Sensory Stone","Better Silent Start","Better Skull","Better Third Choice","BetterRewards","Conspire","Curses Come First","Defuse TimeMaze Blight","Infinite Spire","Minty Spire (QoL Compilation)","Permanent Neow","Rare Cards Sparkle","Relic Sorter","Reliquary","Replay The Spire","Shop Mod","Spicy Shops","StSLib","SuperFastMode","The Jungle","Wandering Minibosses"],"gold_per_floor":[111,128,33,49,79,104,104,122,176,220,220,268,292,317,317,431,431,456,456,456,80,80,122,122,145,168,214,214,241,241,341,341,465,465,501,525,525],"floor_reached":36,"language":"ENG","playtime":1001,"items_purged":[],"score":441,"play_id":"91d7f395-20f5-4dff-90a2-8ef0086e441c","local_time":"20210214161209","is_ascension_mode":true,"campfire_choices":[{"data":"Sadistic Nature","floor":11,"key":"SMITH"},{"data":"infinitespire:Neurotoxin","floor":15,"key":"SMITH"},{"data":"Blade Dance","floor":28,"key":"SMITH"},{"data":"Blade Dance","floor":32,"key":"SMITH"}],"circlet_count":0,"master_deck":["Strike_G","Strike_G","Strike_G","Strike_G","Defend_G","Defend_G","Defend_G","Survivor","Neutralize","Unload","Sadistic Nature+1","Poisoned Stab","Cloak And Dagger","ReplayTheSpireMod:Scrap Shanks","infinitespire:Neurotoxin+1","Dagger Spray","Prepared","Poison Darts","Noxious Fumes","Envenom+1","Blade Dance+1","Blade Dance+1","Panacea","Burst","Cloak And Dagger+1"],"relics":["Ring of the Snake","Anchor","Basket Of Snakes","Bottled Tornado","Replay:Bandana","reliquary:TuningFork","Garlic","Replay:Grab Bag","Sozu","infinitespire:Cupcake","Black Star","Blue Candle","Sling","TwistedFunnel","Replay:Wax Seal","reliquary:ExpiredCoupon","reliquary:RosewoodLute","infinitespire:Golems Mask","MealTicket","Runic Dome"],"acts_visited":["Exordium","Exordium","TheBeyond"],"potions_floor_usage":[6,36],"damage_taken":[{"damage":0,"enemies":"Small Slimes","floor":1,"turns":4},{"damage":0,"enemies":"2 Louse","floor":2,"turns":3},{"damage":0,"enemies":"Jaw Worm","floor":4,"turns":3},{"damage":14,"enemies":"Gremlin Nob","floor":6,"turns":3},{"damage":0,"enemies":"Lots of Slimes","floor":8,"turns":3},{"damage":6,"enemies":"Replay:BlueRogue","floor":10,"turns":5},{"damage":22,"enemies":"3 Sentries","floor":12,"turns":7},{"damage":0,"enemies":"2 Fungi Beasts","floor":13,"turns":2},{"damage":4,"enemies":"Blue Slaver","floor":14,"turns":3},{"damage":16,"enemies":"Slime Boss","floor":16,"turns":7},{"damage":0,"enemies":"Shell Parasite","floor":18,"turns":2},{"damage":7,"enemies":"theJungle:MamaSnecko","floor":23,"turns":4},{"damage":6,"enemies":"theJungle:GiantWrat","floor":25,"turns":3},{"damage":16,"enemies":"theJungle:Cassacara","floor":27,"turns":3},{"damage":0,"enemies":"theJungle:Snecko_Cultist_And_Trap","floor":29,"turns":4},{"damage":17,"enemies":"theJungle:FunGuy","floor":33,"turns":4},{"damage":0,"enemies":"3 Darklings","floor":35,"turns":3},{"damage":0,"enemies":"infinitespire:Three Voidlings","floor":36,"turns":3},{"damage":71,"enemies":"Nightmare_Alpha","floor":36,"turns":4}],"seed_played":"9070287170874353039","potions_obtained":[{"floor":1,"key":"Strength Potion"},{"floor":4,"key":"Energy Potion"},{"floor":8,"key":"Energy Potion"},{"floor":12,"key":"Ancient Potion"}],"is_trial":false,"path_per_floor":["M","M","$","M","?","E","?","M","T","E","R","E","M","M","R","B",null,"M","$","?","$","?","E","?","M","T","E","R","M","?","?","R","B",null,"M","?"],"character_chosen":"THE_SILENT","items_purchased":["Anchor","Sadistic Nature","Sling","TwistedFunnel","Noxious Fumes"],"campfire_rested":0,"item_purchase_floors":[3,3,21,21,21],"current_hp_per_floor":[70,70,70,70,70,56,56,56,56,50,50,28,28,24,24,8,70,70,70,70,70,70,63,63,57,57,41,41,41,41,37,37,20,70,70,0,0],"gold":525,"neow_bonus":"REMOVE_CARD","is_daily":false,"chose_seed":false,"campfire_upgraded":4,"win_rate":0.0,"timestamp":1613344329,"path_taken":["M","M","$","M","?","E","?","M","T","E","R","E","?","?","R","BOSS","M","$","?","$","?","E","?","?","T","E","R","M","?","?","R","BOSS","M","?"],"items_purchased_type":["Relic","Card","Relic","Relic","Card"],"build_version":"2020-12-22","purchased_purges":0,"victory":false,"max_hp_per_floor":[70,70,70,70,70,70,70,70,70,70,70,70,70,70,70,70,70,70,70,70,70,70,70,70,70,70,70,70,70,70,70,70,70,70,70,70,70],"card_choices":[{"not_picked":["ReplayTheSpireMod:Exploit Weakness","Quick Slash","Deflect"],"picked":"SKIP","floor":1},{"not_picked":["Dagger Throw","Slice"],"picked":"Unload","floor":2},{"not_picked":["ReplayTheSpireMod:Exploit Weakness","All Out Attack","Heel Hook"],"picked":"SKIP","floor":4},{"not_picked":["Hidden Blade","Dagger Spray"],"picked":"Poisoned Stab","floor":5},{"not_picked":["Hidden Blade","Slice"],"picked":"Cloak And Dagger","floor":6},{"not_picked":["PiercingWail","Escape Plan"],"picked":"ReplayTheSpireMod:Scrap Shanks","floor":8},{"not_picked":["Leg Sweep","Setup","Expertise"],"picked":"SKIP","floor":10},{"not_picked":["Dodge and Roll","Flying Knee"],"picked":"infinitespire:Neurotoxin","floor":12},{"not_picked":["Riddle With Holes","Poisoned Stab"],"picked":"Dagger Spray","floor":13},{"not_picked":["Leg Sweep","Dagger Spray"],"picked":"Prepared","floor":14},{"not_picked":["Wraith Form v2","Replay:Bag of Tricks"],"picked":"Poison Darts","floor":16},{"not_picked":["Caltrops","Hidden Blade","ReplayTheSpireMod:Exploit Weakness"],"picked":"SKIP","floor":18},{"not_picked":["conspire:PoisonWeapons","Deadly Poison+1"],"picked":"Envenom","floor":23},{"not_picked":["Poisoned Stab","Sucker Punch","Blade Dance"],"picked":"SKIP","floor":25},{"not_picked":["Poisoned Stab","Sucker Punch"],"picked":"Blade Dance","floor":25},{"not_picked":["Masterful Stab","Prepared"],"picked":"Blade Dance","floor":27},{"not_picked":["Flying Knee+1","Leg Sweep","Sucker Punch"],"picked":"SKIP","floor":29},{"not_picked":["Magnetism","Impatience"],"picked":"Panacea","floor":30},{"not_picked":["Doppelganger","Atom Bomb"],"picked":"Burst","floor":33},{"not_picked":["Acrobatics+1","Poisoned Stab"],"picked":"Cloak And Dagger+1","floor":35}],"player_experience":936322,"relics_obtained":[{"floor":5,"key":"Basket Of Snakes"},{"floor":6,"key":"Bottled Tornado"},{"floor":9,"key":"Replay:Bandana"},{"floor":10,"key":"reliquary:TuningFork"},{"floor":12,"key":"Garlic"},{"floor":20,"key":"Blue Candle"},{"floor":23,"key":"Replay:Wax Seal"},{"floor":23,"key":"reliquary:ExpiredCoupon"},{"floor":26,"key":"reliquary:RosewoodLute"},{"floor":27,"key":"infinitespire:Golems Mask"},{"floor":27,"key":"MealTicket"}],"event_choices":[{"damage_healed":0,"gold_gain":0,"player_choice":"Relic","damage_taken":0,"max_hp_gain":0,"max_hp_loss":0,"event_name":"Wheel of Change","floor":20,"gold_loss":0},{"damage_healed":0,"gold_gain":0,"player_choice":"Got Potions","damage_taken":0,"max_hp_gain":0,"max_hp_loss":0,"event_name":"Lab","floor":22,"gold_loss":0},{"damage_healed":0,"gold_gain":0,"player_choice":"Forge","damage_taken":0,"max_hp_gain":0,"max_hp_loss":0,"event_name":"Accursed Blacksmith","floor":24,"gold_loss":0,"cards_upgraded":["Envenom"]},{"damage_healed":0,"gold_gain":2,"player_choice":"1","damage_taken":0,"max_hp_gain":0,"max_hp_loss":0,"event_name":"betterStone:BetterStone","floor":30,"gold_loss":0}],"is_beta":false,"boss_relics":[{"not_picked":["conspire:SlowCooker","Kintsugi"],"picked":"Replay:Grab Bag"},{"not_picked":["Replay:Fungal Core","ReplayTheSpireMod:DimensionalGlitch"],"picked":"Sozu"},{"not_picked":["Cursed Key","reliquary:Ember"],"picked":"infinitespire:Cupcake"},{"not_picked":["SacredBark","HoveringKite"],"picked":"Black Star"},{"not_picked":["conspire:RoyalGoblet","Painkiller Herb"],"picked":"Runic Dome"}],"items_purged_floors":[],"is_endless":false,"potions_floor_spawned":[1,4,8,12,25,27,36],"killed_by":"Nightmare_Alpha","ascension_level":1}}