{"host":"wmojtwekh6s3tor5","time":1613313273,"event":{"mods":["BaseMod","Colored Map","Colored Powertips","DeckTracker","Highlight Path","Minty Spire (QoL Compilation)","StSLib"],"gold_per_floor":[113,113,128,128,141,141,152,152,205,224,80,80,94,104,104,199,199,209,209,27,41,41,41,54,54,54],"floor_reached":25,"language":"ZHS","playtime":1015,"items_purged":[],"score":319,"play_id":"ee30d257-41e1-4644-8c2e-e77a02ee9c15","local_time":"20210214223433","is_ascension_mode":true,"campfire_choices":[{"data":"Combust","floor":6.0,"key":"SMITH"},{"data":"Thunderclap","floor":8.0,"key":"SMITH"},{"data":"Dropkick","floor":12.0,"key":"SMITH"},{"data":"Strike_R","floor":15.0,"key":"SMITH"},{"data":"Mayhem","floor":23,"key":"SMITH"}],"circlet_count":0,"master_deck":["Strike_R+1","Strike_R","Strike_R","Strike_R","Strike_R","Defend_R","Defend_R","Defend_R","Defend_R","Thunderclap+1","Combust+1","Dropkick+1","Juggernaut","Flex","Mayhem+1"],"relics":["Burning Blood","Art of War","Orichalcum","Philosopher\u0027s Stone"],"acts_visited":["Exordium","TheCity"],"potions_floor_usage":[],"damage_taken":[{"damage":11.0,"enemies":"2 Louse","floor":1.0,"turns":3.0},{"damage":1.0,"enemies":"Cultist","floor":3.0,"turns":3.0},{"damage":11.0,"enemies":"Jaw Worm","floor":5.0,"turns":4.0},{"damage":15.0,"enemies":"Large Slime","floor":7.0,"turns":5.0},{"damage":14.0,"enemies":"Blue Slaver","floor":10.0,"turns":5.0},{"damage":9.0,"enemies":"3 Louse","floor":13.0,"turns":4.0},{"damage":12.0,"enemies":"Exordium Wildlife","floor":14.0,"turns":4.0},{"damage":5.0,"enemies":"Slime Boss","floor":16.0,"turns":6.0},{"damage":24,"enemies":"Spheric Guardian","floor":18,"turns":4},{"damage":8,"enemies":"Chosen","floor":21,"turns":4},{"damage":31,"enemies":"Centurion and Healer","floor":24,"turns":6},{"damage":49,"enemies":"Slavers","floor":25,"turns":2}],"seed_played":"4419801592946192859","potions_obtained":[{"floor":5.0,"key":"FearPotion"},{"floor":13.0,"key":"Regen Potion"},{"floor":14.0,"key":"Regen Potion"},{"floor":24,"key":"Swift Potion"}],"is_trial":false,"path_per_floor":["M","$","M","?","M","R","M","R","T","M","$","R","M","M","R","B",null,"M","?","$","M","?","R","M","E"],"character_chosen":"IRONCLAD","items_purchased":["Orichalcum","Mayhem"],"campfire_rested":0,"item_purchase_floors":[11,20],"current_hp_per_floor":[75,75,80,80,75,75,66,66,66,58,58,58,55,61,61,77,85,67,67,67,65,65,65,40,0,0],"gold":54,"neow_bonus":"TEN_PERCENT_HP_BONUS","is_daily":false,"chose_seed":false,"campfire_upgraded":5,"win_rate":0.0,"timestamp":1613313273,"path_taken":["M","$","M","?","?","R","M","R","T","M","$","R","M","M","R","BOSS","M","?","$","M","?","R","M","E"],"items_purchased_type":["Relic","Card"],"build_version":"2020-12-22","purchased_purges":0,"victory":false,"max_hp_per_floor":[88,88,88,88,88,88,88,88,88,88,88,88,88,88,88,88,88,88,88,88,88,88,88,88,88,88],"card_choices":[{"not_picked":["Pommel Strike","Anger"],"picked":"Thunderclap","floor":1.0},{"not_picked":["Perfected Strike","Power Through","Heavy Blade"],"picked":"SKIP","floor":3.0},{"not_picked":["Warcry","Ghostly Armor"],"picked":"Combust","floor":5.0},{"not_picked":["Iron Wave","Clothesline","Heavy Blade"],"picked":"SKIP","floor":7.0},{"not_picked":["Flex","Warcry"],"picked":"Dropkick","floor":10.0},{"not_picked":["Spot Weakness","Entrench","Iron Wave"],"picked":"SKIP","floor":13.0},{"not_picked":["Clash","Barricade","Heavy Blade"],"picked":"SKIP","floor":14.0},{"not_picked":["Feed","Demon Form"],"picked":"Juggernaut","floor":16.0},{"not_picked":["Wild Strike","Armaments"],"picked":"Flex","floor":18},{"not_picked":["Sword Boomerang+1","Clothesline","Evolve+1"],"picked":"SKIP","floor":21},{"not_picked":["Heavy Blade","True Grit","Second Wind"],"picked":"SKIP","floor":24}],"player_experience":621648,"relics_obtained":[{"floor":9.0,"key":"Art of War"}],"event_choices":[{"cards_removed":["Bash"],"damage_healed":0.0,"max_hp_gain":0.0,"max_hp_loss":0.0,"gold_gain":0.0,"event_name":"Purifier","player_choice":"Purged","floor":4.0,"gold_loss":0.0,"damage_taken":0.0},{"damage_healed":0,"gold_gain":0,"player_choice":"Ignored","damage_taken":0,"max_hp_gain":0,"max_hp_loss":0,"event_name":"Vampires","floor":19,"gold_loss":0}],"is_beta":false,"boss_relics":[{"not_picked":["Pandora\u0027s Box","Sozu"],"picked":"Philosopher\u0027s Stone"}],"items_purged_floors":[],"is_endless":false,"potions_floor_spawned":[5,13,14,24],"killed_by":"Slavers","ascension_level":6}}