{"host":"mnpd8gh7cwxsn5kh","time":1613299705,"event":{"mods":["BaseMod","Bestiary","Block Reminder","Colored Map","Colored Powertips","Highlight Path","Minty Spire (QoL Compilation)","Relic Sorter","Relic Stats"],"gold_per_floor":[364,375,375,395,62,97,115,115,164,176,191,191,221,240,240,313,313,328,328,328,346,12,46,64,90,116,116,116,116,166,184,184,257,257,277,45,45,58,58,58,86,98,124,124,156,174,228,228,228,228],"floor_reached":51,"language":"ENG","playtime":4441,"items_purged":["Strike_B"],"score":1294,"play_id":"1856a93b-e432-489f-88ec-0d1cef2f46d1","local_time":"20210214114825","is_ascension_mode":true,"campfire_choices":[{"floor":8,"key":"REST"},{"floor":15,"key":"REST"},{"data":"Double Energy","floor":29,"key":"SMITH"},{"data":"Streamline","floor":32,"key":"SMITH"},{"data":"Seek","floor":40,"key":"SMITH"},{"data":"Machine Learning","floor":44,"key":"SMITH"},{"data":"Coolheaded","floor":49,"key":"SMITH"}],"circlet_count":0,"master_deck":["AscendersBane","Strike_B+1","Strike_B+1","Strike_B+1","Defend_B+1","Defend_B+1","Defend_B+1","Defend_B+1","Zap+1","Dualcast+1","Chill+1","Streamline+1","Hyperbeam","Doom and Gloom+1","Leap","BootSequence","Machine Learning+1","Seek+1","Compile Driver+1","Leap+1","Double Energy+1","Self Repair+1","Streamline+1","Conserve Battery","Core Surge+1","Stack+1","Glacier","Defragment+1","Undo","Beam Cell+1","Coolheaded","Coolheaded+1","Streamline+1","Defragment+1"],"relics":["Cracked Core","Omamori","Molten Egg 2","Blood Vial","MealTicket","Art of War","Calling Bell","Bird Faced Urn","Frozen Egg 2","Pen Nib","Bag of Preparation","Lee\u0027s Waffle","Akabeko","DataDisk","War Paint","Strawberry","Philosopher\u0027s Stone","ClockworkSouvenir","Nunchaku","Juzu Bracelet","Gremlin Horn","Ginger"],"acts_visited":["Exordium","TheCity","TheBeyond"],"potions_floor_usage":[6,33,50],"damage_taken":[{"damage":14,"enemies":"Small Slimes","floor":1,"turns":4},{"damage":0,"enemies":"Cultist","floor":2,"turns":4},{"damage":0,"enemies":"Jaw Worm","floor":4,"turns":4},{"damage":19,"enemies":"Gremlin Nob","floor":6,"turns":4},{"damage":10,"enemies":"Large Slime","floor":7,"turns":3},{"damage":0,"enemies":"Gremlin Gang","floor":10,"turns":2},{"damage":0,"enemies":"Blue Slaver","floor":11,"turns":2},{"damage":15,"enemies":"Lagavulin","floor":13,"turns":9},{"damage":0,"enemies":"3 Louse","floor":14,"turns":3},{"damage":27,"enemies":"Hexaghost","floor":16,"turns":11},{"damage":27,"enemies":"Spheric Guardian","floor":18,"turns":6},{"damage":0,"enemies":"Chosen","floor":21,"turns":5},{"damage":8,"enemies":"Gremlin Leader","floor":23,"turns":7},{"damage":7,"enemies":"3 Cultists","floor":24,"turns":3},{"damage":11,"enemies":"Slavers","floor":25,"turns":4},{"damage":0,"enemies":"Snake Plant","floor":31,"turns":2},{"damage":47,"enemies":"Collector","floor":33,"turns":12},{"damage":0,"enemies":"3 Shapes","floor":35,"turns":2},{"damage":10,"enemies":"Orb Walker","floor":38,"turns":4},{"damage":12,"enemies":"Nemesis","floor":41,"turns":7},{"damage":15,"enemies":"Writhing Mass","floor":42,"turns":8},{"damage":29,"enemies":"Reptomancer","floor":45,"turns":9},{"damage":0,"enemies":"Sphere and 2 Shapes","floor":46,"turns":2},{"damage":0,"enemies":"2 Orb Walkers","floor":47,"turns":4},{"damage":33,"enemies":"Awakened One","floor":50,"turns":16}],"seed_played":"-6369288565081336833","potions_obtained":[{"floor":1,"key":"Weak Potion"},{"floor":6,"key":"FairyPotion"},{"floor":7,"key":"DuplicationPotion"},{"floor":33,"key":"EssenceOfSteel"},{"floor":39,"key":"DistilledChaos"}],"is_trial":false,"path_per_floor":["M","M","?","M","$","E","M","R","T","M","M","?","E","M","R","B",null,"M","?","?","M","$","E","M","E","T","?","?","R","?","M","R","B",null,"M","$","?","M","?","R","E","M","T","R","E","M","?","?","R","B",null],"character_chosen":"DEFECT","items_purchased":["Hyperbeam","Omamori","Bag of Preparation","Lee\u0027s Waffle","Glacier","ClockworkSouvenir"],"campfire_rested":2,"item_purchase_floors":[5,5,22,22,36,36],"current_hp_per_floor":[50,50,31,31,31,12,2,21,21,23,25,25,12,14,33,8,50,27,27,27,29,71,63,58,49,49,56,56,56,56,70,70,39,68,78,78,74,74,74,74,74,74,74,74,55,59,74,74,74,57],"gold":228,"neow_bonus":"TWO_FIFTY_GOLD","is_daily":false,"chose_seed":false,"campfire_upgraded":5,"win_rate":0.0,"timestamp":1613299705,"path_taken":["M","M","?","M","$","E","M","R","T","M","M","?","E","?","R","BOSS","M","?","?","?","$","E","?","E","T","?","?","R","?","M","R","BOSS","M","$","?","M","?","R","E","M","T","R","E","M","?","?","R","BOSS"],"items_purchased_type":["Card","Relic","Relic","Relic","Card","Relic"],"build_version":"2020-12-22","purchased_purges":1,"victory":true,"max_hp_per_floor":[64,64,64,64,64,64,64,64,64,64,64,64,64,64,64,64,64,64,64,64,64,71,71,71,71,71,78,78,78,78,78,78,78,78,78,78,74,74,74,74,74,74,74,74,74,74,74,74,74,74],"relic_stats":{"Lee\u0027s Waffle":27,"Gremlin Horn":[6,6],"counters":[25,137],"Pen Nib":[13],"Bag of Preparation":[26],"Juzu Bracelet":1,"Ginger":[0],"War Paint":["Leap","Zap"],"Blood Vial":28,"Nunchaku":[6],"Bird Faced Urn":[32],"MealTicket":15,"Art of War":[20],"obtain_stats":[{"Lee\u0027s Waffle":22,"Gremlin Horn":45,"Pen Nib":17,"Omamori":5,"Bag of Preparation":22,"Juzu Bracelet":43,"Ginger":47,"Frozen Egg 2":17,"War Paint":26,"Akabeko":23,"ClockworkSouvenir":36,"Blood Vial":9,"Calling Bell":17,"DataDisk":25,"Nunchaku":41,"Bird Faced Urn":17,"Strawberry":27,"Molten Egg 2":6,"MealTicket":12,"Philosopher\u0027s Stone":34,"Art of War":13,"Cracked Core":0},{"Lee\u0027s Waffle":12,"Gremlin Horn":22,"Pen Nib":10,"Omamori":3,"Bag of Preparation":12,"Juzu Bracelet":21,"Ginger":24,"Frozen Egg 2":10,"War Paint":15,"Akabeko":13,"ClockworkSouvenir":18,"Blood Vial":5,"Calling Bell":10,"DataDisk":15,"Nunchaku":20,"Bird Faced Urn":10,"Strawberry":15,"Molten Egg 2":4,"MealTicket":7,"Philosopher\u0027s Stone":17,"Art of War":8,"Cracked Core":0},{"Lee\u0027s Waffle":57,"Gremlin Horn":115,"Pen Nib":46,"Omamori":12,"Bag of Preparation":57,"Juzu Bracelet":106,"Ginger":121,"Frozen Egg 2":46,"War Paint":71,"Akabeko":64,"ClockworkSouvenir":87,"Blood Vial":19,"Calling Bell":46,"DataDisk":71,"Nunchaku":98,"Bird Faced Urn":46,"Strawberry":71,"Molten Egg 2":16,"MealTicket":23,"Philosopher\u0027s Stone":85,"Art of War":32,"Cracked Core":0}]},"card_choices":[{"not_picked":["Rip and Tear","Hologram"],"picked":"Chill","floor":1},{"not_picked":["Hologram","Heatsinks","Storm"],"picked":"SKIP","floor":2},{"not_picked":["Auto Shields","Steam"],"picked":"Streamline","floor":4},{"not_picked":["Glacier","Thunder Strike+1"],"picked":"Doom and Gloom+1","floor":6},{"not_picked":["Stack","Gash+1"],"picked":"Leap","floor":7},{"not_picked":["Stack","Chill","Beam Cell+1"],"picked":"SKIP","floor":10},{"not_picked":["Auto Shields","Storm"],"picked":"Ball Lightning+1","floor":11},{"not_picked":["Rebound+1","Beam Cell+1"],"picked":"BootSequence","floor":13},{"not_picked":["Heatsinks","Stack"],"picked":"Machine Learning","floor":14},{"not_picked":["Reboot","Multi-Cast"],"picked":"Seek","floor":16},{"not_picked":["BootSequence","Streamline+1"],"picked":"Compile Driver+1","floor":18},{"not_picked":["Fusion","Rebound+1"],"picked":"Leap","floor":21},{"not_picked":["Rebound+1","Sweeping Beam+1"],"picked":"Double Energy","floor":23},{"not_picked":["Go for the Eyes+1","Heatsinks+1"],"picked":"Self Repair+1","floor":24},{"not_picked":["Stack","Leap"],"picked":"Streamline+1","floor":25},{"not_picked":["White Noise","Compile Driver+1"],"picked":"Conserve Battery","floor":31},{"not_picked":["Rainbow","Fission"],"picked":"Core Surge+1","floor":33},{"not_picked":["Sweeping Beam+1","Ball Lightning+1"],"picked":"Stack+1","floor":35},{"not_picked":["Blizzard+1","Storm+1"],"picked":"Defragment+1","floor":38},{"not_picked":["Redo+1","Genetic Algorithm"],"picked":"Undo","floor":41},{"not_picked":["Conserve Battery","Darkness"],"picked":"Beam Cell+1","floor":42},{"not_picked":["Beam Cell+1","Conserve Battery"],"picked":"Coolheaded","floor":45},{"not_picked":["Sweeping Beam+1","Stack"],"picked":"Coolheaded","floor":46},{"not_picked":["Compile Driver+1","Auto Shields"],"picked":"Streamline+1","floor":47}],"player_experience":519645,"relics_obtained":[{"floor":6,"key":"Molten Egg 2"},{"floor":9,"key":"Blood Vial"},{"floor":13,"key":"Art of War"},{"floor":17,"key":"Bird Faced Urn"},{"floor":17,"key":"Frozen Egg 2"},{"floor":17,"key":"Pen Nib"},{"floor":23,"key":"Akabeko"},{"floor":25,"key":"DataDisk"},{"floor":26,"key":"War Paint"},{"floor":41,"key":"Nunchaku"},{"floor":43,"key":"Juzu Bracelet"},{"floor":45,"key":"Gremlin Horn"},{"floor":47,"key":"Ginger"}],"event_choices":[{"damage_healed":0,"gold_gain":0,"player_choice":"Entered Light","damage_taken":19,"max_hp_gain":0,"max_hp_loss":0,"event_name":"Shining Light","floor":3,"gold_loss":0,"cards_upgraded":["Defend_B","Chill"]},{"cards_removed":["Ball Lightning"],"damage_healed":0,"gold_gain":0,"player_choice":"Gave Card","damage_taken":0,"relics_obtained":["MealTicket"],"max_hp_gain":0,"max_hp_loss":0,"event_name":"WeMeetAgain","floor":12,"gold_loss":0},{"damage_healed":0,"gold_gain":0,"player_choice":"Simplicity","damage_taken":0,"max_hp_gain":0,"max_hp_loss":0,"event_name":"Back to Basics","floor":19,"gold_loss":0,"cards_upgraded":["Strike_B","Strike_B","Strike_B","Defend_B","Defend_B","Defend_B"]},{"damage_healed":0,"gold_gain":0,"player_choice":"Forge","damage_taken":0,"max_hp_gain":0,"max_hp_loss":0,"event_name":"Accursed Blacksmith","floor":20,"gold_loss":0,"cards_upgraded":["Dualcast"]},{"damage_healed":0,"gold_gain":0,"player_choice":"Stole Relic","damage_taken":0,"relics_obtained":["Strawberry"],"max_hp_gain":0,"max_hp_loss":0,"event_name":"Addict","floor":27,"gold_loss":0,"cards_obtained":["Shame"]},{"damage_healed":0,"gold_gain":0,"player_choice":"Ignored","damage_taken":0,"max_hp_gain":0,"max_hp_loss":0,"event_name":"Ghosts","floor":28,"gold_loss":0},{"damage_healed":0,"gold_gain":50,"player_choice":"Stole From Cult","damage_taken":0,"max_hp_gain":0,"max_hp_loss":0,"event_name":"Nest","floor":30,"gold_loss":0},{"damage_healed":0,"gold_gain":0,"player_choice":"Max HP","damage_taken":0,"max_hp_gain":0,"max_hp_loss":4,"event_name":"Winding Halls","floor":37,"gold_loss":0},{"damage_healed":0,"gold_gain":0,"player_choice":"Got Potions","damage_taken":0,"max_hp_gain":0,"max_hp_loss":0,"event_name":"Lab","floor":39,"gold_loss":0},{"damage_healed":0,"gold_gain":0,"player_choice":"Fight","damage_taken":0,"max_hp_gain":0,"max_hp_loss":0,"event_name":"Mysterious Sphere","floor":47,"gold_loss":0},{"damage_healed":0,"gold_gain":0,"player_choice":"Copied","damage_taken":0,"max_hp_gain":0,"max_hp_loss":0,"event_name":"Duplicator","floor":48,"gold_loss":0,"cards_obtained":["Defragment"]}],"is_beta":false,"boss_relics":[{"not_picked":["Nuclear Battery","SlaversCollar"],"picked":"Calling Bell"},{"not_picked":["Runic Pyramid","Astrolabe"],"picked":"Philosopher\u0027s Stone"}],"items_purged_floors":[5],"is_endless":false,"potions_floor_spawned":[1,6,7,11,16,18,24,31,33,38,45,46,47],"ascension_level":16}}