{"host":"8srk5r1dwtmjotwd","time":1613266887,"event":{"mods":["AchievementEnabler","Act Like it!","Aspiration","BaseMod","Beaked The Cultist","Bestiary","Better Note","Better Third Choice","Colored Map","Colored Powertips","Conspire","Custom Start","Friendly Minions","GifTheSpireLib","Halation","Hallownest","Hermit","Highlight Path","Hubris","Infinite Spire","Mimic Mod","Minty Spire (QoL Compilation)","Morshu Shopkeeper - ENHANCED","Quick Restart","Rare Cards Sparkle","Reliquary","Replay The Spire","Shop Mod","StSLib","SuperFastMode","Synergy Search","The Bug Knight","The Construct","The Cursed","The Disciple","The Marked","Thieving Mod","Wide Potions","Yohane!","everything is the same but u backflip on backflip","slay the spire mod where everything is the same but ironclad has a cowboy hat"],"gold_per_floor":[113,113,130,141,141,141,157,170,195,195,216,271,296,296,296,412,412,452,488,488,488,520,520,538,538,615,625,625],"floor_reached":27,"language":"ENG","playtime":2631,"items_purged":[],"score":217,"play_id":"4ff06620-7656-4e16-8da5-e16e26fba530","local_time":"20210213204127","is_ascension_mode":false,"campfire_choices":[{"data":"Defend_R","floor":6,"key":"PURGE"},{"data":"Immolate","floor":10,"key":"SMITH"},{"floor":15,"key":"REST"},{"data":"Strike_R","floor":23,"key":"PURGE"},{"floor":25,"key":"REST"}],"circlet_count":0,"master_deck":["Strike_R","Strike_R","Strike_R","Strike_R","Defend_R","Defend_R","Bash","hubris:Defend_Merchant","Strike_P","Flex","Immolate+1","Twin Strike","Replay:Undeath\u0027s Touch","Heavy Blade","Inflame","Flex","Flex","Rage"],"relics":["Burning Blood","Peace Pipe","Replay:Bandana","reliquary:PrincelyHelmet","SacredBark","Eternal Feather"],"acts_visited":["Exordium","TheCity"],"potions_floor_usage":[4,8,16,24],"damage_taken":[{"damage":4,"enemies":"2 Louse","floor":1,"turns":3},{"damage":6,"enemies":"Cultist","floor":3,"turns":3},{"damage":6,"enemies":"Jaw Worm","floor":4,"turns":2},{"damage":0,"enemies":"Gremlin Gang","floor":7,"turns":1},{"damage":10,"enemies":"Large Slime","floor":8,"turns":5},{"damage":0,"enemies":"Exordium Wildlife","floor":11,"turns":1},{"damage":19,"enemies":"HollowMod:MossKnight","floor":12,"turns":4},{"damage":14,"enemies":"Blue Slaver","floor":13,"turns":3},{"damage":8,"enemies":"Fading Forest","floor":16,"turns":11},{"damage":11,"enemies":"conspire:FuzzyDice","floor":18,"turns":4},{"damage":15,"enemies":"Snecko","floor":19,"turns":3},{"damage":28,"enemies":"Centurion and Healer","floor":22,"turns":4},{"damage":35,"enemies":"conspire:HollyBat","floor":24,"turns":6},{"damage":45,"enemies":"Replay:Snechameleon","floor":27,"turns":7}],"seed_played":"-395864406782398360","potions_obtained":[{"floor":3,"key":"Fire Potion"},{"floor":4,"key":"Weak Potion"},{"floor":12,"key":"AttackPotion"},{"floor":19,"key":"Energy Potion"}],"is_trial":false,"path_per_floor":["M","?","M","M","?","R","M","M","T","R","M","E","M","?","R","B",null,"M","M","?","?","M","R","M","R","T","E"],"character_chosen":"IRONCLAD","items_purchased":[],"campfire_rested":2,"item_purchase_floors":[],"current_hp_per_floor":[80,80,80,80,80,80,80,76,76,76,80,67,59,64,85,85,85,80,71,71,71,49,49,20,45,45,0,0],"gold":625,"neow_bonus":"ONE_RARE_RELIC","is_daily":false,"chose_seed":false,"campfire_upgraded":1,"win_rate":0.0,"timestamp":1613266887,"path_taken":["M","?","?","M","?","R","?","M","T","R","M","E","M","?","R","BOSS","M","M","?","?","M","R","M","R","T","E"],"items_purchased_type":[],"build_version":"2020-12-22","purchased_purges":0,"victory":false,"max_hp_per_floor":[80,80,80,80,80,80,80,80,80,80,80,80,80,85,85,85,85,85,85,85,85,85,85,85,85,85,85,85],"card_choices":[{"not_picked":["hubris:SharpeningStone","Bloodletting"],"picked":"Flex","floor":1},{"not_picked":["Havoc","Flex","ReplayReversal"],"picked":"SKIP","floor":3},{"not_picked":["Blood for Blood","Metallicize"],"picked":"Twin Strike","floor":4},{"not_picked":["Armaments","Flex","ReplayTheSpireMod:Strike From Hell"],"picked":"SKIP","floor":7},{"not_picked":["True Grit","Wild Strike","Fire Breathing"],"picked":"SKIP","floor":8},{"not_picked":["Uppercut","ReplayTheSpireMod:Corrosion Curse"],"picked":"Replay:Undeath\u0027s Touch","floor":11},{"not_picked":["ReplayTheSpireMod:LeadingStrike","Shrug It Off"],"picked":"Heavy Blade","floor":12},{"not_picked":["Fiend Fire","Cleave"],"picked":"Inflame","floor":13},{"not_picked":["Shrug It Off","Battle Trance","Clothesline"],"picked":"SKIP","floor":18},{"not_picked":["Heavy Blade+1","Headbutt"],"picked":"Flex","floor":19},{"not_picked":["Replay:Undeath\u0027s Touch","Rupture"],"picked":"Flex","floor":22},{"not_picked":["Ghostly Armor","Entrench"],"picked":"Rage","floor":24}],"player_experience":131202,"relics_obtained":[{"floor":9,"key":"Replay:Bandana"},{"floor":12,"key":"reliquary:PrincelyHelmet"},{"floor":26,"key":"Eternal Feather"}],"event_choices":[{"damage_healed":0,"gold_gain":0,"cards_transformed":["Defend_R"],"player_choice":"Transformed","damage_taken":0,"max_hp_gain":0,"max_hp_loss":0,"event_name":"Transmorgrifier","floor":2,"gold_loss":0,"cards_obtained":["Immolate"]},{"damage_healed":0,"gold_gain":0,"player_choice":"0 cards matched","damage_taken":0,"max_hp_gain":0,"max_hp_loss":0,"event_name":"Match and Keep!","floor":5,"gold_loss":0,"cards_obtained":[]},{"damage_healed":0,"gold_gain":0,"player_choice":"Donut","damage_taken":0,"max_hp_gain":5,"max_hp_loss":0,"event_name":"Big Fish","floor":14,"gold_loss":0},{"damage_healed":0,"gold_gain":0,"player_choice":"Ignored","damage_taken":0,"max_hp_gain":0,"max_hp_loss":0,"event_name":"betterNote:BetterNote","floor":20,"gold_loss":0,"cards_obtained":["infinitespire:DeathsTouch"]}],"is_beta":false,"boss_relics":[{"not_picked":["Calling Bell","hubris:BlackHole"],"picked":"SacredBark"}],"items_purged_floors":[],"is_endless":false,"potions_floor_spawned":[3,4,12,19],"killed_by":"Replay:Snechameleon","ascension_level":0}}