{"host":"512s0dw15c3jqxy4","time":1613270932,"event":{"mods":["BaseMod","Colored Powertips","Highlight Path","Minty Spire (QoL Compilation)","Quick Restart","Relic Stats"],"gold_per_floor":[116,130,130,144,319,351,351,426,426,457,472,504,353,353,353,452,452,466,466,106,121,160,199,199,243,331,355,396,417,477,538,538,648,648,675,735,735,744,74,74,109,109,118,143,168,197,197,239,239,239],"floor_reached":51,"language":"ENG","playtime":2781,"items_purged":["Pain","Doubt","Doubt"],"score":999,"play_id":"55a8829e-26a1-4fff-a594-143f39c40276","local_time":"20210213164852","is_ascension_mode":true,"campfire_choices":[{"data":"Perfected Strike","floor":7,"key":"SMITH"},{"floor":15,"key":"REST"},{"floor":24,"key":"REST"},{"data":"Pummel","floor":32,"key":"SMITH"},{"data":"Rupture","floor":40,"key":"SMITH"},{"data":"Evolve","floor":42,"key":"SMITH"},{"data":"Shockwave","floor":47,"key":"SMITH"},{"floor":49,"key":"REST"}],"circlet_count":0,"master_deck":["Strike_R","Strike_R","Strike_R","Strike_R","Strike_R","Defend_R","Defend_R","Defend_R","Defend_R","Bash","Perfected Strike+1","Shockwave+1","Fire Breathing","Pommel Strike","Seeing Red","Rupture+1","Headbutt","Combust","Demon Form+1","Cleave+1","Flame Barrier","HandOfGreed","Perfected Strike+1","Immolate","Pummel+1","Decay","Wild Strike","Flame Barrier+1","Heavy Blade","Thunderclap","Twin Strike","Reaper","Pummel","Dual Wield+1","Mayhem","Shrug It Off","Evolve+1","Iron Wave+1","Writhe","Shrug It Off","Pummel+1","Pommel Strike+1","Rupture+1"],"relics":["Cursed Key","Darkstone Periapt","Self Forming Clay","Vajra","Orichalcum","Snecko Eye","CeramicFish","Meat on the Bone","Bag of Marbles","Bag of Preparation","Mark of Pain","Calipers","Toy Ornithopter","Lantern","Regal Pillow","Strawberry","Pear","CaptainsWheel"],"acts_visited":["Exordium","TheCity","TheBeyond"],"potions_floor_usage":[23,28],"damage_taken":[{"damage":7,"enemies":"2 Louse","floor":1,"turns":3},{"damage":2,"enemies":"Jaw Worm","floor":2,"turns":2},{"damage":7,"enemies":"Small Slimes","floor":4,"turns":3},{"damage":10,"enemies":"Lagavulin","floor":6,"turns":7},{"damage":8,"enemies":"Gremlin Nob","floor":10,"turns":4},{"damage":29,"enemies":"Exordium Thugs","floor":11,"turns":5},{"damage":9,"enemies":"Lagavulin","floor":12,"turns":4},{"damage":26,"enemies":"The Guardian","floor":16,"turns":9},{"damage":13,"enemies":"3 Byrds","floor":18,"turns":4},{"damage":5,"enemies":"Spheric Guardian","floor":21,"turns":3},{"damage":9,"enemies":"Snake Plant","floor":22,"turns":3},{"damage":20,"enemies":"Gremlin Leader","floor":23,"turns":4},{"damage":0,"enemies":"Cultist and Chosen","floor":25,"turns":3},{"damage":10,"enemies":"Shelled Parasite and Fungi","floor":27,"turns":4},{"damage":4,"enemies":"Book of Stabbing","floor":28,"turns":2},{"damage":1,"enemies":"Centurion and Healer","floor":29,"turns":3},{"damage":0,"enemies":"Gremlin Leader","floor":30,"turns":3},{"damage":0,"enemies":"3 Cultists","floor":31,"turns":2},{"damage":20,"enemies":"Champ","floor":33,"turns":6},{"damage":0,"enemies":"3 Darklings","floor":35,"turns":3},{"damage":10,"enemies":"2 Orb Walkers","floor":36,"turns":2},{"damage":25,"enemies":"Nemesis","floor":41,"turns":5},{"damage":11,"enemies":"3 Shapes","floor":44,"turns":2},{"damage":17,"enemies":"Maw","floor":45,"turns":4},{"damage":11,"enemies":"Sphere and 2 Shapes","floor":46,"turns":3},{"damage":37,"enemies":"Reptomancer","floor":48,"turns":5},{"damage":55,"enemies":"Time Eater","floor":50,"turns":8}],"seed_played":"1788113350309940822","potions_obtained":[{"floor":1,"key":"ColorlessPotion"},{"floor":10,"key":"Fire Potion"},{"floor":11,"key":"Energy Potion"},{"floor":21,"key":"CultistPotion"},{"floor":23,"key":"SteroidPotion"},{"floor":28,"key":"BloodPotion"},{"floor":29,"key":"SpeedPotion"},{"floor":35,"key":"Fruit Juice"}],"is_trial":false,"path_per_floor":["M","M","?","M","?","E","R","?","T","E","M","E","$","?","R","B",null,"M","?","$","M","M","E","R","M","T","M","E","M","E","M","R","B",null,"M","?","?","T","$","R","E","R","T","M","M","M","R","E","R","B",null],"character_chosen":"IRONCLAD","items_purchased":["Combust","Flame Barrier","HandOfGreed","Mayhem","Lantern","Shrug It Off","Evolve","Regal Pillow"],"campfire_rested":3,"item_purchase_floors":[13,20,20,39,39,39,39,39],"current_hp_per_floor":[73,71,71,64,64,54,54,43,49,41,12,3,3,3,28,2,86,73,73,73,68,59,39,64,64,70,60,74,73,73,73,73,53,92,92,82,82,88,88,88,77,77,93,96,84,93,93,63,114,66],"gold":239,"neow_bonus":"BOSS_RELIC","is_daily":false,"chose_seed":false,"campfire_upgraded":5,"win_rate":0.0,"timestamp":1613270932,"path_taken":["M","M","?","M","?","E","R","?","T","E","?","E","$","?","R","BOSS","M","?","?","M","M","E","R","M","T","M","E","M","E","?","R","BOSS","M","?","?","?","$","R","E","R","T","M","M","M","R","E","R","BOSS"],"items_purchased_type":["Card","Card","Card","Card","Relic","Card","Card","Relic"],"build_version":"2020-12-22","purchased_purges":3,"victory":true,"max_hp_per_floor":[80,80,80,80,80,80,80,80,86,86,86,86,86,86,86,86,86,86,86,86,86,86,86,86,86,92,92,92,92,92,92,92,92,92,92,92,92,98,98,98,105,105,121,121,121,121,121,121,121,121],"relic_stats":{"Darkstone Periapt":24,"Regal Pillow":15,"counters":[27,106],"Self Forming Clay":[234],"CeramicFish":189,"Snecko Eye":[125,120,119,129],"Bag of Preparation":[20],"Orichalcum":[102],"Cursed Key":4,"obtain_stats":[{"Darkstone Periapt":6,"Lantern":39,"Regal Pillow":39,"Calipers":36,"Pear":43,"Self Forming Clay":9,"CeramicFish":23,"Vajra":10,"Bag of Preparation":30,"Orichalcum":12,"Cursed Key":0,"Burning Blood":0,"CaptainsWheel":48,"Strawberry":41,"Snecko Eye":17,"Mark of Pain":34,"Bag of Marbles":28,"Toy Ornithopter":38,"Meat on the Bone":26},{"Darkstone Periapt":4,"Lantern":21,"Regal Pillow":21,"Calipers":21,"Pear":22,"Self Forming Clay":4,"CeramicFish":12,"Vajra":5,"Bag of Preparation":17,"Orichalcum":7,"Cursed Key":0,"Burning Blood":0,"CaptainsWheel":26,"Strawberry":22,"Snecko Eye":8,"Mark of Pain":19,"Bag of Marbles":15,"Toy Ornithopter":21,"Meat on the Bone":13},{"Darkstone Periapt":15,"Lantern":79,"Regal Pillow":79,"Calipers":79,"Pear":84,"Self Forming Clay":15,"CeramicFish":51,"Vajra":19,"Bag of Preparation":66,"Orichalcum":28,"Cursed Key":0,"Burning Blood":0,"CaptainsWheel":98,"Strawberry":84,"Snecko Eye":37,"Mark of Pain":74,"Bag of Marbles":60,"Toy Ornithopter":79,"Meat on the Bone":54}],"Toy Ornithopter":0,"Meat on the Bone":0},"card_choices":[{"not_picked":["Uppercut","Heavy Blade"],"picked":"Perfected Strike","floor":1},{"not_picked":["Perfected Strike","Entrench"],"picked":"Wild Strike","floor":2},{"not_picked":["Headbutt","Perfected Strike"],"picked":"Fire Breathing","floor":4},{"not_picked":["Sword Boomerang","Dark Embrace"],"picked":"Pommel Strike","floor":6},{"not_picked":["Cleave","Havoc"],"picked":"Seeing Red","floor":10},{"not_picked":["Flex","Cleave"],"picked":"Rupture","floor":11},{"not_picked":["Havoc","Seeing Red"],"picked":"Headbutt","floor":12},{"not_picked":["Bludgeon","Double Tap"],"picked":"Demon Form","floor":16},{"not_picked":["Headbutt","Havoc"],"picked":"Cleave+1","floor":18},{"not_picked":["Hemokinesis","Second Wind","Entrench+1"],"picked":"SKIP","floor":21},{"not_picked":["Flex","Sword Boomerang"],"picked":"Perfected Strike+1","floor":22},{"not_picked":["Headbutt","Clash"],"picked":"Immolate","floor":23},{"not_picked":["Armaments","Sword Boomerang"],"picked":"Pummel","floor":25},{"not_picked":["Inflame","Rampage"],"picked":"Wild Strike","floor":27},{"not_picked":["Havoc","Pommel Strike+1"],"picked":"Flame Barrier+1","floor":28},{"not_picked":["Uppercut","Clothesline+1"],"picked":"Heavy Blade","floor":29},{"not_picked":["Rampage","Fire Breathing"],"picked":"Thunderclap","floor":30},{"not_picked":["Iron Wave","Rupture"],"picked":"Twin Strike","floor":31},{"not_picked":["Corruption","Immolate"],"picked":"Reaper","floor":33},{"not_picked":["Inflame+1","Perfected Strike"],"picked":"Pummel","floor":35},{"not_picked":["Body Slam+1","Dropkick"],"picked":"Dual Wield+1","floor":36},{"not_picked":["Headbutt+1","Entrench"],"picked":"Iron Wave+1","floor":41},{"not_picked":["Thunderclap+1","Fire Breathing+1"],"picked":"Shrug It Off","floor":44},{"not_picked":["Anger+1","Searing Blow+1"],"picked":"Pummel+1","floor":45},{"not_picked":["Pummel","Headbutt"],"picked":"Pommel Strike+1","floor":46},{"not_picked":["Juggernaut","Flex"],"picked":"Rupture+1","floor":48}],"player_experience":227918,"relics_obtained":[{"floor":6,"key":"Darkstone Periapt"},{"floor":9,"key":"Self Forming Clay"},{"floor":10,"key":"Vajra"},{"floor":12,"key":"Orichalcum"},{"floor":23,"key":"CeramicFish"},{"floor":26,"key":"Meat on the Bone"},{"floor":28,"key":"Bag of Marbles"},{"floor":30,"key":"Bag of Preparation"},{"floor":36,"key":"Calipers"},{"floor":38,"key":"Toy Ornithopter"},{"floor":41,"key":"Strawberry"},{"floor":43,"key":"Pear"},{"floor":48,"key":"CaptainsWheel"}],"event_choices":[{"damage_healed":0,"gold_gain":0,"cards_transformed":["Wild Strike"],"player_choice":"Change","damage_taken":0,"max_hp_gain":0,"max_hp_loss":0,"event_name":"Living Wall","floor":3,"gold_loss":0,"cards_obtained":["Shockwave"]},{"damage_healed":0,"gold_gain":175,"player_choice":"AGREE","damage_taken":0,"max_hp_gain":0,"max_hp_loss":0,"event_name":"Liars Game","floor":5,"gold_loss":0,"cards_obtained":["Doubt"]},{"damage_healed":0,"gold_gain":75,"player_choice":"Gather Gold","damage_taken":11,"max_hp_gain":0,"max_hp_loss":0,"event_name":"World of Goop","floor":8,"gold_loss":0},{"damage_healed":0,"gold_gain":0,"player_choice":"Ignored","damage_taken":0,"max_hp_gain":0,"max_hp_loss":0,"event_name":"Shining Light","floor":14,"gold_loss":0},{"damage_healed":0,"gold_gain":0,"player_choice":"Upgraded","damage_taken":0,"max_hp_gain":0,"max_hp_loss":0,"event_name":"Upgrade Shrine","floor":19,"gold_loss":0,"cards_upgraded":["Demon Form"]},{"damage_healed":0,"gold_gain":0,"player_choice":"Fight","damage_taken":0,"max_hp_gain":0,"max_hp_loss":0,"event_name":"Mysterious Sphere","floor":36,"gold_loss":0},{"damage_healed":0,"gold_gain":0,"player_choice":"Ignored","damage_taken":0,"max_hp_gain":0,"max_hp_loss":0,"event_name":"Tomb of Lord Red Mask","floor":37,"gold_loss":0}],"is_beta":false,"boss_relics":[{"not_picked":["Velvet Choker","Ectoplasm"],"picked":"Snecko Eye"},{"not_picked":["Runic Pyramid","Astrolabe"],"picked":"Mark of Pain"}],"items_purged_floors":[13,20,39],"is_endless":false,"potions_floor_spawned":[1,10,11,21,23,28,29,30,35,36,46],"ascension_level":3}}