{"host":"fkpiy6brc0jk9mxy","time":1613290837,"event":{"mods":["BaseMod","Hermit","Keyboard Shortcuts","Minty Spire (QoL Compilation)","Permanent Neow","StSLib","SuperFastMode","The Servant 0.9.4","everything is the same but u backflip on backflip"],"gold_per_floor":[112,112,37,37,47,66,36,62,62,62,75,90,90,106,106,106,106],"floor_reached":16,"language":"KOR","playtime":724,"items_purged":["hermit:Strike_Hermit"],"score":102,"play_id":"f20fcf42-7dd5-4847-b8e5-360716f579b4","local_time":"20210214172037","is_ascension_mode":false,"campfire_choices":[{"floor":10,"key":"DIG"},{"floor":13,"key":"DIG"},{"floor":15,"key":"DIG"}],"circlet_count":0,"master_deck":["hermit:Strike_Hermit","hermit:Defend_Hermit","hermit:Defend_Hermit","hermit:Defend_Hermit","hermit:Defend_Hermit","hermit:Snapshot","hermit:Covet","hermit:FlashPowder","hermit:Manifest","Regret","hermit:GoldenBullet","hermit:Grudge","hermit:Snipe"],"relics":["hermit:Momento","Mango","Shovel","Gambling Chip","Orichalcum","Potion Belt","Molten Egg 2"],"acts_visited":["Exordium"],"potions_floor_usage":[16,16],"damage_taken":[{"damage":0,"enemies":"Small Slimes","floor":1,"turns":3},{"damage":0,"enemies":"2 Louse","floor":5,"turns":4},{"damage":0,"enemies":"Cultist","floor":6,"turns":6},{"damage":0,"enemies":"Looter","floor":7,"turns":4},{"damage":28,"enemies":"3 Sentries","floor":8,"turns":7},{"damage":2,"enemies":"Exordium Wildlife","floor":11,"turns":5},{"damage":6,"enemies":"Exordium Thugs","floor":12,"turns":5},{"damage":5,"enemies":"Red Slaver","floor":14,"turns":5},{"damage":62,"enemies":"Slime Boss","floor":16,"turns":13}],"seed_played":"-2379038426460706176","potions_obtained":[{"floor":6,"key":"Regen Potion"},{"floor":11,"key":"Fire Potion"}],"is_trial":false,"path_per_floor":["M","?","$","?","M","M","M","E","T","R","M","M","R","M","R","B"],"character_chosen":"HERMIT","items_purchased":[],"campfire_rested":0,"item_purchase_floors":[],"current_hp_per_floor":[75,89,89,89,89,89,89,61,61,61,59,53,53,48,48,0,0],"gold":106,"neow_bonus":"TRANSFORM_CARD","is_daily":false,"chose_seed":false,"campfire_upgraded":0,"win_rate":0.0,"timestamp":1613290837,"path_taken":["M","?","$","?","M","M","?","E","T","R","M","M","R","M","R","BOSS"],"items_purchased_type":[],"build_version":"2020-12-22","purchased_purges":1,"victory":false,"max_hp_per_floor":[75,89,89,89,89,89,89,89,89,89,89,89,89,89,89,89,89],"card_choices":[{"not_picked":["hermit:LowProfile","hermit:WideOpen"],"picked":"hermit:Manifest","floor":1},{"not_picked":["hermit:LowProfile","hermit:Coalescence","hermit:CalledShot"],"picked":"SKIP","floor":5},{"not_picked":["hermit:Desperado","hermit:WideOpen"],"picked":"hermit:GoldenBullet","floor":6},{"not_picked":["hermit:ShadowCloak","hermit:Coalescence"],"picked":"hermit:Grudge","floor":7},{"not_picked":["hermit:Quickdraw","hermit:CalledShot","hermit:TrackingShot"],"picked":"SKIP","floor":8},{"not_picked":["hermit:WideOpen","hermit:EternalForm","hermit:Dive"],"picked":"SKIP","floor":11},{"not_picked":["hermit:Glare","hermit:Shortfuse","hermit:ItchyTrigger"],"picked":"SKIP","floor":12},{"not_picked":["hermit:Desperado","hermit:TrackingShot"],"picked":"hermit:Snipe","floor":14}],"player_experience":360935,"relics_obtained":[{"floor":8,"key":"Shovel"},{"floor":9,"key":"Gambling Chip"},{"floor":10,"key":"Orichalcum"},{"floor":13,"key":"Potion Belt"},{"floor":15,"key":"Molten Egg 2"}],"event_choices":[{"damage_healed":0,"gold_gain":0,"player_choice":"Box","damage_taken":0,"relics_obtained":["Mango"],"max_hp_gain":0,"max_hp_loss":0,"event_name":"Big Fish","floor":2,"gold_loss":0,"cards_obtained":["Regret"]},{"cards_removed":["hermit:Strike_Hermit"],"damage_healed":0,"gold_gain":0,"player_choice":"Purged","damage_taken":0,"max_hp_gain":0,"max_hp_loss":0,"event_name":"Purifier","floor":4,"gold_loss":0}],"is_beta":false,"boss_relics":[],"items_purged_floors":[3],"is_endless":false,"potions_floor_spawned":[6,11],"killed_by":"Slime Boss","ascension_level":0}}