{"host":"8r9w96u1r57aou22","time":1613301434,"event":{"mods":["AchievementEnabler","BaseMod","Colored Map","Colored Powertips","Keyboard Shortcuts","Minty Spire (QoL Compilation)","StSLib","SuperFastMode"],"gold_per_floor":[111,127,144,2,2,2,37,114,114,114,114,154,154,175,175,299,299,314,327,342,367,367,367,367,367],"floor_reached":24,"language":"KOR","playtime":776,"items_purged":["Strike_G"],"score":332,"play_id":"18562886-1e5f-4e2e-be9f-c36adfbd7d8a","local_time":"20210214201714","is_ascension_mode":true,"campfire_choices":[{"data":"Blade Dance","floor":6,"key":"SMITH"},{"floor":10,"key":"REST"},{"data":"Footwork","floor":13,"key":"SMITH"},{"data":"Well Laid Plans","floor":15,"key":"SMITH"},{"data":"Malaise","floor":23,"key":"SMITH"}],"circlet_count":0,"master_deck":["Strike_G","Strike_G","Strike_G","Defend_G","Defend_G","Defend_G","Defend_G","Defend_G","Survivor","Neutralize","Distraction","Poisoned Stab","Blade Dance+1","Dash","Footwork+1","Dagger Spray","Well Laid Plans+1","Malaise+1","Accuracy","Acrobatics","Masterful Stab","Choke+1"],"relics":["Ring of the Snake","Golden Idol","Odd Mushroom","Bottled Tornado","Blood Vial","FossilizedHelix","WristBlade"],"acts_visited":["Exordium","TheCity"],"potions_floor_usage":[16,16,24,24],"damage_taken":[{"damage":11,"enemies":"Small Slimes","floor":1,"turns":6},{"damage":12,"enemies":"Jaw Worm","floor":2,"turns":5},{"damage":7,"enemies":"2 Louse","floor":3,"turns":3},{"damage":18,"enemies":"The Mushroom Lair","floor":7,"turns":5},{"damage":26,"enemies":"Lagavulin","floor":12,"turns":5},{"damage":0,"enemies":"Gremlin Gang","floor":14,"turns":3},{"damage":0,"enemies":"Hexaghost","floor":16,"turns":9},{"damage":9,"enemies":"3 Byrds","floor":18,"turns":6},{"damage":0,"enemies":"Spheric Guardian","floor":19,"turns":5},{"damage":28,"enemies":"3 Cultists","floor":20,"turns":6},{"damage":2,"enemies":"Cultist and Chosen","floor":21,"turns":7},{"damage":31,"enemies":"Book of Stabbing","floor":24,"turns":3}],"seed_played":"-8094357148892375820","potions_obtained":[{"floor":1,"key":"Strength Potion"},{"floor":3,"key":"BlessingOfTheForge"},{"floor":14,"key":"Fire Potion"},{"floor":16,"key":"Ancient Potion"},{"floor":19,"key":"ColorlessPotion"},{"floor":20,"key":"Poison Potion"}],"is_trial":false,"path_per_floor":["M","M","M","$","?","R","?","T","T","R","T","E","R","M","R","B",null,"M","M","M","M","?","R","E"],"character_chosen":"THE_SILENT","items_purchased":["Footwork"],"campfire_rested":1,"item_purchase_floors":[4],"current_hp_per_floor":[52,40,33,33,33,33,15,15,15,34,34,10,10,12,12,14,52,45,47,21,21,21,21,0,0],"gold":367,"neow_bonus":"TRANSFORM_CARD","is_daily":false,"chose_seed":false,"campfire_upgraded":4,"win_rate":0.0,"timestamp":1613301434,"path_taken":["M","M","M","$","?","R","?","?","T","R","?","E","R","M","R","BOSS","M","M","?","M","?","R","E"],"items_purchased_type":["Card"],"build_version":"2020-12-22","purchased_purges":1,"victory":false,"max_hp_per_floor":[70,70,70,70,65,65,65,65,65,65,65,65,65,65,65,65,65,65,65,65,65,65,65,65,65],"card_choices":[{"not_picked":["Caltrops","Leg Sweep"],"picked":"Poisoned Stab","floor":1},{"not_picked":["Backflip","PiercingWail"],"picked":"Blade Dance","floor":2},{"not_picked":["Escape Plan","Distraction"],"picked":"Dash","floor":3},{"not_picked":["Sucker Punch","Distraction"],"picked":"Dagger Spray","floor":7},{"not_picked":["Sucker Punch","Doppelganger","Skewer"],"picked":"SKIP","floor":12},{"not_picked":["Outmaneuver","Slice"],"picked":"Well Laid Plans","floor":14},{"not_picked":["Phantasmal Killer","Die Die Die"],"picked":"Malaise","floor":16},{"not_picked":["Slice+1","Cloak And Dagger"],"picked":"Accuracy","floor":18},{"not_picked":["Riddle With Holes","Quick Slash"],"picked":"Acrobatics","floor":19},{"not_picked":["Leg Sweep","Poisoned Stab+1"],"picked":"Masterful Stab","floor":20},{"not_picked":["Bane","Outmaneuver"],"picked":"Choke+1","floor":21}],"player_experience":323224,"relics_obtained":[{"floor":7,"key":"Odd Mushroom"},{"floor":8,"key":"Bottled Tornado"},{"floor":11,"key":"Blood Vial"},{"floor":12,"key":"FossilizedHelix"}],"event_choices":[{"damage_healed":0,"gold_gain":0,"player_choice":"Lose Max HP","damage_taken":0,"relics_obtained":["Golden Idol"],"max_hp_gain":0,"max_hp_loss":5,"event_name":"Golden Idol","floor":5,"gold_loss":0},{"damage_healed":0,"gold_gain":0,"player_choice":"Fought Mushrooms","damage_taken":0,"max_hp_gain":0,"max_hp_loss":0,"event_name":"Mushrooms","floor":7,"gold_loss":0},{"damage_healed":0,"gold_gain":0,"player_choice":"Ignored","damage_taken":0,"max_hp_gain":0,"max_hp_loss":0,"event_name":"Vampires","floor":22,"gold_loss":0}],"is_beta":false,"boss_relics":[{"not_picked":["Runic Pyramid","Philosopher\u0027s Stone"],"picked":"WristBlade"}],"items_purged_floors":[4],"is_endless":false,"potions_floor_spawned":[1,3,14,16,19,20],"killed_by":"Book of Stabbing","ascension_level":7}}