{"host":"bpnwh7vpv9k3tssc","time":1613321450,"event":{"mods":["BaseMod","Colored Map","Colored Powertips","Curses Come First","Highlight Path","Minty Spire (QoL Compilation)","Quick Restart","Random Character Button","Relic Sorter","StSLib"],"gold_per_floor":[111,126,140,215,234,267,267,267,267],"floor_reached":8,"language":"ENG","playtime":256,"items_purged":[],"score":64,"play_id":"7b2918c3-c9b9-4380-80a9-9a7f602843d3","local_time":"20210214175050","is_ascension_mode":true,"campfire_choices":[],"circlet_count":0,"master_deck":["Strike_P","Strike_P","Strike_P","Strike_P","Defend_P","Defend_P","Defend_P","Defend_P","Eruption","Vigilance","Judgement+1","Tantrum+1","Meditate","Pray","CarveReality","ThirdEye"],"relics":["PureWater","GoldenEye"],"acts_visited":["Exordium"],"potions_floor_usage":[6],"damage_taken":[{"damage":0,"enemies":"2 Louse","floor":1,"turns":1},{"damage":0,"enemies":"Jaw Worm","floor":2,"turns":1},{"damage":10,"enemies":"Cultist","floor":3,"turns":4},{"damage":19,"enemies":"Exordium Wildlife","floor":5,"turns":4},{"damage":40,"enemies":"Lagavulin","floor":6,"turns":3},{"damage":6,"enemies":"3 Sentries","floor":8,"turns":5}],"seed_played":"7956305483928244365","potions_obtained":[{"floor":1,"key":"Dexterity Potion"},{"floor":2,"key":"FairyPotion"}],"is_trial":false,"path_per_floor":["M","M","M","?","M","E","?","E"],"character_chosen":"WATCHER","items_purchased":[],"campfire_rested":0,"item_purchase_floors":[],"current_hp_per_floor":[65,65,55,44,25,19,6,0,0],"gold":267,"neow_bonus":"THREE_RARE_CARDS","is_daily":false,"chose_seed":false,"campfire_upgraded":0,"win_rate":0.0,"timestamp":1613321450,"path_taken":["M","M","M","?","M","E","?","E"],"items_purchased_type":[],"build_version":"2020-12-22","purchased_purges":0,"victory":false,"max_hp_per_floor":[65,65,65,65,65,65,65,65,65],"card_choices":[{"not_picked":["Wish","Omniscience"],"picked":"Judgement","floor":0},{"not_picked":["WheelKick","Crescendo"],"picked":"Tantrum","floor":1},{"not_picked":["SashWhip","Crescendo"],"picked":"Meditate","floor":2},{"not_picked":["CrushJoints","Wireheading"],"picked":"Pray","floor":3},{"not_picked":["ThirdEye","Study"],"picked":"CarveReality","floor":5},{"not_picked":["Vault","WheelKick"],"picked":"ThirdEye","floor":6}],"player_experience":389612,"relics_obtained":[{"floor":6,"key":"GoldenEye"}],"event_choices":[{"damage_healed":0,"gold_gain":75,"player_choice":"Gather Gold","damage_taken":11,"max_hp_gain":0,"max_hp_loss":0,"event_name":"World of Goop","floor":4,"gold_loss":0},{"damage_healed":0,"gold_gain":0,"player_choice":"Entered Light","damage_taken":13,"max_hp_gain":0,"max_hp_loss":0,"event_name":"Shining Light","floor":7,"gold_loss":0,"cards_upgraded":["Judgement","Tantrum"]}],"is_beta":false,"boss_relics":[],"items_purged_floors":[],"is_endless":false,"potions_floor_spawned":[1,2],"killed_by":"3 Sentries","ascension_level":2}}