{"host":"nxma0dbhh74lxenq","time":1613276586,"event":{"mods":["Astrologer","BaseMod","Beaked The Cultist","CapriCore","Colored Map","DeckTracker","Gremlin Mod","Highlight Path","Koishi","Mad Scientist","Minty Spire (QoL Compilation)","StSLib","SuperFastMode","The Bladedancer","The Cursed","The Immortal","The Mystic","YoumuÅiç∞ÈÆódöÎÅj"],"gold_per_floor":[118,128,203,203,213,245,245,261,312,346,346,346,346,364,364,462,462,480,84,0,0,25,59,59,78,104,128,128,159,172,172,172,266,266,289,289,313,646,660,660,740,752,776,796,828,555,572,591,591,591],"floor_reached":51,"language":"JPN","playtime":2895,"items_purged":["Koishi:BasicStrike","Koishi:BasicDefend"],"score":1445,"play_id":"a15411e4-29ec-4d85-9692-e06379853f94","local_time":"20210214132306","is_ascension_mode":true,"campfire_choices":[{"data":"Koishi:HauntingSlash","floor":7,"key":"SMITH"},{"data":"Koishi:JumpScare","floor":11,"key":"SMITH"},{"data":"Koishi:Untouchable","floor":13,"key":"SMITH"},{"data":"Koishi:Catatonia","floor":15,"key":"SMITH"},{"data":"Koishi:MindStellarRelief","floor":24,"key":"SMITH"},{"data":"Koishi:VengefulSpirit","floor":28,"key":"SMITH"},{"data":"Koishi:RacingHeart","floor":32,"key":"SMITH"},{"data":"Koishi:BramblyRoseGarden","floor":40,"key":"SMITH"},{"data":"Koishi:MassHysteria","floor":49,"key":"SMITH"}],"circlet_count":0,"master_deck":["AscendersBane","Koishi:BasicStrike","Koishi:BasicDefend","Koishi:BasicDefend","Koishi:BasicDefend","Koishi:Provoke","Koishi:HauntingSlash+1","Koishi:Catatonia+1","Koishi:Jaunt","Koishi:Untouchable+1","Koishi:RacingHeart+1","Koishi:JumpScare+1","Koishi:ParalyzingFear","Koishi:MindStellarRelief+1","Koishi:UnseenTerror","Ghostly","Ghostly","Ghostly","Koishi:BramblyRoseGarden+1","Koishi:GeneticsOfTheUnconscious","Koishi:VengefulSpirit+1","Koishi:HeartfeltFancy","Koishi:ParalyzingFear","Koishi:RuptureMind","Koishi:SpiritedAway","Koishi:GeneticsOfTheUnconscious+1","Koishi:RacingHeart","Koishi:FleetingPhantom+1","Koishi:Whimsy","Koishi:DanmakuParanoia+1","Koishi:ApparitionsStalkTheNight","Koishi:MassHysteria+1","Koishi:EmbryosDream"],"relics":["Koishi:ImaginaryFriend","Akabeko","Eternal Feather","Ancient Tea Set","Koishi:AHoleWhereASisterShouldBe","Philosopher\u0027s Stone","Mummified Hand","Ornamental Fan","Oddly Smooth Stone","Toy Ornithopter","Empty Cage","StrikeDummy","Vajra","Question Card"],"acts_visited":["Exordium","TheCity","TheBeyond"],"potions_floor_usage":[6,6,10,16,23,23,45],"damage_taken":[{"damage":2,"enemies":"Jaw Worm","floor":1,"turns":4},{"damage":0,"enemies":"Cultist","floor":2,"turns":3},{"damage":8,"enemies":"2 Louse","floor":5,"turns":3},{"damage":9,"enemies":"Gremlin Nob","floor":6,"turns":3},{"damage":1,"enemies":"Looter","floor":8,"turns":5},{"damage":12,"enemies":"3 Sentries","floor":10,"turns":8},{"damage":12,"enemies":"Large Slime","floor":14,"turns":3},{"damage":19,"enemies":"The Guardian","floor":16,"turns":13},{"damage":24,"enemies":"3 Byrds","floor":18,"turns":6},{"damage":0,"enemies":"Spheric Guardian","floor":22,"turns":4},{"damage":9,"enemies":"Gremlin Leader","floor":23,"turns":6},{"damage":0,"enemies":"Centurion and Healer","floor":25,"turns":5},{"damage":15,"enemies":"Shelled Parasite and Fungi","floor":27,"turns":6},{"damage":0,"enemies":"Book of Stabbing","floor":29,"turns":5},{"damage":11,"enemies":"Snake Plant","floor":30,"turns":4},{"damage":2,"enemies":"Champ","floor":33,"turns":11},{"damage":0,"enemies":"Orb Walker","floor":35,"turns":5},{"damage":0,"enemies":"3 Shapes","floor":37,"turns":4},{"damage":5,"enemies":"3 Darklings","floor":39,"turns":4},{"damage":0,"enemies":"Jaw Worm Horde","floor":42,"turns":6},{"damage":0,"enemies":"Transient","floor":44,"turns":6},{"damage":0,"enemies":"Reptomancer","floor":45,"turns":5},{"damage":13,"enemies":"Maw","floor":47,"turns":6},{"damage":0,"enemies":"Spire Growth","floor":48,"turns":5},{"damage":9,"enemies":"Awakened One","floor":50,"turns":17}],"seed_played":"6774249473713395768","potions_obtained":[{"floor":1,"key":"EntropicBrew"},{"floor":6,"key":"Dexterity Potion"},{"floor":18,"key":"PowerPotion"},{"floor":29,"key":"SkillPotion"},{"floor":30,"key":"FearPotion"},{"floor":47,"key":"LiquidMemories"}],"is_trial":false,"path_per_floor":["M","M","?","?","M","E","R","M","T","E","R","?","R","M","R","B",null,"M","$","?","?","M","E","R","M","T","M","R","E","M","?","R","B",null,"M","?","M","?","M","R","T","M","T","M","E","$","M","M","R","B",null],"character_chosen":"KOISHI","items_purchased":["Mummified Hand","Explosive Potion","Koishi:ApparitionsStalkTheNight","GamblersBrew"],"campfire_rested":0,"item_purchase_floors":[19,19,46,46],"current_hp_per_floor":[51,52,41,33,26,19,25,28,28,16,25,25,34,30,39,36,48,34,34,34,26,26,26,26,26,26,19,26,26,21,21,26,24,26,26,25,25,25,25,25,25,25,25,25,25,25,25,25,25,25],"gold":591,"neow_bonus":"RANDOM_COMMON_RELIC","is_daily":false,"chose_seed":false,"campfire_upgraded":9,"win_rate":0.0,"timestamp":1613276586,"path_taken":["M","M","?","?","M","E","R","?","T","E","R","?","R","M","R","BOSS","M","$","?","?","M","E","R","M","T","M","R","E","M","?","R","BOSS","M","?","M","?","M","R","?","M","T","M","E","$","M","M","R","BOSS"],"items_purchased_type":["Relic","Potion","Card","Potion"],"build_version":"2020-12-22","purchased_purges":2,"victory":true,"max_hp_per_floor":[57,57,57,57,57,57,57,57,57,57,57,52,52,52,52,52,52,52,52,52,26,26,26,26,26,26,26,26,26,26,26,26,26,26,26,25,25,25,25,25,25,25,25,25,25,25,25,25,25,25],"card_choices":[{"not_picked":["Koishi:HeartAttack","Koishi:PhantomBarrier"],"picked":"Koishi:Catatonia","floor":1},{"not_picked":["Koishi:BloodcurdlingScream","Koishi:EmbersOfLove","Koishi:FreudianInstinct"],"picked":"SKIP","floor":2},{"not_picked":["Koishi:BloodcurdlingScream","Koishi:DNAsFlaw"],"picked":"Koishi:Jaunt","floor":5},{"not_picked":["Koishi:ParalyzingFear","Koishi:PhilosophyOfTheDespised"],"picked":"Koishi:Untouchable","floor":6},{"not_picked":["Koishi:UnconsciousUprising","Koishi:DreadfulBlow"],"picked":"Koishi:RacingHeart","floor":8},{"not_picked":["Koishi:SubterraneanRose","Koishi:DanmakuParanoia"],"picked":"Koishi:JumpScare","floor":10},{"not_picked":["Koishi:EmbryosDream","Koishi:UnseenTerror"],"picked":"Koishi:ParalyzingFear","floor":14},{"not_picked":["Koishi:RoseHell","Koishi:Ego"],"picked":"Koishi:MindStellarRelief","floor":16},{"not_picked":["Koishi:StingingMind","Koishi:UnconsciousUprising"],"picked":"Koishi:UnseenTerror","floor":18},{"not_picked":["Koishi:EmbryosDream","Koishi:Possession","Koishi:PhantomStrike"],"picked":"SKIP","floor":22},{"not_picked":["Koishi:JumpScare","Koishi:DreadfulBlow"],"picked":"Koishi:BramblyRoseGarden","floor":23},{"not_picked":["Koishi:FleetingPhantom","Koishi:BloodcurdlingScream"],"picked":"Koishi:GeneticsOfTheUnconscious","floor":25},{"not_picked":["Koishi:CatchAndRose","Koishi:HeartStoppingHorror"],"picked":"Koishi:VengefulSpirit","floor":27},{"not_picked":["Koishi:Jaunt","Koishi:SubterraneanRose"],"picked":"Koishi:HeartfeltFancy","floor":29},{"not_picked":["Koishi:HeartAttack","Koishi:SubterraneanRose"],"picked":"Koishi:ParalyzingFear","floor":30},{"not_picked":["Koishi:Ego","Koishi:HeartStoppingHorror"],"picked":"Koishi:RuptureMind","floor":33},{"not_picked":["Koishi:ReflexRadar","Koishi:UnansweredLove"],"picked":"Koishi:SpiritedAway","floor":35},{"not_picked":["Koishi:Untouchable+1","Koishi:UnansweredLove"],"picked":"Koishi:GeneticsOfTheUnconscious+1","floor":37},{"not_picked":["Koishi:JumpScare","Koishi:PerfectMindControl"],"picked":"Koishi:RacingHeart","floor":39},{"not_picked":["Koishi:DNAsFlaw+1","Koishi:RacingHeart"],"picked":"Koishi:FleetingPhantom+1","floor":42},{"not_picked":["Koishi:SprinkleStarAndHeart","Koishi:BloodcurdlingScream"],"picked":"Koishi:Whimsy","floor":44},{"not_picked":["Koishi:PhantomStrike+1","Koishi:Prune"],"picked":"Koishi:DanmakuParanoia+1","floor":45},{"not_picked":["Koishi:ParalyzingFear","Koishi:SubconsciousSweep+1","Koishi:DreadfulBlow+1"],"picked":"Koishi:MassHysteria","floor":47},{"not_picked":["Koishi:MassHysteria+1","Koishi:FleetingPhantom","Koishi:RacingHeart"],"picked":"Koishi:EmbryosDream","floor":48}],"player_experience":458127,"relics_obtained":[{"floor":6,"key":"Eternal Feather"},{"floor":9,"key":"Ancient Tea Set"},{"floor":10,"key":"Koishi:AHoleWhereASisterShouldBe"},{"floor":23,"key":"Ornamental Fan"},{"floor":26,"key":"Oddly Smooth Stone"},{"floor":29,"key":"Toy Ornithopter"},{"floor":41,"key":"StrikeDummy"},{"floor":43,"key":"Vajra"},{"floor":45,"key":"Question Card"}],"event_choices":[{"damage_healed":0,"gold_gain":75,"player_choice":"Gather Gold","damage_taken":11,"max_hp_gain":0,"max_hp_loss":0,"event_name":"World of Goop","floor":3,"gold_loss":0},{"damage_healed":0,"gold_gain":0,"player_choice":"Damaged","damage_taken":8,"max_hp_gain":0,"max_hp_loss":0,"event_name":"Wheel of Change","floor":4,"gold_loss":0},{"damage_healed":0,"gold_gain":0,"player_choice":"Lose Max HP","damage_taken":0,"relics_obtained":["Golden Idol"],"max_hp_gain":0,"max_hp_loss":5,"event_name":"Golden Idol","floor":12,"gold_loss":0},{"damage_healed":0,"gold_gain":0,"player_choice":"Paid Fearfully","damage_taken":0,"max_hp_gain":0,"max_hp_loss":0,"event_name":"Masked Bandits","floor":20,"gold_loss":84},{"damage_healed":0,"gold_gain":0,"player_choice":"Became a Ghost","damage_taken":0,"max_hp_gain":0,"max_hp_loss":26,"event_name":"Ghosts","floor":21,"gold_loss":0,"cards_obtained":["Ghostly","Ghostly","Ghostly"]},{"damage_healed":0,"gold_gain":0,"player_choice":"Ignored","damage_taken":0,"max_hp_gain":0,"max_hp_loss":0,"event_name":"The Mausoleum","floor":31,"gold_loss":0},{"damage_healed":0,"gold_gain":0,"player_choice":"Max HP","damage_taken":0,"max_hp_gain":0,"max_hp_loss":1,"event_name":"Winding Halls","floor":36,"gold_loss":0},{"damage_healed":0,"gold_gain":333,"player_choice":"Gave Idol","damage_taken":0,"max_hp_gain":0,"max_hp_loss":0,"event_name":"The Moai Head","floor":38,"relics_lost":["Golden Idol"],"gold_loss":0}],"is_beta":false,"boss_relics":[{"not_picked":["Cursed Key","Pandora\u0027s Box"],"picked":"Philosopher\u0027s Stone"},{"not_picked":["SacredBark","Runic Dome"],"picked":"Empty Cage"}],"items_purged_floors":[19,46],"is_endless":false,"potions_floor_spawned":[1,6,18,29,30,33,35,47,48],"ascension_level":17}}