{"host":"gzsdmyo07u314vug","time":1613320214,"event":{"mods":["2.2 Compatiblity","Astrologer","BaseMod","Colored Powertips","GifTheSpireLib","Gremlin Mod","Hermit","Jorbs\u0027s Wanderer Trilogy","Minty Spire (QoL Compilation)","Quick Restart","Rare Cards Sparkle","Relic Stats","Replay The Spire","Robot Space Explorer","Shop Mod","StSLib","The Bladedancer","The Bug Knight","The Construct","The Cursed","The Elementalist","The Hierophant","The IronCluck","The Marked","The Necromancer","The Runesmith","The Servant 0.9.4","Unceasing Turn Reminder","everything is the same but u backflip on backflip","slay the spire mod where everything is the same but ironclad has a cowboy hat"],"gold_per_floor":[118,118,135,148,131,141,141,169,169,169,187,187,206,29,29,124,124,136,154,54,54,25,25,25,18,18,117,117,117,19,20,20,111,111,118,109,109,109,109],"floor_reached":38,"language":"ENG","playtime":1381,"items_purged":["hierophant:Strike_Hierophant","hierophant:Strike_Hierophant"],"score":473,"play_id":"b4ff2596-f971-40ff-9ad6-d8db408d1156","local_time":"20210214133014","is_ascension_mode":true,"campfire_choices":[{"data":"hierophant:RepressedViolence","floor":7.0,"key":"SMITH"},{"data":"hierophant:Kindle","floor":10.0,"key":"SMITH"},{"floor":15.0,"key":"REST"},{"floor":24.0,"key":"REST"},{"data":"hierophant:Bribe","floor":29.0,"key":"SMITH"},{"data":"hierophant:HammerAndAnvil","floor":32.0,"key":"SMITH"}],"circlet_count":0,"master_deck":["hierophant:Defend_Hierophant","hierophant:Defend_Hierophant","hierophant:Defend_Hierophant","hierophant:Defend_Hierophant","hierophant:ChurchCoffers","hierophant:FieryStrike","hierophant:RepressedViolence+1","hierophant:Purify","hierophant:Kindle+1","hierophant:Sermon","hierophant:Shelter","hierophant:Bribe+1","hierophant:Encroach","Trip","hierophant:HammerAndAnvil+1","hierophant:DeathKnell"],"relics":["hierophant:PropheticMaskRelic","Potion Belt","Chameleon Ring","Incense Burner","Philosopher\u0027s Stone","Replay:WaspNest","Empty Cage"],"acts_visited":["Exordium","TheCity","TheBeyond"],"potions_floor_usage":[33],"damage_taken":[{"damage":0.0,"enemies":"Small Slimes","floor":1.0,"turns":3.0},{"damage":0.0,"enemies":"Cultist","floor":3.0,"turns":3.0},{"damage":0.0,"enemies":"2 Louse","floor":4.0,"turns":1.0},{"damage":12.0,"enemies":"Looter","floor":5.0,"turns":3.0},{"damage":7.0,"enemies":"Large Slime","floor":6.0,"turns":4.0},{"damage":35.0,"enemies":"Lagavulin","floor":8.0,"turns":5.0},{"damage":0.0,"enemies":"3 Louse","floor":11.0,"turns":2.0},{"damage":6.0,"enemies":"Looter","floor":13.0,"turns":3.0},{"damage":21.0,"enemies":"Fading Forest","floor":16.0,"turns":11.0},{"damage":4.0,"enemies":"Shell Parasite","floor":18.0,"turns":3.0},{"damage":8.0,"enemies":"3 Byrds","floor":19.0,"turns":3.0},{"damage":17.0,"enemies":"3 Cultists","floor":22.0,"turns":5.0},{"damage":15.0,"enemies":"Centurion and Healer","floor":25.0,"turns":6.0},{"damage":3.0,"enemies":"Chosen and Byrds","floor":31.0,"turns":4.0},{"damage":18,"enemies":"Collector","floor":33,"turns":6},{"damage":12,"enemies":"3 Shapes","floor":35,"turns":5},{"damage":16,"enemies":"Orb Walker","floor":36,"turns":4},{"damage":43,"enemies":"Sphere and 2 Shapes","floor":38,"turns":4}],"seed_played":"-5333898971274563702","potions_obtained":[{"floor":5.0,"key":"LiquidMemories"},{"floor":6.0,"key":"Fire Potion"},{"floor":8.0,"key":"Explosive Potion"},{"floor":16.0,"key":"DuplicationPotion"},{"floor":22.0,"key":"EssenceOfSteel"},{"floor":33,"key":"Strength Potion"},{"floor":35,"key":"LiquidBronze"}],"is_trial":false,"path_per_floor":["M","?","M","M","M","M","R","E","T","R","M","?","M","$","R","B",null,"M","M","$","?","M","?","R","M","T","?","?","R","$","M","R","B",null,"M","M","?","M"],"character_chosen":"HIEROPHANT","items_purchased":["hierophant:Sermon","hierophant:Shelter","Trip"],"campfire_rested":2,"item_purchase_floors":[14,14,30],"current_hp_per_floor":[75,75,75,75,63,56,56,21,21,21,21,21,15,15,37,24,62,58,50,50,50,33,33,55,40,40,40,40,40,40,37,37,19,61,49,33,33,0,0],"gold":109,"neow_bonus":"RANDOM_COMMON_RELIC","is_daily":false,"chose_seed":false,"campfire_upgraded":4,"win_rate":0.0,"timestamp":1613320214,"path_taken":["M","?","?","M","M","M","R","E","T","R","M","?","M","$","R","BOSS","M","M","$","?","M","?","R","M","T","?","?","R","?","M","R","BOSS","M","M","?","M"],"items_purchased_type":["Card","Card","Card"],"build_version":"2020-12-22","purchased_purges":2,"victory":false,"max_hp_per_floor":[75,75,75,75,75,75,75,75,75,75,75,75,75,75,75,75,75,75,75,75,75,75,75,75,75,75,75,75,75,75,75,75,75,75,75,75,75,75,75],"relic_stats":{"counters":[18,75],"obtain_stats":[{"Potion Belt":0,"Chameleon Ring":8,"hierophant:PropheticMaskRelic":0,"Philosopher\u0027s Stone":17,"Replay:WaspNest":26,"Incense Burner":9,"Empty Cage":34},{"Potion Belt":0,"Chameleon Ring":6,"hierophant:PropheticMaskRelic":0,"Philosopher\u0027s Stone":9,"Replay:WaspNest":13,"Incense Burner":6,"Empty Cage":15},{"Potion Belt":0,"Chameleon Ring":19,"hierophant:PropheticMaskRelic":0,"Philosopher\u0027s Stone":35,"Replay:WaspNest":52,"Incense Burner":19,"Empty Cage":62}]},"card_choices":[{"not_picked":["hierophant:Purify","hierophant:PassingBell"],"picked":"hierophant:FieryStrike","floor":1.0},{"not_picked":["hierophant:Rebuild","hierophant:CoinFling","hierophant:FieryStrike"],"picked":"SKIP","floor":3.0},{"not_picked":["hierophant:Doubloon","hierophant:FlamingChariot"],"picked":"hierophant:RepressedViolence","floor":4.0},{"not_picked":["hierophant:MirrorShield","hierophant:HammerAndAnvil"],"picked":"hierophant:Purify","floor":5.0},{"not_picked":["hierophant:Zeal","hierophant:SolarFlare","hierophant:FlamingChariot"],"picked":"SKIP","floor":6.0},{"not_picked":["hierophant:Zeal","hierophant:SolarFlare","hierophant:FlamingChariot"],"picked":"SKIP","floor":6.0},{"not_picked":["hierophant:LocustPlague","hierophant:Purify"],"picked":"hierophant:Kindle","floor":8.0},{"not_picked":["hierophant:Smite","hierophant:MorningPrayer","hierophant:Remorse"],"picked":"SKIP","floor":11.0},{"not_picked":["hierophant:Remorse","hierophant:Smite","hierophant:ConvertCurrency"],"picked":"SKIP","floor":13.0},{"not_picked":["hierophant:HolyVerse","hierophant:Patience","hierophant:DisplayOfPower"],"picked":"SKIP","floor":18.0},{"not_picked":["hierophant:FlamingChariot","hierophant:ConvertCurrency"],"picked":"hierophant:Bribe","floor":19.0},{"not_picked":["hierophant:MorningPrayer","hierophant:PassingBell","hierophant:Doubloon"],"picked":"SKIP","floor":22.0},{"not_picked":["hierophant:EyeForCoin","hierophant:Remorse"],"picked":"hierophant:Encroach","floor":25.0},{"not_picked":["hierophant:Dazzle","hierophant:Smite+1"],"picked":"hierophant:HammerAndAnvil","floor":31.0},{"not_picked":["hierophant:LocustPlague","hierophant:Cornucopia"],"picked":"hierophant:DeathKnell","floor":33},{"not_picked":["hierophant:SealAway","hierophant:HammerAndAnvil","hierophant:RepressedViolence"],"picked":"SKIP","floor":35},{"not_picked":["hierophant:SealAway","hierophant:HammerAndAnvil","hierophant:RepressedViolence"],"picked":"SKIP","floor":35},{"not_picked":["hierophant:Remorse","hierophant:Repentance+1","hierophant:Flagellation+1"],"picked":"SKIP","floor":36}],"player_experience":879499,"relics_obtained":[{"floor":8.0,"key":"Chameleon Ring"},{"floor":9.0,"key":"Incense Burner"},{"floor":26.0,"key":"Replay:WaspNest"}],"event_choices":[{"cards_removed":["hierophant:Strike_Hierophant"],"damage_healed":0.0,"max_hp_gain":0.0,"max_hp_loss":0.0,"gold_gain":0.0,"event_name":"Bonfire Elementals","player_choice":"Offered Basic","floor":2.0,"gold_loss":0.0,"damage_taken":0.0},{"damage_healed":0.0,"max_hp_gain":0.0,"max_hp_loss":0.0,"gold_gain":0.0,"event_name":"Vampires","player_choice":"Ignored","floor":21.0,"gold_loss":0.0,"damage_taken":0.0},{"damage_healed":0.0,"max_hp_gain":0.0,"max_hp_loss":0.0,"gold_gain":99.0,"event_name":"Nest","player_choice":"Stole From Cult","floor":27.0,"gold_loss":0.0,"damage_taken":0.0},{"damage_healed":0.0,"max_hp_gain":0.0,"max_hp_loss":0.0,"gold_gain":0.0,"event_name":"Cursed Tome","player_choice":"Ignored","floor":28.0,"gold_loss":0.0,"damage_taken":0.0},{"damage_healed":0,"gold_gain":0,"player_choice":"Ignored","damage_taken":0,"max_hp_gain":0,"max_hp_loss":0,"event_name":"Mysterious Sphere","floor":37,"gold_loss":0}],"is_beta":false,"boss_relics":[{"not_picked":["Honey Jar","Ring of Chaos"],"picked":"Philosopher\u0027s Stone"},{"not_picked":["Replay:Ancient Bell","Replay:Grab Bag"],"picked":"Empty Cage"}],"items_purged_floors":[14,20],"is_endless":false,"potions_floor_spawned":[5,6,8,16,22,33,35],"killed_by":"Sphere and 2 Shapes","ascension_level":5}}