{"host":"bpnwh7vpv9k3tssc","time":1613307501,"event":{"mods":["BaseMod","Colored Map","Colored Powertips","Curses Come First","Highlight Path","Minty Spire (QoL Compilation)","Quick Restart","Random Character Button","Relic Sorter","StSLib"],"gold_per_floor":[119,134,134,147,162,162,172,207,207,207,271,271,306,330,330,438,438,460,479,488,488,488],"floor_reached":21,"language":"ENG","playtime":3000,"items_purged":[],"score":210,"play_id":"1a4fdd72-a843-4b0e-b694-3f23a930f322","local_time":"20210214135821","is_ascension_mode":true,"campfire_choices":[{"data":"Eruption","floor":6,"key":"SMITH"},{"floor":10,"key":"REST"},{"floor":15,"key":"REST"}],"circlet_count":0,"master_deck":["Strike_P","Strike_P","Strike_P","Strike_P","Defend_P","Defend_P","Defend_P","Defend_P","Eruption+1","Vigilance","Consecrate","EmptyFist","FlyingSleeves","Nirvana","Devotion","CutThroughFate","Decay","Meditate","Fasting2","Establishment","Crescendo","Pray","Decay"],"relics":["Cursed Key","Mummified Hand","Nunchaku","CeramicFish","Tiny Chest","Question Card","Philosopher\u0027s Stone"],"acts_visited":["Exordium","TheCity"],"potions_floor_usage":[8],"damage_taken":[{"damage":2,"enemies":"2 Louse","floor":1,"turns":3},{"damage":2,"enemies":"Jaw Worm","floor":2,"turns":3},{"damage":0,"enemies":"Small Slimes","floor":4,"turns":3},{"damage":8,"enemies":"Blue Slaver","floor":5,"turns":3},{"damage":4,"enemies":"Red Slaver","floor":7,"turns":4},{"damage":15,"enemies":"3 Sentries","floor":8,"turns":7},{"damage":29,"enemies":"Lagavulin","floor":13,"turns":6},{"damage":10,"enemies":"2 Fungi Beasts","floor":14,"turns":3},{"damage":29,"enemies":"Hexaghost","floor":16,"turns":8},{"damage":45,"enemies":"3 Byrds","floor":18,"turns":6},{"damage":18,"enemies":"2 Thieves","floor":19,"turns":3},{"damage":48,"enemies":"Sentry and Sphere","floor":21,"turns":5}],"seed_played":"6650496565874128541","potions_obtained":[{"floor":2,"key":"EssenceOfSteel"},{"floor":5,"key":"Block Potion"},{"floor":8,"key":"SmokeBomb"},{"floor":14,"key":"FairyPotion"}],"is_trial":false,"path_per_floor":["M","M","?","M","M","R","M","E","T","R","T","?","E","M","R","B",null,"M","M","?","M"],"character_chosen":"WATCHER","items_purchased":[],"campfire_rested":2,"item_purchase_floors":[],"current_hp_per_floor":[70,68,56,56,48,48,44,29,29,50,50,50,21,11,32,3,72,27,9,9,0,0],"gold":488,"neow_bonus":"BOSS_RELIC","is_daily":false,"chose_seed":false,"campfire_upgraded":1,"win_rate":0.0,"timestamp":1613307501,"path_taken":["M","M","?","M","M","R","M","E","T","R","?","?","E","M","R","BOSS","M","M","?","M"],"items_purchased_type":[],"build_version":"2020-12-22","purchased_purges":0,"victory":false,"max_hp_per_floor":[72,72,72,72,72,72,72,72,72,72,72,72,72,72,72,72,72,72,72,72,72,72],"card_choices":[{"not_picked":["Crescendo","JustLucky"],"picked":"Consecrate","floor":1},{"not_picked":["Conclude","Crescendo"],"picked":"EmptyFist","floor":2},{"not_picked":["BowlingBash","Conclude"],"picked":"FlyingSleeves","floor":4},{"not_picked":["Halt","SashWhip"],"picked":"Nirvana","floor":5},{"not_picked":["BowlingBash","JustLucky"],"picked":"Devotion","floor":7},{"not_picked":["JustLucky","DeceiveReality"],"picked":"CutThroughFate","floor":8},{"not_picked":["Wish","Halt"],"picked":"Meditate","floor":13},{"not_picked":["FlurryOfBlows","BowlingBash","CrushJoints"],"picked":"Fasting2","floor":14},{"not_picked":["Brilliance","DeusExMachina","Vault"],"picked":"Establishment","floor":16},{"not_picked":["Halt","SignatureMove","CrushJoints+1"],"picked":"Crescendo","floor":18},{"not_picked":["CarveReality+1","Halt+1","EmptyFist"],"picked":"Pray","floor":19}],"player_experience":381655,"relics_obtained":[{"floor":8,"key":"Nunchaku"},{"floor":9,"key":"CeramicFish"},{"floor":11,"key":"Tiny Chest"},{"floor":13,"key":"Question Card"}],"event_choices":[{"damage_healed":0,"gold_gain":0,"player_choice":"Success","damage_taken":12,"relics_obtained":["Mummified Hand"],"max_hp_gain":0,"max_hp_loss":0,"event_name":"Scrap Ooze","floor":3,"gold_loss":0},{"cards_removed":["Pain"],"damage_healed":0,"gold_gain":0,"player_choice":"Forget","damage_taken":0,"max_hp_gain":0,"max_hp_loss":0,"event_name":"Living Wall","floor":12,"gold_loss":0},{"damage_healed":0,"gold_gain":0,"player_choice":"Smashed Altar","damage_taken":0,"max_hp_gain":0,"max_hp_loss":0,"event_name":"Forgotten Altar","floor":20,"gold_loss":0,"cards_obtained":["Decay"]}],"is_beta":false,"boss_relics":[{"not_picked":["Astrolabe","Velvet Choker"],"picked":"Philosopher\u0027s Stone"}],"items_purged_floors":[],"is_endless":false,"potions_floor_spawned":[2,5,8,14,19],"killed_by":"Sentry and Sphere","ascension_level":2}}