{"host":"dlqyscxstsnu98l1","time":1613317580,"event":{"mods":["AchievementEnabler","BaseMod","Colored Map","Colored Powertips","GifTheSpireLib","Highlight Path","Minty Spire (QoL Compilation)","Random Character Button","SacredBarkPlus","StSLib","everything is the same but u backflip on backflip"],"gold_per_floor":[117,134,99,109,123,157,157,182,182,214,28,203,1,19,19,118,118,134,134,148,164,13,13,13],"floor_reached":23,"language":"ENG","playtime":949,"items_purged":[],"score":253,"play_id":"1084c78a-86b2-4ae1-809a-3c8c08f2675a","local_time":"20210214094620","is_ascension_mode":true,"campfire_choices":[{"data":"Offering","floor":7,"key":"SMITH"},{"floor":15,"key":"REST"}],"circlet_count":0,"master_deck":["Strike_R","Strike_R","Strike_R","Strike_R","Strike_R","Defend_R","Defend_R","Defend_R","Defend_R","Bash","Shrug It Off","Pommel Strike","Anger","Offering+1","Pommel Strike","Carnage","Doubt","Impervious+1","Armaments+1","Exhume+1","Spot Weakness+1","True Grit+1","Sword Boomerang","Impervious+1"],"relics":["Burning Blood","Ginger","Darkstone Periapt","Akabeko","Strawberry","Question Card","Membership Card","Toxic Egg 2","Mark of Pain","Strange Spoon"],"acts_visited":["Exordium","TheCity"],"potions_floor_usage":[6,8,16,21,23],"damage_taken":[{"damage":6,"enemies":"Small Slimes","floor":1,"turns":5},{"damage":2,"enemies":"Jaw Worm","floor":2,"turns":4},{"damage":6,"enemies":"Cultist","floor":4,"turns":3},{"damage":5,"enemies":"2 Fungi Beasts","floor":5,"turns":4},{"damage":24,"enemies":"Gremlin Nob","floor":6,"turns":3},{"damage":22,"enemies":"3 Sentries","floor":8,"turns":10},{"damage":33,"enemies":"Lagavulin","floor":10,"turns":5},{"damage":0,"enemies":"3 Louse","floor":14,"turns":3},{"damage":58,"enemies":"Hexaghost","floor":16,"turns":11},{"damage":12,"enemies":"Spheric Guardian","floor":18,"turns":3},{"damage":21,"enemies":"3 Byrds","floor":20,"turns":6},{"damage":35,"enemies":"Snecko","floor":21,"turns":6},{"damage":39,"enemies":"Slavers","floor":23,"turns":3}],"seed_played":"5184750570124609351","potions_obtained":[{"floor":2,"key":"Swift Potion"},{"floor":5,"key":"Dexterity Potion"},{"floor":14,"key":"Weak Potion"},{"floor":20,"key":"Explosive Potion"},{"floor":21,"key":"PowerPotion"}],"is_trial":false,"path_per_floor":["M","M","?","M","M","E","R","E","T","E","$","?","$","M","R","B",null,"M","?","M","M","$","E"],"character_chosen":"IRONCLAD","items_purchased":["Membership Card","Carnage","Toxic Egg 2","Impervious+1","Impervious+1","Strange Spoon"],"campfire_rested":1,"item_purchase_floors":[11,11,13,13,22,22],"current_hp_per_floor":[56,60,80,80,80,62,62,46,53,26,26,32,32,38,65,13,93,87,87,72,43,43,4,4],"gold":13,"neow_bonus":"ONE_RARE_RELIC","is_daily":false,"chose_seed":false,"campfire_upgraded":1,"win_rate":0.0,"timestamp":1613317580,"path_taken":["M","M","?","M","M","E","R","E","T","E","$","?","$","M","R","BOSS","M","?","M","M","$","E"],"items_purchased_type":["Relic","Card","Relic","Card","Card","Relic"],"build_version":"2020-12-22","purchased_purges":0,"victory":false,"max_hp_per_floor":[80,80,80,80,80,80,80,80,87,87,87,93,93,93,93,93,93,93,93,93,93,93,93,93],"card_choices":[{"not_picked":["Pommel Strike","Body Slam"],"picked":"Shrug It Off","floor":1},{"not_picked":["Infernal Blade","Thunderclap"],"picked":"Pommel Strike","floor":2},{"not_picked":["Iron Wave","Thunderclap"],"picked":"Anger","floor":4},{"not_picked":["Iron Wave","Flame Barrier"],"picked":"Offering","floor":5},{"not_picked":["Sword Boomerang","Twin Strike","Clash"],"picked":"SKIP","floor":6},{"not_picked":["Bloodletting","Body Slam"],"picked":"Pommel Strike","floor":8},{"not_picked":["Entrench","Flex","Seeing Red"],"picked":"SKIP","floor":10},{"not_picked":["Clash","Offering+1","Hemokinesis"],"picked":"Armaments+1","floor":14},{"not_picked":["Bludgeon","Juggernaut","Demon Form"],"picked":"Exhume+1","floor":16},{"not_picked":["Iron Wave","Havoc+1","Heavy Blade"],"picked":"Spot Weakness+1","floor":18},{"not_picked":["Dark Embrace+1","Metallicize","Pummel"],"picked":"Sword Boomerang","floor":20},{"not_picked":["Clothesline","Rupture","Wild Strike","Flex+1"],"picked":"SKIP","floor":21}],"player_experience":203869,"relics_obtained":[{"floor":6,"key":"Darkstone Periapt"},{"floor":8,"key":"Akabeko"},{"floor":9,"key":"Strawberry"},{"floor":10,"key":"Question Card"}],"event_choices":[{"damage_healed":20,"gold_gain":0,"player_choice":"Healed","damage_taken":0,"max_hp_gain":0,"max_hp_loss":0,"event_name":"The Cleric","floor":3,"gold_loss":35},{"damage_healed":0,"gold_gain":175,"player_choice":"AGREE","damage_taken":0,"max_hp_gain":0,"max_hp_loss":0,"event_name":"Liars Game","floor":12,"gold_loss":0,"cards_obtained":["Doubt"]},{"damage_healed":0,"gold_gain":0,"player_choice":"Read","damage_taken":0,"max_hp_gain":0,"max_hp_loss":0,"event_name":"The Library","floor":19,"gold_loss":0,"cards_obtained":["True Grit"]}],"is_beta":false,"boss_relics":[{"not_picked":["Philosopher\u0027s Stone","Pandora\u0027s Box"],"picked":"Mark of Pain"}],"items_purged_floors":[],"is_endless":false,"potions_floor_spawned":[2,5,14,20,21],"killed_by":"Slavers","ascension_level":4}}