{"host":"xox46awo447b7627","time":1613316051,"event":{"mods":["BaseMod","Colored Map","Downfall","Minty Spire (QoL Compilation)","StSLib"],"gold_per_floor":[99,110,126,126,141,173,255,266,296,281,281,300,316,332,348,348,348,348],"floor_reached":16,"language":"ZHS","playtime":1142,"items_purged":[],"score":116,"play_id":"c172c2dd-4f7e-4bf9-9c50-77c29db3414f","local_time":"20210214232051","is_ascension_mode":false,"campfire_choices":[{"data":"Slimebound:Split","floor":1.0,"key":"SMITH"}],"circlet_count":0,"master_deck":["Slimebound:Strike_Slimebound","Slimebound:Strike_Slimebound","Slimebound:Strike_Slimebound","Slimebound:Tackle","Slimebound:Defend_Slimebound","Slimebound:Defend_Slimebound","Slimebound:Defend_Slimebound","Slimebound:Defend_Slimebound","Slimebound:Split+1","Slimebound:CorrosiveSpit","Slimebound:HauntingLick","Slimebound:GoopTackle+1","Slimebound:SlimeTap","Slimebound:Gluttony","Slimebound:LivingWall","Slimebound:LeechingTouch","Slimebound:ServeAndProtect","Slimebound:Schlurp"],"relics":["Slimebound:AbsorbEndCombat","Lantern","Slimebound:PreparedRelic","Kunai","CultistMask"],"acts_visited":["Exordium"],"potions_floor_usage":[],"damage_taken":[{"damage":5.0,"enemies":"2 Louse","floor":2.0,"turns":4.0},{"damage":4.0,"enemies":"Cultist","floor":3.0,"turns":4.0},{"damage":2.0,"enemies":"Small Slimes","floor":5.0,"turns":4.0},{"damage":23.0,"enemies":"Lagavulin","floor":6.0,"turns":3.0},{"damage":40.0,"enemies":"Gremlin Gang","floor":8.0,"turns":5.0},{"damage":15.0,"enemies":"3 Sentries","floor":9.0,"turns":6.0},{"damage":0.0,"enemies":"downfall:FleeingMerchant","floor":10.0,"turns":4.0},{"damage":3,"enemies":"2 Fungi Beasts","floor":12,"turns":5},{"damage":9,"enemies":"Exordium Wildlife","floor":13,"turns":3},{"damage":6,"enemies":"Large Slime","floor":14,"turns":2},{"damage":8,"enemies":"Exordium Thugs","floor":15,"turns":5},{"damage":16,"enemies":"WA_ARCHETYPE_RETAIN","floor":16,"turns":7}],"seed_played":"1220703100353407223","potions_obtained":[{"floor":2.0,"key":"Fire Potion"},{"floor":5.0,"key":"Block Potion"},{"floor":6.0,"key":"Block Potion"},{"floor":13,"key":"Energy Potion"}],"is_trial":false,"path_per_floor":["R","M","M","?","M","E","T","M","E","$","?","M","M","M","M","B"],"character_chosen":"SLIMEBOUND","items_purchased":[],"campfire_rested":0,"item_purchase_floors":[],"current_hp_per_floor":[71,66,64,64,68,49,49,17,10,18,18,21,16,12,8,0,0,0],"gold":348,"neow_bonus":"TEN_PERCENT_HP_BONUS","is_daily":false,"chose_seed":false,"campfire_upgraded":1,"win_rate":0.0,"timestamp":1613316051,"path_taken":["R","M","M","?","M","E","T","?","E","?","?","?","M","M","M","BOSS"],"items_purchased_type":[],"build_version":"2020-12-22","purchased_purges":0,"victory":false,"max_hp_per_floor":[71,71,71,71,71,71,71,71,71,71,71,71,71,71,71,71,71,71],"card_choices":[{"not_picked":["Slimebound:SlimeBrawl","Slimebound:LivingWall"],"picked":"Slimebound:HauntingLick","floor":2.0},{"not_picked":["Slimebound:FormOfPuddle","Slimebound:LivingWall"],"picked":"Slimebound:GoopTackle","floor":3.0},{"not_picked":["Slimebound:LivingWall","Slimebound:Prepare"],"picked":"Slimebound:SlimeTap","floor":5.0},{"not_picked":["Slimebound:Equalize","Slimebound:SamplingLick"],"picked":"Slimebound:Gluttony","floor":6.0},{"not_picked":["Slimebound:FinishingTackle","Slimebound:DisruptingSlam"],"picked":"Slimebound:LivingWall","floor":8.0},{"not_picked":["Slimebound:CheckThePlaybook","Slimebound:GrowthPunch","Slimebound:SplitLeeching"],"picked":"SKIP","floor":9.0},{"not_picked":["Slimebound:SlimeSpikes","Slimebound:LeechEnergy"],"picked":"Slimebound:LeechingTouch","floor":10.0},{"not_picked":["Slimebound:SplitLeeching","Slimebound:RollThrough"],"picked":"Slimebound:ServeAndProtect","floor":12},{"not_picked":["Slimebound:SplitMire","Slimebound:TagTeam","Slimebound:LevelUp"],"picked":"SKIP","floor":13},{"not_picked":["Slimebound:FinishingTackle","Slimebound:Prepare"],"picked":"Slimebound:Schlurp","floor":14},{"not_picked":["Slimebound:RainOfGoop","Slimebound:RollThrough","Slimebound:Prepare"],"picked":"SKIP","floor":15}],"player_experience":208634,"relics_obtained":[{"floor":6.0,"key":"Lantern"},{"floor":7.0,"key":"Slimebound:PreparedRelic"},{"floor":9.0,"key":"Kunai"}],"event_choices":[{"damage_healed":0.0,"max_hp_gain":0.0,"max_hp_loss":0.0,"gold_gain":0.0,"event_name":"Accursed Blacksmith","player_choice":"Forge","floor":4.0,"gold_loss":0.0,"damage_taken":0.0,"cards_upgraded":["Slimebound:GoopTackle"]},{"damage_healed":0,"gold_gain":0,"player_choice":"Trade","damage_taken":0,"relics_obtained":["CultistMask"],"max_hp_gain":0,"max_hp_loss":0,"event_name":"FaceTrader","floor":11,"gold_loss":0}],"is_beta":false,"boss_relics":[],"items_purged_floors":[],"is_endless":false,"potions_floor_spawned":[2,5,6,13],"killed_by":"WA_ARCHETYPE_RETAIN","ascension_level":0}}