{"host":"f6w7z8zvb0mi4wy9","time":1613268613,"event":{"mods":["BaseMod","Colored Map","Minty Spire (QoL Compilation)","READ ME - Guardian Mod","StSLib","SuperFastMode","The Jungle"],"gold_per_floor":[119,194,208,208,228,263,273,307,307,324,99,115,115,115,115,216,216,229,129,144,157,256,282,282,282,307,347,347,375,375,404,404,508,508,520,42,42,64,86,125,154,154,202,230,230,230,252,252,252,252,252,252,11,11,11],"floor_reached":54,"language":"KOR","playtime":1632,"items_purged":["Pain","Strike_B"],"score":779,"play_id":"04541aff-1265-43f5-b21a-dc491b700b75","local_time":"20210214111013","is_ascension_mode":true,"campfire_choices":[{"data":"Zap","floor":13.0,"key":"SMITH"},{"floor":15.0,"key":"REST"},{"floor":24.0,"key":"REST"},{"data":"Creative AI","floor":28.0,"key":"SMITH"},{"data":"Recycle","floor":30.0,"key":"SMITH"},{"floor":32.0,"key":"REST"},{"data":"Dualcast","floor":42.0,"key":"SMITH"},{"floor":46,"key":"RECALL"},{"floor":49,"key":"REST"},{"data":"Double Energy","floor":52,"key":"SMITH"}],"circlet_count":0,"master_deck":["Defend_B","Defend_B","Defend_B","Defend_B","Zap+1","Dualcast+1","Gash","Ball Lightning","Go for the Eyes","Seek","Chill","Tempest","Steam","Sweeping Beam","Creative AI+1","Steam","FTL","Go for the Eyes","Double Energy+1","Recycle+1","Beam Cell+1","Electrodynamics","Steam","Beam Cell+1","Steam+1","Conserve Battery+1","Steam","Chaos+1","Glacier","Deep Breath"],"relics":["Cracked Core","NeowsBlessing","WarpedTongs","Cables","FossilizedHelix","Symbiotic Virus","Bronze Scales","Runic Pyramid","Question Card","CeramicFish","Empty Cage","Calipers","Bag of Marbles","HornCleat","Omamori","Sling"],"acts_visited":["Exordium","TheCity","TheBeyond","TheEnding"],"potions_floor_usage":[50,50,50],"damage_taken":[{"damage":0.0,"enemies":"2 Louse","floor":1.0,"turns":1.0},{"damage":0.0,"enemies":"Small Slimes","floor":3.0,"turns":1.0},{"damage":0.0,"enemies":"Cultist","floor":5.0,"turns":1.0},{"damage":12.0,"enemies":"3 Sentries","floor":6.0,"turns":3.0},{"damage":9.0,"enemies":"Gremlin Gang","floor":7.0,"turns":3.0},{"damage":30.0,"enemies":"Lagavulin","floor":8.0,"turns":7.0},{"damage":1.0,"enemies":"Exordium Thugs","floor":10.0,"turns":2.0},{"damage":0.0,"enemies":"Looter","floor":12.0,"turns":2.0},{"damage":6.0,"enemies":"Hexaghost","floor":16.0,"turns":6.0},{"damage":8.0,"enemies":"2 Thieves","floor":18.0,"turns":3.0},{"damage":0.0,"enemies":"3 Byrds","floor":20.0,"turns":3.0},{"damage":18.0,"enemies":"Shelled Parasite and Fungi","floor":21.0,"turns":4.0},{"damage":27.0,"enemies":"Gremlin Leader","floor":23.0,"turns":6.0},{"damage":15.0,"enemies":"Slavers","floor":27.0,"turns":4.0},{"damage":0.0,"enemies":"Cultist and Chosen","floor":29.0,"turns":6.0},{"damage":0.0,"enemies":"Snake Plant","floor":31.0,"turns":3.0},{"damage":18.0,"enemies":"Automaton","floor":33.0,"turns":9.0},{"damage":3.0,"enemies":"Orb Walker","floor":35.0,"turns":3.0},{"damage":13.0,"enemies":"3 Darklings","floor":38.0,"turns":3.0},{"damage":10.0,"enemies":"Sphere and 2 Shapes","floor":39.0,"turns":4.0},{"damage":14.0,"enemies":"Reptomancer","floor":40.0,"turns":8.0},{"damage":0.0,"enemies":"4 Shapes","floor":41.0,"turns":3.0},{"damage":8.0,"enemies":"Writhing Mass","floor":44.0,"turns":7.0},{"damage":0,"enemies":"Sphere and 2 Shapes","floor":47,"turns":3},{"damage":37,"enemies":"Time Eater","floor":50,"turns":16},{"damage":81,"enemies":"Shield and Spear","floor":54,"turns":6}],"seed_played":"-7619967497811356492","potions_obtained":[{"floor":5.0,"key":"PowerPotion"},{"floor":7.0,"key":"Dexterity Potion"},{"floor":8.0,"key":"AttackPotion"},{"floor":12.0,"key":"PowerPotion"},{"floor":18.0,"key":"DuplicationPotion"},{"floor":23.0,"key":"Fire Potion"},{"floor":31.0,"key":"Dexterity Potion"},{"floor":39.0,"key":"Regen Potion"},{"floor":44,"key":"Regen Potion"}],"is_trial":false,"path_per_floor":["M","?","M","?","M","E","M","E","T","M","$","M","R","$","R","B",null,"M","$","M","M","?","E","R","?","T","E","R","M","R","M","R","B",null,"M","$","?","M","M","E","M","R","T","M","?","R","M","?","R","B",null,"R","$","E"],"character_chosen":"DEFECT","items_purchased":["Bronze Scales","Calipers","Steam","Bag of Marbles","Deep Breath","Sling"],"campfire_rested":4,"item_purchase_floors":[11,36,36,36,53,53],"current_hp_per_floor":[75,64,64,64,64,52,43,13,13,12,12,12,12,12,34,28,75,67,67,67,49,49,22,44,44,44,29,29,29,29,29,51,33,75,72,72,72,59,49,35,35,35,35,27,27,27,27,27,49,53,75,75,75,0,0],"gold":11,"neow_bonus":"THREE_ENEMY_KILL","is_daily":false,"chose_seed":false,"campfire_upgraded":5,"win_rate":0.0,"timestamp":1613268613,"path_taken":["M","?","M","?","?","E","M","E","T","M","$","M","R","$","R","BOSS","M","$","M","?","?","E","R","?","T","E","R","M","R","M","R","BOSS","M","$","?","M","M","E","M","R","T","M","?","R","M","?","R","BOSS","R","$","E"],"items_purchased_type":["Relic","Relic","Card","Relic","Card","Relic"],"build_version":"2020-12-22","purchased_purges":2,"victory":false,"max_hp_per_floor":[75,75,75,75,75,75,75,75,75,75,75,75,75,75,75,75,75,75,75,75,75,75,75,75,75,75,75,75,75,75,75,75,75,75,75,75,75,75,75,75,75,75,75,75,75,75,75,75,75,75,75,75,75,75,75],"card_choices":[{"not_picked":["Undo","Barrage"],"picked":"Gash","floor":1.0},{"not_picked":["Cold Snap","Hologram"],"picked":"Ball Lightning","floor":3.0},{"not_picked":["Sweeping Beam","Genetic Algorithm"],"picked":"Go for the Eyes","floor":5.0},{"not_picked":["Recycle","Turbo"],"picked":"Seek","floor":6.0},{"not_picked":["Turbo","Conserve Battery"],"picked":"Chill","floor":7.0},{"not_picked":["Lockon","Compile Driver"],"picked":"Tempest","floor":8.0},{"not_picked":["Stack","Loop"],"picked":"Steam","floor":10.0},{"not_picked":["Melter","Heatsinks"],"picked":"Sweeping Beam","floor":12.0},{"not_picked":["Core Surge","Reboot"],"picked":"Creative AI","floor":16.0},{"not_picked":["Hello World","Chaos+1","Hologram+1"],"picked":"SKIP","floor":18.0},{"not_picked":["Sweeping Beam","Redo"],"picked":"Steam","floor":20.0},{"not_picked":["Coolheaded","Consume"],"picked":"FTL","floor":21.0},{"not_picked":["Biased Cognition","Cold Snap"],"picked":"Go for the Eyes","floor":23.0},{"not_picked":["Barrage","Hologram+1","Compile Driver"],"picked":"Double Energy","floor":27.0},{"not_picked":["Barrage","Rip and Tear","Conserve Battery+1"],"picked":"Recycle","floor":29.0},{"not_picked":["Sweeping Beam","Go for the Eyes","Compile Driver"],"picked":"Beam Cell+1","floor":31.0},{"not_picked":["Multi-Cast","Machine Learning","Echo Form"],"picked":"Electrodynamics","floor":33.0},{"not_picked":["Rebound","Steam Power","Cold Snap","Reprogram+1"],"picked":"SKIP","floor":35.0},{"not_picked":["Coolheaded","Sweeping Beam","Turbo+1"],"picked":"Beam Cell+1","floor":38.0},{"not_picked":["Streamline+1","Blizzard","Static Discharge+1"],"picked":"Steam+1","floor":39.0},{"not_picked":["Turbo","Rebound+1","Compile Driver"],"picked":"Conserve Battery+1","floor":40.0},{"not_picked":["Beam Cell","Barrage+1","Echo Form"],"picked":"Steam","floor":41.0},{"not_picked":["Darkness","Consume","Blizzard+1"],"picked":"Chaos+1","floor":44},{"not_picked":["Lockon+1","Redo","Gash+1"],"picked":"Glacier","floor":47}],"player_experience":938316,"relics_obtained":[{"floor":6.0,"key":"Cables"},{"floor":8.0,"key":"FossilizedHelix"},{"floor":9.0,"key":"Symbiotic Virus"},{"floor":23.0,"key":"Question Card"},{"floor":27.0,"key":"CeramicFish"},{"floor":40.0,"key":"HornCleat"},{"floor":43.0,"key":"Omamori"}],"event_choices":[{"damage_healed":0.0,"max_hp_gain":0.0,"max_hp_loss":0.0,"gold_gain":75.0,"event_name":"World of Goop","player_choice":"Gather Gold","floor":2.0,"gold_loss":0.0,"damage_taken":11.0},{"damage_healed":0.0,"max_hp_gain":0.0,"max_hp_loss":0.0,"gold_gain":0.0,"event_name":"Accursed Blacksmith","player_choice":"Rummage","floor":4.0,"gold_loss":0.0,"damage_taken":0.0,"relics_obtained":["WarpedTongs"],"cards_obtained":["Pain"]},{"damage_healed":0.0,"max_hp_gain":0.0,"max_hp_loss":0.0,"gold_gain":99.0,"event_name":"Nest","player_choice":"Stole From Cult","floor":22.0,"gold_loss":0.0,"damage_taken":0.0},{"damage_healed":0.0,"max_hp_gain":0.0,"max_hp_loss":0.0,"gold_gain":0.0,"event_name":"The Mausoleum","player_choice":"Ignored","floor":25.0,"gold_loss":0.0,"damage_taken":0.0},{"cards_removed":["Strike_B"],"damage_healed":0.0,"max_hp_gain":0.0,"max_hp_loss":0.0,"gold_gain":0.0,"event_name":"Falling","player_choice":"Removed Attack","floor":37.0,"gold_loss":0.0,"damage_taken":0.0},{"damage_healed":0,"gold_gain":0,"player_choice":"Ignored","damage_taken":0,"max_hp_gain":0,"max_hp_loss":0,"event_name":"The Moai Head","floor":45,"gold_loss":0},{"damage_healed":0,"gold_gain":0,"player_choice":"Ignored","damage_taken":0,"max_hp_gain":0,"max_hp_loss":0,"event_name":"Tomb of Lord Red Mask","floor":48,"gold_loss":0}],"is_beta":false,"boss_relics":[{"not_picked":["Cursed Key","Snecko Eye"],"picked":"Runic Pyramid"},{"not_picked":["Runic Dome","SacredBark"],"picked":"Empty Cage"}],"items_purged_floors":[11,19],"is_endless":false,"potions_floor_spawned":[5,7,8,12,18,23,31,39,40,44,47],"killed_by":"Shield and Spear","ascension_level":1}}