{"host":"clf2hd4adhiiw0zf","time":1613343507,"event":{"mods":["AchievementEnabler","BaseMod","Beaked The Cultist","Bestiary","Dark Map","Downfall","Gremlin Mod","Hermit","Jorbs\u0027s Wanderer Trilogy","Marisa????????","Minty Spire (QoL Compilation)","Shop Mod","StSLib","The Cursed","The Servant 0.9.4","Wide Potions"],"gold_per_floor":[349,368,368,378,392,404,456,49,49,82,92,127,227,243,258,332,332,32,43,55,70,55,155,178,190,190,221,256,280,280,313,326,399,399,399,419,19,44,44,57,127,127,144,163,193,193,193,47,66,66,66,66,30,30,30,30,30,30],"floor_reached":56,"language":"ENG","playtime":4648,"items_purged":["Pride"],"score":1459,"play_id":"aec89e33-b407-4c26-af17-bf7cab0960af","local_time":"20210214155827","is_ascension_mode":true,"campfire_choices":[{"floor":1.0,"key":"RECALL"},{"data":"champ:HoldFirm","floor":18.0,"key":"SMITH"},{"floor":30.0,"key":"REST"},{"data":"Gremlin:CongaLine","floor":35.0,"key":"SMITH"},{"data":"champ:ShieldWall","floor":42.0,"key":"SMITH"},{"data":"champ:HoldFirm","floor":47.0,"key":"SMITH"},{"data":"champ:Improvising","floor":54,"key":"SMITH"}],"circlet_count":0,"master_deck":["AscendersBane","champ:Strike","champ:Strike","champ:Strike","champ:Strike","champ:Defend","champ:Defend","champ:Defend","champ:Defend","champ:Execute","champ:Taunt","champ:TornadoPunch+1","champ:ArenaPreparation","champ:GutPunch+1","champ:ShieldWall+1","champ:FocusedDefense","champ:HoldFirm+1","champ:IronFortress","champ:Shatter","champ:BringItOn","champ:CheapShot","champ:Improvising","champ:DefensiveShout","champ:Circumvent","champ:PreciseThrust+1","champ:Circumvent","champ:Backstep","champ:EnchantShield","champ:ShieldWall+1","champ:TornadoPunch","champ:DefensiveStyle+1","champ:EnchantCrown","Gremlin:CongaLine+1","champ:Lariat+1","champ:Improvising+1","champ:Backstep+1","expansioncontent:Hexaburn","champ:BringItOn","champ:HoldFirm+1","champ:EnGarde","champ:Parry+1","champ:Parry","champ:DefensiveStyle","champ:SetATrap"],"relics":["champ:ChampionCrown","bronze:BronzeIdol","Bottled Tornado","Oddly Smooth Stone","Orichalcum","SacredBark","downfall:HeartBlessingRed","downfall:HeartBlessingGreen","downfall:HeartBlessingBlue","Lantern","Red Mask","MealTicket","Whetstone","Bronze Scales","beaked:SacredDeck","champ:DeflectingBracers","Prayer Wheel","Kunai","Nunchaku","Pantograph","Art of War"],"acts_visited":["Exordium","TheCity","TheBeyond","TheEnding"],"potions_floor_usage":[48,52],"damage_taken":[{"damage":10.0,"enemies":"2 Louse","floor":2.0,"turns":2.0},{"damage":23.0,"enemies":"Cultist","floor":4.0,"turns":4.0},{"damage":0.0,"enemies":"Jaw Worm","floor":5.0,"turns":4.0},{"damage":7.0,"enemies":"Blue Slaver","floor":6.0,"turns":3.0},{"damage":10.0,"enemies":"downfall:FleeingMerchant","floor":8.0,"turns":4.0},{"damage":40.0,"enemies":"Lagavulin","floor":10.0,"turns":7.0},{"damage":25.0,"enemies":"Large Slime","floor":11.0,"turns":5.0},{"damage":0.0,"enemies":"Gremlin Nob","floor":12.0,"turns":3.0},{"damage":2.0,"enemies":"Blue Slaver","floor":14.0,"turns":3.0},{"damage":47.0,"enemies":"Large Slime","floor":15.0,"turns":6.0},{"damage":39.0,"enemies":"IC_STATUS_ARCHETYPE","floor":16.0,"turns":10.0},{"damage":10.0,"enemies":"Spheric Guardian","floor":19.0,"turns":4.0},{"damage":23.0,"enemies":"3 Byrds","floor":20.0,"turns":5.0},{"damage":37.0,"enemies":"Centurion and Healer","floor":21.0,"turns":7.0},{"damage":15.0,"enemies":"downfall:FleeingMerchant","floor":22.0,"turns":5.0},{"damage":9.0,"enemies":"3 Cultists","floor":25.0,"turns":6.0},{"damage":24.0,"enemies":"Masked Bandits","floor":27.0,"turns":4.0},{"damage":0.0,"enemies":"Book of Stabbing","floor":28.0,"turns":3.0},{"damage":47.0,"enemies":"Slavers","floor":31.0,"turns":6.0},{"damage":27.0,"enemies":"Shelled Parasite and Fungi","floor":32.0,"turns":5.0},{"damage":5.0,"enemies":"SI_MIRROR_ARCHETYPE","floor":33.0,"turns":12.0},{"damage":16.0,"enemies":"3 Shapes","floor":36.0,"turns":5.0},{"damage":20.0,"enemies":"downfall:FleeingMerchant","floor":37.0,"turns":5.0},{"damage":6.0,"enemies":"downfall:FleeingMerchant","floor":38.0,"turns":6.0},{"damage":39.0,"enemies":"Orb Walker","floor":40.0,"turns":4.0},{"damage":27.0,"enemies":"Jaw Worm Horde","floor":43.0,"turns":5.0},{"damage":33.0,"enemies":"Spire Growth","floor":44.0,"turns":5.0},{"damage":8.0,"enemies":"Nemesis","floor":45.0,"turns":5.0},{"damage":5,"enemies":"downfall:FleeingMerchant","floor":48,"turns":3},{"damage":43,"enemies":"3 Darklings","floor":49,"turns":9},{"damage":40,"enemies":"WA_ARCHETYPE_DIVINITY","floor":50,"turns":11},{"damage":33,"enemies":"downfall:CharBossMerchant","floor":52,"turns":8},{"damage":10,"enemies":"downfall:NeowBoss","floor":55,"turns":15},{"damage":89,"enemies":"downfall:NeowBossFinal","floor":56,"turns":14}],"seed_played":"7943875935063586026","potions_obtained":[{"floor":6.0,"key":"LiquidBronze"},{"floor":10.0,"key":"FearPotion"},{"floor":12.0,"key":"Energy Potion"},{"floor":16.0,"key":"champ:TechniquePotion"},{"floor":21.0,"key":"LiquidMemories"},{"floor":27.0,"key":"PowerPotion"},{"floor":28.0,"key":"Swift Potion"},{"floor":33.0,"key":"sneckomod:MuddlingPotion"},{"floor":36.0,"key":"PowerPotion"},{"floor":49,"key":"SmokeBomb"}],"is_trial":false,"path_per_floor":["R","M","?","M","M","M","T","$","?","E","M","E","?","M","M","B",null,"R","M","M","M","$","?","T","M","?","?","E","T","R","E","M","B",null,"R","M","$","?","?","M","T","R","M","M","E","?","R","$","M","B",null,"E","$","R","B","B"],"character_chosen":"THE_CHAMP","items_purchased":["bronze:BronzeIdol","Bottled Tornado","champ:DeflectingBracers","champ:Parry","Pantograph","Art of War","champ:SetATrap"],"campfire_rested":1,"item_purchase_floors":[8,8,37,48,48,48,53],"current_hp_per_floor":[81,81,81,78,78,71,71,71,76,76,76,76,76,74,62,48,77,87,87,74,57,57,57,57,53,53,34,34,34,62,40,18,18,77,77,71,86,80,80,71,71,71,44,11,3,84,84,79,61,54,77,64,79,79,84,0,0,0],"gold":30,"neow_bonus":"TWO_FIFTY_GOLD","is_daily":false,"chose_seed":false,"campfire_upgraded":5,"win_rate":0.0,"timestamp":1613343507,"path_taken":["R","M","?","M","?","M","T","$","?","E","M","E","?","M","M","BOSS","R","M","M","M","$","?","T","M","?","?","E","?","R","E","M","BOSS","R","M","$","?","?","M","T","R","M","M","E","?","R","?","M","BOSS","E","$","R","BOSS","BOSS"],"items_purchased_type":["Relic","Relic","Relic","Card","Relic","Relic","Card"],"build_version":"2020-12-22","purchased_purges":1,"victory":false,"max_hp_per_floor":[81,81,81,81,81,81,81,81,86,86,86,86,86,86,86,86,86,96,96,96,96,96,96,96,96,96,96,96,96,96,96,96,96,96,96,96,96,96,96,96,96,96,96,96,96,84,84,84,84,84,84,84,84,84,84,84,84,84],"card_choices":[{"not_picked":["champ:Haymaker","champ:AdrenalArmor"],"picked":"champ:TornadoPunch","floor":2.0},{"not_picked":["champ:Circumvent","champ:EndlessRage"],"picked":"champ:ArenaPreparation","floor":4.0},{"not_picked":["champ:FocusedBerserking","champ:FalseCounter"],"picked":"champ:GutPunch","floor":5.0},{"not_picked":["champ:FancyFootwork","champ:Lariat"],"picked":"champ:ShieldWall","floor":6.0},{"not_picked":["champ:FocusedBerserking","champ:Encircle"],"picked":"champ:FocusedDefense","floor":8.0},{"not_picked":["champ:SwordThrow","champ:Backstep"],"picked":"champ:HoldFirm","floor":10.0},{"not_picked":["champ:EndlessRage","champ:PreciseThrust"],"picked":"champ:IronFortress","floor":11.0},{"not_picked":["champ:EnGarde","champ:ShieldSlam"],"picked":"champ:Shatter","floor":12.0},{"not_picked":["champ:BladeFlurry","champ:PreciseThrust"],"picked":"champ:BringItOn","floor":14.0},{"not_picked":["champ:Backstep","champ:SetATrap"],"picked":"champ:CheapShot","floor":15.0},{"not_picked":["champ:Devastate","champ:EnchantCrown"],"picked":"champ:Improvising","floor":16.0},{"not_picked":["champ:ShieldSlam","champ:CrookedStrike"],"picked":"champ:DefensiveShout","floor":19.0},{"not_picked":["champ:ViciousMockery","champ:CrownThrow"],"picked":"champ:Circumvent","floor":20.0},{"not_picked":["champ:PerfectedStrike","champ:BringItOn"],"picked":"champ:PreciseThrust","floor":21.0},{"not_picked":["champ:DefensiveShout","champ:FocusedDefense"],"picked":"champ:Circumvent","floor":22.0},{"not_picked":["champ:FanOfKnives","champ:BladeFlurry"],"picked":"champ:Backstep","floor":25.0},{"not_picked":["champ:TornadoPunch","champ:FancyFootwork"],"picked":"champ:ShieldWall+1","floor":28.0},{"not_picked":["champ:RecklessLeap+1","champ:GutPunch"],"picked":"champ:TornadoPunch","floor":31.0},{"not_picked":["champ:DefensiveShout","champ:BringItOn"],"picked":"champ:DefensiveStyle+1","floor":32.0},{"not_picked":["champ:CheapShot","champ:DancingMaster"],"picked":"champ:EnchantCrown","floor":33.0},{"not_picked":["champ:FanOfKnives","champ:BladeFlurry"],"picked":"champ:Lariat+1","floor":36.0},{"not_picked":["champ:GutPunch+1","champ:DefensiveShout+1"],"picked":"champ:Improvising","floor":37.0},{"not_picked":["champ:TornadoPunch+1","champ:PreciseThrust+1"],"picked":"champ:Backstep+1","floor":38.0},{"not_picked":["expansioncontent:PrepareCrush","expansioncontent:GuardianWhirl"],"picked":"expansioncontent:Hexaburn","floor":39.0},{"not_picked":["champ:FocusedBerserking+1","champ:Haymaker"],"picked":"champ:BringItOn","floor":40.0},{"not_picked":["champ:IronFortress","champ:CrownThrow+1","champ:Backstep"],"picked":"SKIP","floor":40.0},{"not_picked":["champ:EnGarde+1","champ:DefensiveShout"],"picked":"champ:HoldFirm","floor":43.0},{"not_picked":["champ:AdrenalArmor","champ:Shatter","champ:StanceDance"],"picked":"SKIP","floor":43.0},{"not_picked":["champ:DeathBlow","champ:BerserkersShout","champ:Shatter"],"picked":"SKIP","floor":44.0},{"not_picked":["champ:BladeFlurry","champ:TornadoPunch","champ:AdrenalArmor+1"],"picked":"SKIP","floor":44.0},{"not_picked":["champ:DefensiveShout+1","champ:FocusedBerserking"],"picked":"champ:EnGarde","floor":45.0},{"not_picked":["champ:BerserkersShout","champ:CrookedStrike"],"picked":"champ:Parry+1","floor":48},{"not_picked":["champ:ShieldSigil","champ:GladiatorForm"],"picked":"champ:DefensiveStyle","floor":49},{"not_picked":["champ:BerserkersShout+1","champ:Haymaker","champ:CalledShot"],"picked":"SKIP","floor":49}],"player_experience":291616,"relics_obtained":[{"floor":10.0,"key":"Oddly Smooth Stone"},{"floor":12.0,"key":"Orichalcum"},{"floor":24.0,"key":"Lantern"},{"floor":27.0,"key":"Red Mask"},{"floor":28.0,"key":"MealTicket"},{"floor":29.0,"key":"Whetstone"},{"floor":31.0,"key":"Bronze Scales"},{"floor":38.0,"key":"Prayer Wheel"},{"floor":41.0,"key":"Kunai"},{"floor":45.0,"key":"Nunchaku"}],"event_choices":[{"damage_healed":0.0,"max_hp_gain":5.0,"max_hp_loss":0.0,"gold_gain":0.0,"event_name":"Big Fish","player_choice":"Donut","floor":9.0,"gold_loss":0.0,"damage_taken":0.0},{"damage_healed":0.0,"max_hp_gain":0.0,"max_hp_loss":0.0,"gold_gain":0.0,"event_name":"The Library","player_choice":"Read","floor":26.0,"gold_loss":0.0,"damage_taken":0.0,"cards_obtained":["champ:EnchantShield"]},{"damage_healed":0.0,"max_hp_gain":0.0,"max_hp_loss":0.0,"gold_gain":0.0,"event_name":"Masked Bandits","player_choice":"Fought Bandits","floor":27.0,"gold_loss":0.0,"damage_taken":0.0}],"is_beta":false,"boss_relics":[{"not_picked":["Tiny House","Pandora\u0027s Box"],"picked":"SacredBark"},{"not_picked":["Coffee Dripper","expansioncontent:StudyCardRelic"],"picked":"beaked:SacredDeck"}],"items_purged_floors":[37],"is_endless":false,"potions_floor_spawned":[6,10,12,16,20,21,27,28,33,36,38,49],"killed_by":"downfall:NeowBossFinal","ascension_level":13}}