{"host":"y4fuci1jk2rsxnep","time":1613309536,"event":{"mods":["AchievementEnabler","BaseMod","Colored Powertips","Custom Start","Defuse TimeMaze Blight","Dio Mod","Downfall","Hermit","Hero for Fun","Hubris","Hunter ??","Infinite Spire","Minty Spire (QoL Compilation)","Quick Restart","Reliquary","Remove Card Discount Mod","Replay The Spire","StSLib","The Blackbeard","The Bug Knight","The Mystic","The Runesmith"],"gold_per_floor":[111,130,150,70,70,98,128,157,157,157,187,187,201,233,233,330,330,344,364,364,364,364],"floor_reached":20,"language":"ENG","playtime":4733,"items_purged":[],"score":252,"play_id":"7e17365c-d517-4bcc-b09b-8ad1b894a0f5","local_time":"20210214143216","daily_mods":["Heirloom","Flight"],"is_ascension_mode":false,"campfire_choices":[{"data":"hexamod:BurningTouch","floor":10,"key":"SMITH"},{"data":"hexamod:BurningTouch","floor":15,"key":"SMITH"}],"circlet_count":0,"master_deck":["hexamod:Strike","hexamod:Strike","hexamod:Strike","hexamod:Defend","hexamod:Defend","hexamod:Defend","hexamod:Defend","hexamod:Sear","hexamod:Float","hexamod:PhantomFireball","hexamod:BurningTouch+1","hexamod:GhostOfSpirePresent","hexamod:ThirdSeal","hexamod:SoulSteal+1","hexamod:StepThrough","hexamod:GhostOfSpirePresent+1","hexamod:InspiringFlames","hexamod:FourthSeal","hexamod:Again","hexamod:BurningTouch+1","hexamod:ExtraCrispy+1","hexamod:BurningTouch","hexamod:ForkedFlame","hexamod:FifthSeal","hexamod:SixthSeal","hexamod:Again"],"relics":["hexamod:SpiritBrand","replay:Trail_Library","Pocketwatch","Replay:Ringing Soul","Frozen Egg 2","Pen Nib","Darkstone Periapt","Vajra","reliquary:Firecrackers","SlaversCollar"],"acts_visited":["Exordium","TheCity"],"potions_floor_usage":[16,20],"damage_taken":[{"damage":1,"enemies":"Small Slimes","floor":1,"turns":6},{"damage":1,"enemies":"Jaw Worm","floor":2,"turns":3},{"damage":0,"enemies":"2 Louse","floor":3,"turns":3},{"damage":18,"enemies":"3 Sentries","floor":6,"turns":6},{"damage":21,"enemies":"Gremlin Nob","floor":8,"turns":4},{"damage":4,"enemies":"3 Sentries","floor":11,"turns":4},{"damage":4,"enemies":"Gremlin Gang","floor":13,"turns":3},{"damage":2,"enemies":"Gremlin Nob","floor":14,"turns":3},{"damage":25,"enemies":"Fading Forest","floor":16,"turns":11},{"damage":19,"enemies":"Spheric Guardian","floor":18,"turns":5},{"damage":14,"enemies":"Shell Parasite","floor":19,"turns":3},{"damage":66,"enemies":"Masked Bandits","floor":20,"turns":3}],"seed_played":"8070723913079828788","potions_obtained":[{"floor":1,"key":"sneckomod:MuddlingPotion"},{"floor":6,"key":"BlessingOfTheForge"},{"floor":11,"key":"BlessingOfTheForge"},{"floor":18,"key":"DuplicationPotion"}],"is_trial":true,"path_per_floor":["M","M","M","$","?","E","?","E","T","R","E","?","M","E","R","B",null,"M","M","?"],"character_chosen":"THE_SPIRIT","items_purchased":["hexamod:ThirdSeal"],"campfire_rested":0,"item_purchase_floors":[4],"current_hp_per_floor":[69,68,68,68,68,53,53,35,35,38,37,37,36,37,37,25,91,75,64,0,0,0],"gold":364,"neow_bonus":"","is_daily":false,"chose_seed":false,"campfire_upgraded":2,"win_rate":0.0,"timestamp":1613309536,"path_taken":["M","M","M","$","?","E","?","E","T","R","E","?","?","E","R","BOSS","M","?","?"],"items_purchased_type":["Card"],"build_version":"2020-12-22","purchased_purges":0,"victory":false,"max_hp_per_floor":[70,70,70,70,70,73,73,76,76,79,82,82,85,88,88,91,91,94,97,97,97,97],"card_choices":[{"not_picked":["hexamod:HeatMetal","hexamod:SecondSeal"],"picked":"hexamod:PhantomFireball","floor":1},{"not_picked":["hexamod:BacktrackSmack","hexamod:NightmareGuise"],"picked":"hexamod:BurningTouch","floor":2},{"not_picked":["hexamod:EtherealExpedition","hexamod:RetreatToShadows"],"picked":"hexamod:GhostOfSpirePresent","floor":3},{"not_picked":["hexamod:ThermalTransfer","hexamod:Firestarter"],"picked":"hexamod:StepThrough","floor":6},{"not_picked":["hexamod:Firestarter","hexamod:Hexaguard"],"picked":"hexamod:GhostOfSpirePresent+1","floor":8},{"not_picked":["hexamod:BacktrackSmack","hexamod:GhostShield"],"picked":"hexamod:InspiringFlames","floor":8},{"not_picked":["hexamod:UnleashSpirits","hexamod:SkipABeat"],"picked":"hexamod:Again","floor":11},{"not_picked":["hexamod:Firestarter","hexamod:GhostOfSpireFuture+1"],"picked":"hexamod:BurningTouch","floor":13},{"not_picked":["hexamod:HeatShield","hexamod:GhostflameBarrier"],"picked":"hexamod:ExtraCrispy+1","floor":13},{"not_picked":["hexamod:InspiringFlames","hexamod:BacktrackSmack"],"picked":"hexamod:BurningTouch","floor":14},{"not_picked":["hexamod:SearingWound","hexamod:TimeOfNeed"],"picked":"hexamod:ForkedFlame","floor":16},{"not_picked":["hexamod:SearingWound","hexamod:TimeWarp"],"picked":"hexamod:FifthSeal","floor":16},{"not_picked":["hexamod:FourthSeal","hexamod:ThirdSeal"],"picked":"hexamod:SixthSeal","floor":18},{"not_picked":["hexamod:SkipABeat","hexamod:NightmareStrike+1","hexamod:BacktrackSmack+1"],"picked":"SKIP","floor":18},{"not_picked":["hexamod:ThirdSeal","hexamod:FastForward","hexamod:CatchUp"],"picked":"SKIP","floor":18},{"not_picked":["hexamod:HeatMetal","hexamod:GhostOfSpirePast+1"],"picked":"hexamod:Again","floor":19},{"not_picked":["hexamod:BacktrackSmack","hexamod:DynamicBlow+1","hexamod:InspiringFlames"],"picked":"SKIP","floor":19}],"player_experience":555359,"relics_obtained":[{"floor":6,"key":"Replay:Ringing Soul"},{"floor":8,"key":"Pen Nib"},{"floor":9,"key":"Darkstone Periapt"},{"floor":11,"key":"Vajra"},{"floor":14,"key":"reliquary:Firecrackers"}],"event_choices":[{"damage_healed":0,"gold_gain":30,"player_choice":"Searched \u00273\u0027 times","damage_taken":0,"relics_obtained":["Frozen Egg 2"],"max_hp_gain":0,"max_hp_loss":0,"event_name":"Dead Adventurer","floor":7,"gold_loss":0},{"damage_healed":0,"gold_gain":0,"player_choice":"Bought 0 Potions","damage_taken":0,"max_hp_gain":0,"max_hp_loss":0,"event_name":"The Woman in Blue","floor":12,"gold_loss":0},{"damage_healed":0,"gold_gain":0,"player_choice":"Fought Bandits","damage_taken":0,"max_hp_gain":0,"max_hp_loss":0,"event_name":"Masked Bandits","floor":20,"gold_loss":0}],"is_beta":false,"boss_relics":[{"not_picked":["hexamod:UnbrokenSoul","Calling Bell"],"picked":"SlaversCollar"}],"items_purged_floors":[],"is_endless":false,"potions_floor_spawned":[1,6,11,18,19],"killed_by":"Masked Bandits","ascension_level":0}}