{"host":"y3h3n3f7seyagppx","time":1613288463,"event":{"mods":["AlwaysNeverKeys","BaseMod","Better Vampires","Colored Powertips","DeckTracker","Emptier Cage","Minty Spire (QoL Compilation)","Permanent Neow","Quick Restart","Rare Cards Sparkle","Relic Sorter","Relic Stats","StSLib","Transform Curses"],"gold_per_floor":[361,321,7,17,33,33,60,60,60,60,60,94,118,139,139,223,223,199,199,278,301,301,338,338,380,380,148,191,218,238,263,263,347,347,366,377,57,105,117,117,154,172,172,202,108,108,143,158,158,158,158,158,158,17,52,52],"floor_reached":57,"language":"ENG","playtime":5890,"items_purged":["Strike_G+1","Strike_G+1"],"score":2995,"play_id":"c6b9c902-9635-4b71-beb9-d2e472ed8f75","local_time":"20210214024103","is_ascension_mode":true,"campfire_choices":[{"data":"Dash","floor":6.0,"key":"SMITH"},{"data":"Neutralize","floor":8.0,"key":"SMITH"},{"data":"Footwork","floor":15.0,"key":"SMITH"},{"floor":24.0,"key":"REST"},{"floor":32,"key":"REST"},{"data":"Accuracy","floor":40,"key":"SMITH"},{"data":"Well Laid Plans","floor":46,"key":"SMITH"},{"data":"Blade Dance","floor":49,"key":"SMITH"},{"data":"Blade Dance","floor":53,"key":"SMITH"}],"circlet_count":0,"master_deck":["AscendersBane","Strike_G+1","Strike_G+1","Strike_G+1","Defend_G+1","Defend_G+1","Defend_G+1","Defend_G+1","Defend_G+1","Survivor","Neutralize+1","Dagger Throw","Blade Dance+1","Dash+1","Footwork+1","Blade Dance+1","Terror","Dagger Spray","Backflip","Die Die Die","PiercingWail","Prepared+1","Accuracy+1","Acrobatics+1","Cloak And Dagger+1","Dodge and Roll+1","Calculated Gamble+1","Malaise+1","PiercingWail+1","Acrobatics+1","Well Laid Plans+1","Blade Dance+1","Footwork+1","Blur+1"],"relics":["Ring of the Snake","HornCleat","Bottled Tornado","Vajra","CeramicFish","SlaversCollar","Letter Opener","Enchiridion","Toxic Egg 2","Singing Bowl","Ornamental Fan","OrangePellets","Bottled Flame","HoveringKite","Membership Card","Happy Flower","Snake Skull","Bird Faced Urn","Ninja Scroll","Oddly Smooth Stone","TwistedFunnel","Smiling Mask","DollysMirror","Centennial Puzzle"],"acts_visited":["Exordium","TheCity","TheBeyond","TheEnding"],"potions_floor_usage":[33,36,48,54,55,56],"damage_taken":[{"damage":5.0,"enemies":"Small Slimes","floor":1.0,"turns":5.0},{"damage":0.0,"enemies":"Cultist","floor":4.0,"turns":4.0},{"damage":1.0,"enemies":"Jaw Worm","floor":5.0,"turns":3.0},{"damage":8.0,"enemies":"3 Sentries","floor":7.0,"turns":8.0},{"damage":10.0,"enemies":"Lagavulin","floor":12.0,"turns":8.0},{"damage":0.0,"enemies":"Blue Slaver","floor":13.0,"turns":3.0},{"damage":0.0,"enemies":"Exordium Wildlife","floor":14.0,"turns":3.0},{"damage":33.0,"enemies":"Slime Boss","floor":16.0,"turns":11.0},{"damage":3.0,"enemies":"2 Thieves","floor":18.0,"turns":4.0},{"damage":0.0,"enemies":"Chosen","floor":21.0,"turns":3.0},{"damage":2.0,"enemies":"Book of Stabbing","floor":23.0,"turns":4.0},{"damage":20.0,"enemies":"Slavers","floor":25.0,"turns":4.0},{"damage":0.0,"enemies":"Book of Stabbing","floor":28.0,"turns":5.0},{"damage":12.0,"enemies":"Snecko","floor":29.0,"turns":5.0},{"damage":7.0,"enemies":"Centurion and Healer","floor":30.0,"turns":6.0},{"damage":7.0,"enemies":"Snake Plant","floor":31.0,"turns":4.0},{"damage":25,"enemies":"Automaton","floor":33,"turns":12},{"damage":0,"enemies":"3 Shapes","floor":35,"turns":3},{"damage":0,"enemies":"3 Darklings","floor":36,"turns":7},{"damage":0,"enemies":"Maw","floor":39,"turns":8},{"damage":3,"enemies":"Nemesis","floor":41,"turns":9},{"damage":0,"enemies":"Jaw Worm Horde","floor":42,"turns":5},{"damage":0,"enemies":"Giant Head","floor":44,"turns":7},{"damage":0,"enemies":"Nemesis","floor":47,"turns":5},{"damage":5,"enemies":"Transient","floor":48,"turns":6},{"damage":12,"enemies":"Time Eater","floor":50,"turns":12},{"damage":0,"enemies":"Donu and Deca","floor":51,"turns":10},{"damage":23,"enemies":"Shield and Spear","floor":55,"turns":8},{"damage":53,"enemies":"The Heart","floor":56,"turns":13}],"seed_played":"-7879365424020082221","potions_obtained":[{"floor":2.0,"key":"Poison Potion"},{"floor":2.0,"key":"SkillPotion"},{"floor":10.0,"key":"Regen Potion"},{"floor":12.0,"key":"EssenceOfSteel"},{"floor":13.0,"key":"Swift Potion"},{"floor":16.0,"key":"DuplicationPotion"},{"floor":25.0,"key":"Regen Potion"},{"floor":28.0,"key":"FearPotion"},{"floor":33,"key":"CultistPotion"},{"floor":35,"key":"Fire Potion"},{"floor":39,"key":"EntropicBrew"},{"floor":41,"key":"DistilledChaos"},{"floor":55,"key":"SmokeBomb"}],"is_trial":false,"path_per_floor":["M","?","$","M","M","R","E","R","T","?","$","E","M","M","R","B",null,"M","?","T","M","?","E","R","E","T","$","E","M","M","M","R","B",null,"M","M","$","T","M","R","E","M","T","E","$","R","E","M","R","B","B",null,"R","$","E","B",null],"character_chosen":"THE_SILENT","items_purchased":["HornCleat","Blade Dance","OrangePellets","Membership Card","Happy Flower","Block Potion","TwistedFunnel","Well Laid Plans","DistilledChaos","DollysMirror","SpeedPotion"],"campfire_rested":2,"item_purchase_floors":[3,3,27,37,37,37,45,45,54,54,54],"current_hp_per_floor":[39,39,39,39,38,38,30,30,30,30,30,35,35,35,35,2,50,47,47,47,47,26,24,43,23,23,23,37,25,18,11,30,5,51,51,53,53,53,55,55,52,58,58,66,66,66,74,71,71,66,74,76,76,76,55,12],"gold":52,"neow_bonus":"TWO_FIFTY_GOLD","is_daily":false,"chose_seed":false,"campfire_upgraded":7,"win_rate":0.0,"timestamp":1613288463,"path_taken":["M","?","$","M","?","R","E","R","T","?","?","E","M","M","R","BOSS","M","?","?","M","?","E","R","E","T","$","E","?","M","?","R","BOSS","M","?","$","?","M","R","E","M","T","E","$","R","E","M","R","BOSS","BOSS","R","$","E","BOSS"],"items_purchased_type":["Relic","Card","Relic","Relic","Relic","Potion","Relic","Card","Potion","Relic","Potion"],"build_version":"2020-12-22","purchased_purges":2,"victory":true,"max_hp_per_floor":[66,66,66,66,66,66,66,66,66,66,66,66,66,66,66,66,66,66,66,66,66,66,66,66,66,66,66,66,66,66,66,66,66,66,66,68,68,68,70,70,70,72,72,74,74,74,74,76,76,76,76,76,76,76,76,76],"relic_stats":{"Singing Bowl":10,"Happy Flower":[27],"counters":[29,185],"CeramicFish":162,"HoveringKite":[51],"Snake Skull":[13],"Letter Opener":[304],"Smiling Mask":0,"OrangePellets":[6],"Centennial Puzzle":[1],"Ornamental Fan":[444],"Bird Faced Urn":[45],"obtain_stats":[{"TwistedFunnel":45,"Singing Bowl":25,"Happy Flower":37,"CeramicFish":12,"Vajra":9,"Enchiridion":22,"HoveringKite":34,"Oddly Smooth Stone":44,"Snake Skull":38,"Letter Opener":20,"Bottled Tornado":7,"Smiling Mask":47,"SlaversCollar":17,"OrangePellets":27,"Bottled Flame":28,"Centennial Puzzle":55,"HornCleat":3,"Ornamental Fan":26,"Ninja Scroll":43,"DollysMirror":54,"Bird Faced Urn":41,"Membership Card":37,"Toxic Egg 2":23,"Ring of the Snake":0},{"TwistedFunnel":23,"Singing Bowl":12,"Happy Flower":19,"CeramicFish":5,"Vajra":4,"Enchiridion":10,"HoveringKite":17,"Oddly Smooth Stone":23,"Snake Skull":19,"Letter Opener":9,"Bottled Tornado":4,"Smiling Mask":24,"SlaversCollar":8,"OrangePellets":12,"Bottled Flame":13,"Centennial Puzzle":28,"HornCleat":1,"Ornamental Fan":12,"Ninja Scroll":22,"DollysMirror":27,"Bird Faced Urn":21,"Membership Card":19,"Toxic Egg 2":11,"Ring of the Snake":0},{"TwistedFunnel":131,"Singing Bowl":60,"Happy Flower":102,"CeramicFish":28,"Vajra":20,"Enchiridion":52,"HoveringKite":92,"Oddly Smooth Stone":131,"Snake Skull":102,"Letter Opener":49,"Bottled Tornado":20,"Smiling Mask":136,"SlaversCollar":45,"OrangePellets":60,"Bottled Flame":65,"Centennial Puzzle":172,"HornCleat":5,"Ornamental Fan":60,"Ninja Scroll":124,"DollysMirror":164,"Bird Faced Urn":119,"Membership Card":102,"Toxic Egg 2":56,"Ring of the Snake":0}],"Ring of the Snake":[51]},"card_choices":[{"not_picked":["Deflect","Flechettes"],"picked":"Dagger Throw","floor":1.0},{"not_picked":["Deadly Poison","Crippling Poison"],"picked":"Dash","floor":4.0},{"not_picked":["Dagger Throw","Backflip"],"picked":"Footwork","floor":5.0},{"not_picked":["Catalyst","Dagger Throw"],"picked":"Blade Dance","floor":7.0},{"not_picked":["PiercingWail","Masterful Stab"],"picked":"Terror","floor":12.0},{"not_picked":["Bouncing Flask","Bane"],"picked":"Dagger Spray","floor":13.0},{"not_picked":["Terror","Slice"],"picked":"Backflip","floor":14.0},{"not_picked":["Storm of Steel","Doppelganger"],"picked":"Die Die Die","floor":16.0},{"not_picked":["Concentrate","Poisoned Stab","Quick Slash"],"picked":"SKIP","floor":18.0},{"not_picked":["Slice","Infinite Blades"],"picked":"PiercingWail","floor":21.0},{"not_picked":["Dagger Spray","Bouncing Flask+1"],"picked":"Prepared+1","floor":23.0},{"not_picked":["Envenom","PiercingWail+1"],"picked":"Accuracy","floor":25.0},{"not_picked":["Sucker Punch","Tactician+1"],"picked":"Acrobatics+1","floor":28.0},{"not_picked":["Sucker Punch","Underhanded Strike"],"picked":"Cloak And Dagger+1","floor":29.0},{"not_picked":["Accuracy","Acrobatics+1"],"picked":"Dodge and Roll+1","floor":30.0},{"not_picked":["Dash","Caltrops"],"picked":"Calculated Gamble+1","floor":31},{"not_picked":["A Thousand Cuts","Bullet Time+1"],"picked":"Malaise+1","floor":33},{"not_picked":["Prepared+1","Eviscerate"],"picked":"PiercingWail+1","floor":35},{"not_picked":["Outmaneuver+1","Choke+1","Flechettes"],"picked":"Singing Bowl","floor":36},{"not_picked":["Backstab","Quick Slash","Calculated Gamble+1"],"picked":"Singing Bowl","floor":39},{"not_picked":["Dagger Throw+1","Crippling Poison+1"],"picked":"Acrobatics+1","floor":41},{"not_picked":["Eviscerate","Endless Agony","Caltrops"],"picked":"Singing Bowl","floor":42},{"not_picked":["Poisoned Stab","Terror+1","Flechettes"],"picked":"Singing Bowl","floor":44},{"not_picked":["Accuracy","Crippling Poison+1"],"picked":"Blade Dance+1","floor":47},{"not_picked":["Sucker Punch","Dagger Throw","Expertise+1"],"picked":"Singing Bowl","floor":48},{"not_picked":["Reflex+1","Deadly Poison+1"],"picked":"Blur+1","floor":55}],"player_experience":22184437,"relics_obtained":[{"floor":7.0,"key":"Bottled Tornado"},{"floor":9.0,"key":"Vajra"},{"floor":12.0,"key":"CeramicFish"},{"floor":20.0,"key":"Letter Opener"},{"floor":22.0,"key":"Enchiridion"},{"floor":23.0,"key":"Toxic Egg 2"},{"floor":25.0,"key":"Singing Bowl"},{"floor":26.0,"key":"Ornamental Fan"},{"floor":28.0,"key":"Bottled Flame"},{"floor":38,"key":"Snake Skull"},{"floor":41,"key":"Bird Faced Urn"},{"floor":43,"key":"Ninja Scroll"},{"floor":44,"key":"Oddly Smooth Stone"},{"floor":47,"key":"Smiling Mask"},{"floor":55,"key":"Centennial Puzzle"}],"event_choices":[{"damage_healed":0.0,"max_hp_gain":0.0,"max_hp_loss":0.0,"gold_gain":0.0,"event_name":"The Woman in Blue","player_choice":"Bought 3 Potions","floor":2.0,"gold_loss":0.0,"damage_taken":0.0},{"damage_healed":0.0,"max_hp_gain":0.0,"max_hp_loss":0.0,"gold_gain":0.0,"event_name":"Lab","player_choice":"Got Potions","floor":10.0,"gold_loss":0.0,"damage_taken":0.0},{"damage_healed":0.0,"max_hp_gain":0.0,"max_hp_loss":0.0,"gold_gain":0.0,"event_name":"Back to Basics","player_choice":"Simplicity","floor":19.0,"gold_loss":0.0,"damage_taken":0.0,"cards_upgraded":["Strike_G","Strike_G","Strike_G","Strike_G","Strike_G","Defend_G","Defend_G","Defend_G","Defend_G","Defend_G"]},{"damage_healed":0.0,"max_hp_gain":0.0,"max_hp_loss":0.0,"gold_gain":0.0,"event_name":"Cursed Tome","player_choice":"Obtained Book","floor":22.0,"gold_loss":0.0,"damage_taken":21.0}],"is_beta":false,"boss_relics":[{"not_picked":["Velvet Choker","Black Star"],"picked":"SlaversCollar"},{"not_picked":["Coffee Dripper","Cursed Key"],"picked":"HoveringKite"}],"items_purged_floors":[27,37],"is_endless":false,"potions_floor_spawned":[12,13,14,16,25,28,31,33,35,39,41,47,55],"ascension_level":20}}