{"host":"ix07nhfx4o3nf6kx","time":1613303662,"event":{"mods":["BaseMod","Hermit","Minty Spire (QoL Compilation)","StSLib","The Bug Knight","The Cursed","The Dragon Tamer","The Hierophant","The Jungle","The Runesmith"],"gold_per_floor":[117,136,152,3,15,15,25,25,25,25,25,25,38,50,50,145,145,155,155,171,171,171,171],"floor_reached":22,"language":"KOR","playtime":2369,"items_purged":[],"score":178,"play_id":"03062e4e-ea41-4621-b99b-59eb8e667065","local_time":"20210214205422","is_ascension_mode":false,"campfire_choices":[{"data":"HollowMod:SlysStrikes","floor":6,"key":"SMITH"},{"data":"HollowMod:MantisMark","floor":10,"key":"SMITH"},{"data":"HollowMod:DesolateDive","floor":15,"key":"SMITH"}],"circlet_count":0,"master_deck":["HollowMod:NailStrikeStart","HollowMod:NailStrikeStart","HollowMod:NailStrikeStart","HollowMod:NailStrikeStart","HollowMod:QuickDashStart","HollowMod:QuickDashStart","HollowMod:QuickDashStart","HollowMod:QuickDashStart","HollowMod:FocusHealStart","HollowMod:PogoStrike","HollowMod:SlysStrikes+1","HollowMod:HeavyBlow","HollowMod:MonomonsArchive","HollowMod:DoubleDash","HollowMod:MantisMark+1","HollowMod:DesolateDive+1","HollowMod:SoulVessel","HollowMod:ZotesMagnificence","HollowMod:ChannelNail+1","HollowMod:CrystalDash+1","HollowMod:LifebloodCocoon+1"],"relics":["HollowMod:VesselMask","MealTicket","Toxic Egg 2","Pen Nib","Philosopher\u0027s Stone"],"acts_visited":["Exordium","TheCity"],"potions_floor_usage":[5,18,20,22],"damage_taken":[{"damage":1,"enemies":"Jaw Worm","floor":1,"turns":5},{"damage":2,"enemies":"2 Louse","floor":2,"turns":2},{"damage":5,"enemies":"Small Slimes","floor":3,"turns":3},{"damage":6,"enemies":"2 Fungi Beasts","floor":5,"turns":4},{"damage":10,"enemies":"Exordium Wildlife","floor":7,"turns":4},{"damage":0,"enemies":"3 Louse","floor":13,"turns":3},{"damage":12,"enemies":"2 Fungi Beasts","floor":14,"turns":5},{"damage":31,"enemies":"HollowMod:FalseKnight","floor":16,"turns":10},{"damage":0,"enemies":"HollowMod:HuskSentry","floor":18,"turns":4},{"damage":16,"enemies":"Spheric Guardian","floor":20,"turns":4},{"damage":54,"enemies":"Masked Bandits","floor":22,"turns":5}],"seed_played":"-5769849534261926699","potions_obtained":[{"floor":1,"key":"Block Potion"},{"floor":7,"key":"FearPotion"},{"floor":16,"key":"AttackPotion"},{"floor":20,"key":"GamblersBrew"}],"is_trial":false,"path_per_floor":["M","M","M","$","M","R","M","$","T","R","?","?","M","M","R","B",null,"M","$","M","?","?"],"character_chosen":"THE_BUGKNIGHT","items_purchased":["MealTicket"],"campfire_rested":0,"item_purchase_floors":[4],"current_hp_per_floor":[68,66,67,67,61,61,57,68,68,68,68,61,61,55,55,34,68,68,68,52,52,0,0],"gold":171,"neow_bonus":"THREE_RARE_CARDS","is_daily":false,"chose_seed":false,"campfire_upgraded":3,"win_rate":0.0,"timestamp":1613303662,"path_taken":["M","M","M","$","M","R","M","$","T","R","?","?","M","M","R","BOSS","M","$","M","?","?"],"items_purchased_type":["Relic"],"build_version":"2020-12-22","purchased_purges":0,"victory":false,"max_hp_per_floor":[68,68,68,68,68,68,68,68,68,68,68,68,68,68,68,68,68,68,68,68,68,68,68],"card_choices":[{"not_picked":["HollowMod:MidwifesHunger","HollowMod:LordofShades"],"picked":"HollowMod:SlysStrikes","floor":0},{"not_picked":["HollowMod:MonarchWings","HollowMod:VengefulVoid"],"picked":"HollowMod:HeavyBlow","floor":1},{"not_picked":["HollowMod:InfectedAttack","HollowMod:MonarchWings"],"picked":"HollowMod:MonomonsArchive","floor":2},{"not_picked":["HollowMod:LifebloodCocoon","HollowMod:CornifersMapStart"],"picked":"HollowMod:DoubleDash","floor":3},{"not_picked":["HollowMod:GrimmsGift","HollowMod:ShadowDash"],"picked":"HollowMod:MantisMark","floor":5},{"not_picked":["HollowMod:CloakDash","HollowMod:ShapeofUnn"],"picked":"HollowMod:DesolateDive","floor":7},{"not_picked":["HollowMod:DashSlash","HollowMod:InfectedAttack"],"picked":"HollowMod:SoulVessel","floor":13},{"not_picked":["HollowMod:DescendingDark","HollowMod:NewLittleFool","HollowMod:WraithStrike"],"picked":"SKIP","floor":14},{"not_picked":["HollowMod:SlysStrikes","HollowMod:SoulMaster"],"picked":"HollowMod:ZotesMagnificence","floor":16},{"not_picked":["HollowMod:NewJinnsSoul+1","HollowMod:SiblingsSouls+1"],"picked":"HollowMod:ChannelNail+1","floor":18},{"not_picked":["HollowMod:GoodIntentions+1","HollowMod:VengefulVoid"],"picked":"HollowMod:CrystalDash+1","floor":20}],"player_experience":305781,"relics_obtained":[{"floor":9,"key":"Toxic Egg 2"}],"event_choices":[{"damage_healed":0,"gold_gain":0,"player_choice":"Box","damage_taken":0,"relics_obtained":["Pen Nib"],"max_hp_gain":0,"max_hp_loss":0,"event_name":"Big Fish","floor":11,"gold_loss":0,"cards_obtained":["Regret"]},{"cards_removed":["Regret"],"damage_healed":0,"gold_gain":0,"player_choice":"Card Removal","damage_taken":7,"max_hp_gain":0,"max_hp_loss":0,"event_name":"Golden Wing","floor":12,"gold_loss":0},{"damage_healed":0,"gold_gain":0,"player_choice":"Read","damage_taken":0,"max_hp_gain":0,"max_hp_loss":0,"event_name":"The Library","floor":21,"gold_loss":0,"cards_obtained":["HollowMod:LifebloodCocoon"]},{"damage_healed":0,"gold_gain":0,"player_choice":"Fought Bandits","damage_taken":0,"max_hp_gain":0,"max_hp_loss":0,"event_name":"Masked Bandits","floor":22,"gold_loss":0}],"is_beta":false,"boss_relics":[{"not_picked":["SacredBark","Sozu"],"picked":"Philosopher\u0027s Stone"}],"items_purged_floors":[],"is_endless":false,"potions_floor_spawned":[1,7,16,20],"killed_by":"Masked Bandits","ascension_level":0}}