{"host":"2q4w55ev63ot6isg","time":1613290747,"event":{"mods":["Aspiration","BaseMod","Downfall","Hubris","Marisa????????","Minty Spire (QoL Compilation)","Replay The Spire","StSLib","The Cursed","The Jungle","The Servant 0.9.4"],"gold_per_floor":[99,113,127,127,137,156,203,1,16,51,62,47,47,47,47,497,517,620,620,620,630,630,630,647,647,647,647,290,301,401,467,487,78,96,194,194,194,211,230,105,155,171,194,11,84,102,152,152,165,182,152,252],"floor_reached":53,"language":"ENG","playtime":1837,"items_purged":["downfall:Icky","downfall:Icky","downfall:Icky"],"score":859,"play_id":"3f44f886-7017-4c79-ba5c-c12b0dbc7a8d","local_time":"20210214001907","is_ascension_mode":true,"campfire_choices":[{"data":"bronze:Strike","floor":1,"key":"PURGE"},{"data":"bronze:FollowUp","floor":15,"key":"SMITH"},{"floor":20,"key":"DIG"},{"data":"bronze:Library","floor":25,"key":"SMITH"},{"data":"bronze:BronzeOrb","floor":27,"key":"SMITH"},{"data":"bronze:Verify","floor":37,"key":"SMITH"},{"data":"expansioncontent:QuickStudy","floor":48,"key":"SMITH"}],"circlet_count":0,"master_deck":["bronze:Strike","bronze:Strike","bronze:Defend","bronze:Defend","bronze:Replicate+1","bronze:Goto+1","bronze:DelayedSlice+1","bronze:ClassDefault","bronze:FineTuning","bronze:DelayedGuard","bronze:ChosenStrike","bronze:FollowUp+1","bronze:Branch","bronze:Assembly","bronze:Frontload","bronze:Library+1","Necronomicurse","bronze:BronzeOrb+1","bronze:Iterate+1","bronze:DelayedGuard+1","bronze:Optimize","expansioncontent:QuickStudy+1","expansioncontent:LastStand","bronze:Repair","bronze:BronzeOrb","bronze:Verify+1","bronze:InfiniteBeams+1","bronze:AlphaBuild","bronze:BronzeOrb","bronze:Terminator+1","expansioncontent:DashGenerateEvil","bronze:Repulsor+1","bronze:Fortify","bronze:Flail+1","bronze:Shell"],"relics":["bronze:BronzeCore","Guardian:PocketSentry","hexamod:BolsterEngine","Snack Pack","bronze:ElectromagneticCoil","Nunchaku","Necronomicon","hubris:Metronome","Mummified Hand","downfall:CloakOfManyFaces","CultistMask","FaceOfCleric","NlothsMask","GremlinMask","SsserpentHead","Lantern","Coffee Dripper","hubris:Towel","Bronze Scales","hubris:Icosahedron"],"acts_visited":["Exordium","TheCity","TheBeyond"],"potions_floor_usage":[18,28,28,35,42,51,52,52,52],"damage_taken":[{"damage":1,"enemies":"Cultist","floor":2,"turns":3},{"damage":0,"enemies":"Small Slimes","floor":3,"turns":4},{"damage":0,"enemies":"2 Louse","floor":5,"turns":1},{"damage":3,"enemies":"Blue Slaver","floor":6,"turns":2},{"damage":0,"enemies":"downfall:FleeingMerchant","floor":8,"turns":4},{"damage":0,"enemies":"3 Louse","floor":9,"turns":2},{"damage":0,"enemies":"Replay:BlueRogue","floor":10,"turns":3},{"damage":9,"enemies":"Red Slaver","floor":11,"turns":2},{"damage":0,"enemies":"downfall:FleeingMerchant","floor":12,"turns":4},{"damage":0,"enemies":"2 Fungi Beasts","floor":17,"turns":2},{"damage":3,"enemies":"IC_STATUS_ARCHETYPE","floor":18,"turns":7},{"damage":0,"enemies":"Spheric Guardian","floor":21,"turns":2},{"damage":3,"enemies":"Chosen","floor":24,"turns":4},{"damage":0,"enemies":"downfall:FleeingMerchant","floor":28,"turns":2},{"damage":13,"enemies":"Shelled Parasite and Fungi","floor":29,"turns":3},{"damage":0,"enemies":"downfall:FaceTrader","floor":30,"turns":6},{"damage":0,"enemies":"Centurion and Healer","floor":31,"turns":5},{"damage":0,"enemies":"Cultist and Chosen","floor":32,"turns":3},{"damage":0,"enemies":"Snake Plant","floor":34,"turns":2},{"damage":4,"enemies":"DF_ARCHETYPE_CLAW","floor":35,"turns":4},{"damage":1,"enemies":"Orb Walker","floor":38,"turns":3},{"damage":0,"enemies":"3 Shapes","floor":39,"turns":4},{"damage":22,"enemies":"Maw","floor":42,"turns":4},{"damage":1,"enemies":"4 Shapes","floor":46,"turns":4},{"damage":0,"enemies":"Spire Growth","floor":49,"turns":2},{"damage":4,"enemies":"Sphere and 2 Shapes","floor":50,"turns":4},{"damage":0,"enemies":"4 Shapes","floor":51,"turns":3},{"damage":40,"enemies":"SI_POISON_ARCHETYPE","floor":52,"turns":7}],"seed_played":"217608823519472559","potions_obtained":[{"floor":3,"key":"ColorlessPotion"},{"floor":9,"key":"SteroidPotion"},{"floor":10,"key":"SneckoOil"},{"floor":18,"key":"PowerPotion"},{"floor":29,"key":"Languid Potion"},{"floor":30,"key":"AttackPotion"},{"floor":46,"key":"SpeedPotion"},{"floor":51,"key":"LiquidMemories"}],"is_trial":false,"path_per_floor":["R","M","M","?","M","M","T","$","M","E","M","$","PTL","PTL","R","?","M","B",null,"R","M","?","?","M","R","T","R","$","M","?","M","M","$","M","B",null,"R","M","M","$","?","M","T","$","?","M","?","R","M","M","M","B",null],"character_chosen":"THE_AUTOMATON","items_purchased":["bronze:ChosenStrike","hexamod:BolsterEngine","Mummified Hand","bronze:Optimize","expansioncontent:QuickStudy","expansioncontent:LastStand","Lantern","bronze:Verify","expansioncontent:DashGenerateEvil"],"campfire_rested":0,"item_purchase_floors":[8,8,28,28,28,28,33,33,44],"current_hp_per_floor":[63,62,62,62,62,59,59,59,59,59,52,60,60,60,60,60,62,62,63,63,63,47,47,46,46,46,46,48,37,52,64,65,65,66,65,67,67,67,69,69,69,52,52,52,52,66,66,66,72,69,74,39],"gold":252,"neow_bonus":"REMOVE_TWO","is_daily":false,"chose_seed":false,"campfire_upgraded":5,"win_rate":0.0,"timestamp":1613290747,"path_taken":["R","M","M","?","M","M","T","$","M","E","M","?","PTL","PTL","R","?","M","BOSS","R","M","?","?","?","R","T","R","$","M","?","?","M","$","M","BOSS","R","M","M","$","?","M","T","$","?","M","?","R","M","M","M","BOSS"],"items_purchased_type":["Card","Relic","Relic","Card","Card","Card","Relic","Card","Card"],"build_version":"2020-12-22","purchased_purges":3,"victory":true,"max_hp_per_floor":[63,63,63,63,63,63,63,63,63,63,63,63,63,63,63,63,63,63,63,63,63,63,63,63,63,63,63,63,63,63,64,65,65,66,67,67,67,68,69,69,69,70,70,70,70,71,71,71,72,73,74,75],"card_choices":[{"not_picked":["bronze:WildBeam","bronze:BitShift","bronze:Invalidate"],"picked":"SKIP","floor":2},{"not_picked":["bronze:Turbo","bronze:WhirlingStrike"],"picked":"bronze:DelayedSlice","floor":3},{"not_picked":["bronze:Turbo","bronze:MaxOutput"],"picked":"bronze:ClassDefault","floor":5},{"not_picked":["bronze:Refactor","bronze:ForLoop"],"picked":"bronze:FineTuning","floor":6},{"not_picked":["bronze:ClassDefault","bronze:Constructor"],"picked":"bronze:DelayedGuard","floor":8},{"not_picked":["bronze:BuggyMess","bronze:Deprecate","bronze:BugBarrage"],"picked":"SKIP","floor":9},{"not_picked":["bronze:Frontload","bronze:DelayedSlice"],"picked":"bronze:FollowUp","floor":10},{"not_picked":["bronze:ForLoop","bronze:DelayedGuard"],"picked":"bronze:Branch","floor":11},{"not_picked":["bronze:WildBeam","bronze:NullPointer"],"picked":"bronze:Assembly","floor":12},{"not_picked":["bronze:BitShift","bronze:WildBeam"],"picked":"bronze:Frontload","floor":17},{"not_picked":["bronze:FindAndReplace","bronze:HardenedForm"],"picked":"bronze:Library","floor":18},{"not_picked":["bronze:BuggyMess+1","bronze:BitShift","bronze:OilSpill+1"],"picked":"SKIP","floor":21},{"not_picked":["bronze:Return","bronze:Turbo"],"picked":"bronze:Iterate+1","floor":24},{"not_picked":["bronze:Separator","bronze:BugBarrage"],"picked":"bronze:DelayedGuard+1","floor":28},{"not_picked":["bronze:Optimize","bronze:DelayedGuard"],"picked":"bronze:Repair","floor":29},{"not_picked":["bronze:DelayedSlice","bronze:Invalidate+1"],"picked":"bronze:BronzeOrb","floor":30},{"not_picked":["bronze:ItsAFeature","bronze:CutThrough","bronze:DelayedSlice"],"picked":"SKIP","floor":31},{"not_picked":["bronze:BuggyMess+1","bronze:FineTuning","bronze:Iterate"],"picked":"SKIP","floor":32},{"not_picked":["bronze:Branch","bronze:Shield"],"picked":"bronze:InfiniteBeams+1","floor":34},{"not_picked":["bronze:TinkerersToolbox","bronze:CleanCode"],"picked":"bronze:AlphaBuild","floor":35},{"not_picked":["bronze:Branch+1","bronze:Overheat"],"picked":"bronze:BronzeOrb","floor":38},{"not_picked":["bronze:WhirlingStrike","bronze:CutThrough+1","bronze:Overheat+1"],"picked":"SKIP","floor":39},{"not_picked":["bronze:Branch+1","bronze:WhirlingStrike"],"picked":"bronze:Terminator+1","floor":42},{"not_picked":["bronze:Separator","bronze:ChildClass"],"picked":"bronze:Repulsor+1","floor":46},{"not_picked":["bronze:DarkDash+1","bronze:CutThrough"],"picked":"bronze:Fortify","floor":49},{"not_picked":["bronze:GetLatest","bronze:Deprecate"],"picked":"bronze:Flail+1","floor":50},{"not_picked":["bronze:Break","bronze:ItsAFeature"],"picked":"bronze:Shell","floor":51}],"player_experience":253344,"relics_obtained":[{"floor":7,"key":"Guardian:PocketSentry"},{"floor":10,"key":"Snack Pack"},{"floor":20,"key":"Nunchaku"},{"floor":22,"key":"Necronomicon"},{"floor":26,"key":"hubris:Metronome"},{"floor":30,"key":"downfall:CloakOfManyFaces"},{"floor":45,"key":"Bronze Scales"}],"event_choices":[],"is_beta":false,"boss_relics":[{"not_picked":["ChewingGum","aspiration:SecretTechniqueScroll"],"picked":"bronze:ElectromagneticCoil"},{"not_picked":["Runic Dome","Replay:Ancient Bell"],"picked":"Coffee Dripper"}],"items_purged_floors":[28,33,40],"is_endless":false,"potions_floor_spawned":[3,9,10,18,29,30,31,32,46,51],"ascension_level":2}}