{"host":"xsfbp1yx1f2ea5z7","time":1613298631,"event":{"mods":["100% Spire Juice","AchievementEnabler","Act Like it!","Bard","BaseMod","Beaked The Cultist","Better Altar","Better Match","Better Note","Better Sensory Stone","Better Skull","Better Third Choice","BetterRewards","Block Reminder","ChefMod","Colored Map","Colored Powertips","Conspire","DeckTracker","Downfall","GifTheSpireLib","GungeonMod","Halation","Hermit","Hubris","Infinite Spire","Jedi Mod","Jorbs\u0027s Wanderer Trilogy","Marked Mod","Mimic Mod","Minty Spire (QoL Compilation)","Replay The Spire","Robot Space Explorer","Shade Mod","Spicy Shops","StSLib","The Blackbeard","The Cursed","The Hierophant","The Judge","The Jungle","The Marked","The Mystic","The Runesmith","TheBandit","Unceasing Turn Reminder","Wandering Minibosses","everything is the same but u backflip on backflip"],"gold_per_floor":[112,72,72,88,106,14,32,43,67,84,114,114,130,143,143,238,118,128,143,143,33,45,63,63,63,63,63,80,113,7,36,36,135,135,149,149,174,174,174,174,174,174],"floor_reached":41,"language":"ENG","playtime":1578,"items_purged":[],"score":572,"play_id":"902efc38-252c-4b70-b5f6-5299a91ab3fd","local_time":"20210214183031","is_ascension_mode":false,"campfire_choices":[{"data":"Moonworks:IntelligenceOfficer","floor":15,"key":"SMITH"},{"data":"Moonworks:TreasureThief","floor":25,"key":"SMITH"},{"data":"Moonworks:Dash","floor":32,"key":"SMITH"},{"floor":40,"key":"RECALL"}],"circlet_count":0,"master_deck":["Moonworks:Strike","Moonworks:Strike","Moonworks:Strike","Moonworks:Strike","Moonworks:Defend","Moonworks:Defend","Moonworks:Defend","Moonworks:Defend","Moonworks:Ambush+1","Moonworks:LongDistanceShot","Moonworks:ImOnFire","Moonworks:FinalSurgery","Moonworks:Dash+1","Moonworks:TreasureThief+1","Moonworks:IntelligenceOfficer+1","Moonworks:FinalSurgery","Moonworks:ScrambledEve","Moonworks:AnotherUltimateWeapon+1","Moonworks:NicePresent","Moonworks:NicePresent","Moonworks:ImOnFire","Moonworks:NicePresent","Moonworks:GoAway","Moonworks:AnotherUltimateWeapon+1","Moonworks:NicePresent","Moonworks:GoAway"],"relics":["Moonworks:BrokenBomb","Moonworks:Homemark","Orichalcum","jedi:crownofsimplicity","Pen Nib","halation:StarCompass","bronze:MakeshiftBattery","Bottled Tornado","PreservedInsect","halation:PrussianBluePaint","halation:SmartPhone","jedi:shrinkray","Blue Candle"],"acts_visited":["Exordium","TheCity","TheBeyond"],"potions_floor_usage":[7,18],"damage_taken":[{"damage":0,"enemies":"Small Slimes","floor":1,"turns":4},{"damage":9,"enemies":"Cultist","floor":4,"turns":3},{"damage":4,"enemies":"Jaw Worm","floor":5,"turns":2},{"damage":0,"enemies":"Gremlin Nob","floor":6,"turns":2},{"damage":9,"enemies":"Exordium Thugs","floor":7,"turns":2},{"damage":9,"enemies":"Lots of Slimes","floor":8,"turns":4},{"damage":0,"enemies":"Blue Slaver","floor":10,"turns":2},{"damage":8,"enemies":"3 Sentries","floor":11,"turns":4},{"damage":0,"enemies":"2 Fungi Beasts","floor":13,"turns":3},{"damage":0,"enemies":"Large Slime","floor":14,"turns":3},{"damage":8,"enemies":"Slime Boss","floor":16,"turns":8},{"damage":0,"enemies":"3 Byrds","floor":18,"turns":4},{"damage":0,"enemies":"Spheric Guardian","floor":19,"turns":3},{"damage":0,"enemies":"3 Cultists","floor":21,"turns":3},{"damage":2,"enemies":"Shelled Parasite and Fungi","floor":22,"turns":3},{"damage":0,"enemies":"Centurion and Healer","floor":23,"turns":3},{"damage":1,"enemies":"Snecko","floor":28,"turns":3},{"damage":0,"enemies":"Book of Stabbing","floor":29,"turns":3},{"damage":0,"enemies":"Shelled Parasite and Fungi","floor":30,"turns":3},{"damage":0,"enemies":"conspire:Head Lice","floor":31,"turns":2},{"damage":7,"enemies":"Collector","floor":33,"turns":6},{"damage":0,"enemies":"3 Darklings","floor":35,"turns":3},{"damage":51,"enemies":"Nightmare","floor":41,"turns":5}],"seed_played":"5770969182075362149","potions_obtained":[{"floor":4,"key":"sneckomod:MuddlingPotion"},{"floor":5,"key":"Block Potion"},{"floor":10,"key":"FearPotion"},{"floor":11,"key":"Milkshake"},{"floor":16,"key":"AttackPotion"},{"floor":18,"key":"FearPotion"}],"is_trial":false,"path_per_floor":["M","?","$","M","M","E","M","M","T","M","E","?","M","M","R","B",null,"M","M","?","M","M","M","?","R","T","?","M","E","M","E","R","B",null,"M","?","T","?","?","R","NM"],"character_chosen":"THE_STARBREAKER","items_purchased":[],"campfire_rested":0,"item_purchase_floors":[],"current_hp_per_floor":[60,60,60,51,47,47,38,29,29,29,21,21,21,21,21,13,60,60,60,60,60,58,58,58,58,58,58,57,57,57,57,57,50,60,54,54,54,49,49,49,0,0],"gold":174,"neow_bonus":"UPGRADE_CARD","is_daily":false,"chose_seed":false,"campfire_upgraded":3,"win_rate":0.0,"timestamp":1613298631,"path_taken":["M","?","?","M","M","E","?","?","T","M","E","?","M","M","R","BOSS","M","M","?","?","M","M","?","R","T","?","M","E","M","E","R","BOSS","M","?","?","?","?","R","NM"],"items_purchased_type":[],"build_version":"2020-12-22","purchased_purges":0,"victory":false,"max_hp_per_floor":[60,60,60,60,60,60,60,60,60,60,60,60,60,60,60,60,60,60,60,60,60,60,60,60,60,60,60,60,60,60,60,60,60,60,60,60,60,60,60,60,60,60],"card_choices":[{"not_picked":["Moonworks:ReproductionOfRecords","Moonworks:Assault"],"picked":"Moonworks:ImOnFire","floor":1},{"not_picked":["Moonworks:Flamethrower","Moonworks:JonathanRush"],"picked":"Moonworks:FinalSurgery","floor":4},{"not_picked":["Moonworks:CompletionReward","Moonworks:Flamethrower","Moonworks:ReproductionOfRecords"],"picked":"SKIP","floor":5},{"not_picked":["Moonworks:TreasureThief","Moonworks:EvilSpyWorkPreparation"],"picked":"Moonworks:Dash","floor":6},{"not_picked":["Moonworks:BigMagnum","Moonworks:CloudOfSeagulls"],"picked":"Moonworks:TreasureThief","floor":7},{"not_picked":["Moonworks:TreasureThief","Moonworks:ImmovableObject","Moonworks:LulusLuckyEgg"],"picked":"SKIP","floor":8},{"not_picked":["Moonworks:DeployBits","Moonworks:CompletionReward"],"picked":"Moonworks:IntelligenceOfficer","floor":10},{"not_picked":["Moonworks:BigBangBell","Moonworks:Heat300Percent","Moonworks:DeployBits"],"picked":"SKIP","floor":11},{"not_picked":["Moonworks:BigMagnum","Moonworks:BeyondHell"],"picked":"Moonworks:FinalSurgery","floor":13},{"not_picked":["Moonworks:x16BigRocket","Moonworks:Assault"],"picked":"Moonworks:ScrambledEve","floor":14},{"not_picked":["Moonworks:MeltingMemories","Moonworks:Wanted"],"picked":"Moonworks:AnotherUltimateWeapon","floor":16},{"not_picked":["Moonworks:Heat300Percent+1","Moonworks:IntelligenceOfficer+1"],"picked":"Moonworks:NicePresent","floor":18},{"not_picked":["Moonworks:FullSpeedAlicianrone","Moonworks:Dinner"],"picked":"Moonworks:NicePresent","floor":19},{"not_picked":["Moonworks:RedAndBlue+1","Moonworks:MiracleRedBeanIceCream+1"],"picked":"Moonworks:ImOnFire","floor":21},{"not_picked":["Moonworks:JonathanRush","Moonworks:LulusLuckyEgg"],"picked":"Moonworks:NicePresent","floor":22},{"not_picked":["Moonworks:LulusLuckyEgg","Moonworks:DeployBits"],"picked":"Moonworks:GoAway","floor":23},{"not_picked":["Moonworks:DeployBits","Moonworks:IndiscriminateFireSupport+1","Moonworks:ImmovableObject+1"],"picked":"SKIP","floor":28},{"not_picked":["Moonworks:EvilSpyWorkPreparation","Moonworks:BindingChains","Moonworks:LulusLuckyEgg"],"picked":"SKIP","floor":29},{"not_picked":["Moonworks:Bloodlust","Moonworks:BeyondHell"],"picked":"Moonworks:NicePresent","floor":30},{"not_picked":["Moonworks:AngelHand+1","Moonworks:Dinner+1","Moonworks:StiffCrystal"],"picked":"SKIP","floor":31},{"not_picked":["Moonworks:AccelHyper","Moonworks:SinkOrSwim"],"picked":"Moonworks:GoAway","floor":33},{"not_picked":["Moonworks:RagingMadness","Moonworks:JonathanRush","Moonworks:IndiscriminateFireSupport"],"picked":"SKIP","floor":35}],"player_experience":108476,"relics_obtained":[{"floor":6,"key":"Orichalcum"},{"floor":9,"key":"jedi:crownofsimplicity"},{"floor":11,"key":"Pen Nib"},{"floor":29,"key":"PreservedInsect"},{"floor":31,"key":"halation:PrussianBluePaint"},{"floor":37,"key":"jedi:shrinkray"}],"event_choices":[{"damage_healed":0,"gold_gain":0,"player_choice":"Upgraded","damage_taken":0,"max_hp_gain":0,"max_hp_loss":0,"event_name":"Upgrade Shrine","floor":20,"gold_loss":0,"cards_upgraded":["Moonworks:AnotherUltimateWeapon"]},{"damage_healed":0,"gold_gain":0,"player_choice":"Copied","damage_taken":0,"max_hp_gain":0,"max_hp_loss":0,"event_name":"Duplicator","floor":24,"gold_loss":0,"cards_obtained":["Moonworks:AnotherUltimateWeapon"]},{"damage_healed":0,"gold_gain":0,"player_choice":"Leave","damage_taken":0,"max_hp_gain":0,"max_hp_loss":0,"event_name":"conspire:Investor","floor":36,"gold_loss":0}],"is_beta":false,"boss_relics":[{"not_picked":["Tiny House","hubris:TerracottaHorce"],"picked":"bronze:MakeshiftBattery"},{"not_picked":["hubris:HollowSoul","halation:PlatinumPhoenix"],"picked":"halation:SmartPhone"}],"items_purged_floors":[],"is_endless":false,"potions_floor_spawned":[4,5,10,11,16,18,21,22,28,31,33,35],"killed_by":"Nightmare","ascension_level":0}}