{"host":"zksvs3x2ysy9npnz","time":1613268544,"event":{"mods":["Aspiration","BaseMod","Beaked The Cultist","BetterRewards","Clockwork Mod","Colored Map","Conspire","Downfall","Halation","Highlight Path","Hubris","Infinite Spire","Jedi Mod","Magitek Elite","Minty Spire (QoL Compilation)","Permanent Neow","Quick Restart","Relic Stats","Shop Mod","StSLib","The Runesmith","The Witch"],"gold_per_floor":[114,124,139,157,174,174,200,200,200,107,121,121,132,146,146,224,224,241,241,241,261,272,272,286,286,286],"floor_reached":25,"language":"FRA","playtime":1683,"items_purged":[],"score":355,"play_id":"b4b7d827-d8a1-415e-94ed-13d934550bca","local_time":"20210214030904","is_ascension_mode":true,"campfire_choices":[{"data":"Runesmith:Fortify","floor":6,"key":"SMITH"},{"data":"Runesmith:Empowerment","floor":12,"key":"SMITH"},{"data":"Runesmith:Firestorm","floor":15,"key":"SMITH"},{"floor":23,"key":"REST"}],"circlet_count":0,"master_deck":["AscendersBane","Runesmith:Strike_RS","Runesmith:Strike_RS","Runesmith:Strike_RS","Runesmith:Strike_RS","Runesmith:Defend_RS","Runesmith:Defend_RS","Runesmith:Defend_RS","Runesmith:Defend_RS","Runesmith:CraftFirestone+1","Runesmith:Fortify+1","Runesmith:StaticCage","Runesmith:EarthShield","Runesmith:CraftVitae","Runesmith:CraftProtectio","infinitespire:Gouge","Runesmith:Empowerment+1","Runesmith:NegativeSpace","Runesmith:Firestorm+1","Runesmith:CreatorForm","Runesmith:ReplicatingBarrier","Runesmith:Grindstone"],"relics":["Runesmith:BrokenRuby","jedi:bottledfury","infinitespire:Joker Card","jedi:arcanewood","Runic Dome","MutagenicStrength","hubris:Towel"],"acts_visited":["Exordium","TheCity"],"potions_floor_usage":[],"damage_taken":[{"damage":0,"enemies":"Small Slimes","floor":1,"turns":4},{"damage":0,"enemies":"Cultist","floor":2,"turns":5},{"damage":0,"enemies":"2 Louse","floor":3,"turns":4},{"damage":0,"enemies":"Blue Slaver","floor":4,"turns":5},{"damage":5,"enemies":"Large Slime","floor":5,"turns":9},{"damage":7,"enemies":"Lagavulin","floor":7,"turns":9},{"damage":0,"enemies":"2 Fungi Beasts","floor":11,"turns":4},{"damage":0,"enemies":"Exordium Thugs","floor":13,"turns":5},{"damage":4,"enemies":"3 Louse","floor":14,"turns":5},{"damage":17,"enemies":"The Guardian","floor":16,"turns":12},{"damage":5,"enemies":"Chosen","floor":18,"turns":7},{"damage":24,"enemies":"conspire:FuzzyDice","floor":21,"turns":7},{"damage":8,"enemies":"Centurion and Healer","floor":22,"turns":8},{"damage":9,"enemies":"Snecko","floor":24,"turns":10},{"damage":32,"enemies":"Gremlin Leader","floor":25,"turns":2}],"seed_played":"-4123512209506609468","potions_obtained":[{"floor":4,"key":"jedi:holywater"},{"floor":5,"key":"Weak Potion"}],"is_trial":false,"path_per_floor":["M","M","M","M","M","R","E","?","T","?","M","R","M","M","R","B",null,"M","?","?","M","M","R","M","E"],"character_chosen":"RUNESMITH_CLASS","items_purchased":[],"campfire_rested":1,"item_purchase_floors":[],"current_hp_per_floor":[59,59,59,59,54,54,47,41,41,41,41,41,41,37,37,20,55,50,50,50,26,18,37,28,0,0],"gold":286,"neow_bonus":"UPGRADE_CARD","is_daily":false,"chose_seed":false,"campfire_upgraded":3,"win_rate":0.0,"timestamp":1613268544,"path_taken":["M","M","M","M","M","R","E","?","T","?","M","R","?","M","R","BOSS","M","?","?","M","?","R","M","E"],"items_purchased_type":[],"build_version":"2020-12-22","purchased_purges":0,"victory":false,"max_hp_per_floor":[66,66,66,66,66,66,66,66,66,66,66,66,66,66,66,66,66,66,66,66,66,66,66,66,66,66],"relic_stats":{"counters":[15,96],"obtain_stats":[{"Runic Dome":17,"Runesmith:BrokenRuby":0,"MutagenicStrength":19,"infinitespire:Joker Card":9,"jedi:bottledfury":7,"hubris:Towel":20,"jedi:arcanewood":10},{"Runic Dome":10,"Runesmith:BrokenRuby":0,"MutagenicStrength":11,"infinitespire:Joker Card":6,"jedi:bottledfury":6,"hubris:Towel":11,"jedi:arcanewood":6},{"Runic Dome":62,"Runesmith:BrokenRuby":0,"MutagenicStrength":69,"infinitespire:Joker Card":36,"jedi:bottledfury":36,"hubris:Towel":69,"jedi:arcanewood":36}]},"card_choices":[{"not_picked":["Runesmith:HeatExchange","Runesmith:HeatedChisel"],"picked":"Runesmith:StaticCage","floor":1},{"not_picked":["Runesmith:Overpower","Runesmith:ElementalConversion"],"picked":"Runesmith:EarthShield","floor":2},{"not_picked":["Runesmith:RuneHurl","Runesmith:Repurpose"],"picked":"Runesmith:CraftVitae","floor":3},{"not_picked":["Runesmith:HammerThrow","Runesmith:ShiftingStrike","Runesmith:HeatExchange"],"picked":"SKIP","floor":4},{"not_picked":["Runesmith:EarthShield","Runesmith:ShiftingStrike"],"picked":"Runesmith:CraftProtectio","floor":5},{"not_picked":["Runesmith:Repurpose","Runesmith:LightningRod","Runesmith:ChiselStab"],"picked":"SKIP","floor":7},{"not_picked":["hubris:Fate","infinitespire:SealOfDarkness+"],"picked":"infinitespire:Gouge","floor":8},{"not_picked":["Runesmith:CraftMagma","Runesmith:HeatedChisel"],"picked":"Runesmith:Empowerment","floor":11},{"not_picked":["Runesmith:HammerAndChisel","Runesmith:HeatedChisel"],"picked":"Runesmith:NegativeSpace","floor":13},{"not_picked":["Runesmith:Discharge","Runesmith:Electrocute"],"picked":"Runesmith:Firestorm","floor":14},{"not_picked":["Runesmith:GrandSlam","Runesmith:FissionHammer"],"picked":"Runesmith:CreatorForm","floor":16},{"not_picked":["Runesmith:RuneHurl","Runesmith:Retool","Runesmith:Firestorm"],"picked":"SKIP","floor":18},{"not_picked":["Runesmith:FrozenChisel","Runesmith:ShiftingStrike","Runesmith:ChaoticBlast+1"],"picked":"SKIP","floor":21},{"not_picked":["Runesmith:CraftProtectio","Runesmith:Repurpose"],"picked":"Runesmith:ReplicatingBarrier","floor":22},{"not_picked":["Runesmith:Superposition","Runesmith:HammerThrow"],"picked":"Runesmith:Grindstone","floor":24}],"player_experience":1901537,"relics_obtained":[{"floor":7,"key":"jedi:bottledfury"},{"floor":9,"key":"infinitespire:Joker Card"}],"event_choices":[{"damage_healed":0,"gold_gain":0,"player_choice":"Paid Gold","damage_taken":0,"relics_obtained":["jedi:arcanewood"],"max_hp_gain":0,"max_hp_loss":0,"event_name":"WeMeetAgain","floor":10,"gold_loss":93},{"damage_healed":0,"gold_gain":0,"player_choice":"Inject Mutagens","damage_taken":0,"relics_obtained":["MutagenicStrength"],"max_hp_gain":0,"max_hp_loss":0,"event_name":"Drug Dealer","floor":19,"gold_loss":0}],"is_beta":false,"boss_relics":[{"not_picked":["halation:LoveArrow","halation:MonkeysPaw"],"picked":"Runic Dome"}],"items_purged_floors":[],"is_endless":false,"potions_floor_spawned":[4,5,13,16,18,21,24],"killed_by":"Gremlin Leader","ascension_level":14}}