{"host":"cpsutu8lprjuipd6","time":1613280323,"event":{"mods":["BaseMod","Colored Map","Minty Spire (QoL Compilation)","Permanent Neow","StSLib","SuperFastMode","The Bug Knight","Together in Spire"],"gold_per_floor":[110,285,285,297,42,74,93,128,154,154,154,22,53,72,72,173,173,169,200,0,20,30,62,62,76,76,92,92,15,25,45,45,150,150,164,183,193,193,15,41,51,51,75,85,104,117,143,143,143,143,143],"floor_reached":50,"language":"KOR","playtime":1517,"items_purged":["Defend_P"],"score":746,"play_id":"4bc037aa-5d78-4ae5-a192-bccfc4482d16","local_time":"20210214142523","is_ascension_mode":false,"campfire_choices":[{"data":"Eruption","floor":11,"key":"SMITH"},{"data":"Dramatic Entrance","floor":15,"key":"SMITH"},{"data":"Enlightenment","floor":24,"key":"SMITH"},{"data":"Tantrum","floor":28,"key":"SMITH"},{"data":"CutThroughFate","floor":32,"key":"SMITH"},{"data":"Tantrum","floor":42,"key":"SMITH"},{"data":"Consecrate","floor":49,"key":"SMITH"}],"circlet_count":0,"master_deck":["Strike_P","Strike_P","Defend_P","Eruption+1","Vigilance","Doubt","EmptyFist","Weave","FollowUp","FollowUp","ClearTheMind","FlurryOfBlows","Dramatic Entrance+1","WreathOfFlame","BowlingBash","Crescendo","Scrawl","Tantrum+1","Halt","EmptyFist","Enlightenment+1","SashWhip","CutThroughFate+1","Tantrum+1","Crescendo","JustLucky+1","EmptyFist","Consecrate+1","Brilliance","WheelKick+1","Conclude+1","CutThroughFate","FollowUp","Crescendo+1","Tantrum+1","FlyingSleeves+1","SashWhip+1","FlurryOfBlows+1","Consecrate+1"],"relics":["Snecko Eye","Omamori","Membership Card","PreservedInsect","Ornamental Fan","Ancient Tea Set","Potion Belt","Unceasing Top","Empty Cage","Red Mask","Eternal Feather","Oddly Smooth Stone","Pantograph","Vajra","Calling Bell","Anchor","Matryoshka","Bird Faced Urn","FossilizedHelix","Dream Catcher","HollowMod:StagPassRelic","Toy Ornithopter","Strawberry"],"acts_visited":["Exordium","TheCity","TheBeyond"],"potions_floor_usage":[22,23,23,30,33,45,50,50,50],"damage_taken":[{"damage":0,"enemies":"2 Louse","floor":1,"turns":1},{"damage":0,"enemies":"Cultist","floor":4,"turns":1},{"damage":0,"enemies":"Lagavulin","floor":6,"turns":1},{"damage":0,"enemies":"Small Slimes","floor":7,"turns":1},{"damage":4,"enemies":"3 Sentries","floor":8,"turns":3},{"damage":0,"enemies":"Gremlin Nob","floor":13,"turns":1},{"damage":0,"enemies":"Exordium Thugs","floor":14,"turns":2},{"damage":0,"enemies":"The Guardian","floor":16,"turns":1},{"damage":7,"enemies":"2 Thieves","floor":18,"turns":2},{"damage":0,"enemies":"Masked Bandits","floor":19,"turns":2},{"damage":0,"enemies":"3 Byrds","floor":21,"turns":1},{"damage":0,"enemies":"Centurion and Healer","floor":22,"turns":1},{"damage":0,"enemies":"Book of Stabbing","floor":23,"turns":1},{"damage":0,"enemies":"Cultist and Chosen","floor":25,"turns":1},{"damage":0,"enemies":"Chosen and Byrds","floor":27,"turns":1},{"damage":0,"enemies":"Snecko","floor":30,"turns":1},{"damage":0,"enemies":"Shelled Parasite and Fungi","floor":31,"turns":1},{"damage":14,"enemies":"Automaton","floor":33,"turns":5},{"damage":0,"enemies":"3 Darklings","floor":35,"turns":1},{"damage":0,"enemies":"Orb Walker","floor":36,"turns":2},{"damage":0,"enemies":"Spire Growth","floor":37,"turns":2},{"damage":0,"enemies":"HollowMod:StalkingDevout","floor":40,"turns":1},{"damage":0,"enemies":"4 Shapes","floor":41,"turns":1},{"damage":0,"enemies":"Sphere and 2 Shapes","floor":44,"turns":1},{"damage":0,"enemies":"Writhing Mass","floor":45,"turns":2},{"damage":0,"enemies":"3 Darklings","floor":46,"turns":1},{"damage":0,"enemies":"Nemesis","floor":47,"turns":2},{"damage":87,"enemies":"Time Eater","floor":50,"turns":4}],"seed_played":"-4167745792083483968","potions_obtained":[{"floor":4,"key":"DistilledChaos"},{"floor":8,"key":"BottledMiracle"},{"floor":13,"key":"SkillPotion"},{"floor":14,"key":"Ancient Potion"},{"floor":19,"key":"AttackPotion"},{"floor":21,"key":"Ambrosia"},{"floor":23,"key":"Strength Potion"},{"floor":33,"key":"ColorlessPotion"},{"floor":35,"key":"DuplicationPotion"},{"floor":40,"key":"DuplicationPotion"},{"floor":41,"key":"SteroidPotion"}],"is_trial":false,"path_per_floor":["M","?","?","M","$","E","M","E","T","?","R","$","E","M","R","B",null,"M","?","$","M","M","E","R","M","T","M","R","$","M","M","R","B",null,"M","M","M","?","$","E","M","R","T","M","M","M","E","?","R","B"],"character_chosen":"WATCHER","items_purchased":["Membership Card","Weave","FollowUp","Dramatic Entrance","Potion Belt","WreathOfFlame","EmptyFist","Enlightenment","Eternal Feather","Vajra","FossilizedHelix","FollowUp"],"campfire_rested":0,"item_purchase_floors":[5,5,5,12,12,12,20,20,20,29,39,39],"current_hp_per_floor":[72,72,72,72,72,72,72,68,68,68,68,68,68,68,68,68,72,65,65,65,65,65,65,72,72,72,72,72,72,72,72,72,58,72,72,72,72,72,72,72,72,72,72,72,72,72,79,79,79,0,0],"gold":143,"neow_bonus":"BOSS_RELIC","is_daily":false,"chose_seed":false,"campfire_upgraded":7,"win_rate":0.0,"timestamp":1613280323,"path_taken":["M","?","?","M","$","E","?","E","T","?","R","?","E","M","R","BOSS","M","?","$","M","M","E","R","M","T","M","R","$","M","M","R","BOSS","M","M","M","?","$","E","?","R","T","M","M","M","E","?","R","BOSS"],"items_purchased_type":["Relic","Card","Card","Card","Relic","Card","Card","Card","Relic","Relic","Relic","Card"],"build_version":"2020-12-22","purchased_purges":1,"victory":false,"max_hp_per_floor":[72,72,72,72,72,72,72,72,72,72,72,72,72,72,72,72,72,72,72,72,72,72,72,72,72,72,72,72,72,72,72,72,72,72,72,72,72,72,72,72,72,72,72,72,72,72,79,79,79,79,79],"card_choices":[{"not_picked":["FollowUp","BattleHymn"],"picked":"CutThroughFate","floor":1},{"not_picked":["BattleHymn","CutThroughFate"],"picked":"EmptyFist","floor":4},{"not_picked":["ReachHeaven","DeusExMachina"],"picked":"FollowUp","floor":6},{"not_picked":["Perseverance","Study"],"picked":"ClearTheMind","floor":7},{"not_picked":["Prostrate","FearNoEvil"],"picked":"FlurryOfBlows","floor":8},{"not_picked":["CarveReality","CutThroughFate"],"picked":"BowlingBash","floor":13},{"not_picked":["BowlingBash","EmptyFist"],"picked":"Crescendo","floor":14},{"not_picked":["Alpha","ConjureBlade"],"picked":"Scrawl","floor":16},{"not_picked":["BowlingBash","DeceiveReality"],"picked":"Tantrum+1","floor":18},{"not_picked":["DeceiveReality","WaveOfTheHand"],"picked":"Halt","floor":19},{"not_picked":["DeceiveReality","Fasting2"],"picked":"SashWhip","floor":21},{"not_picked":["PathToVictory","ReachHeaven"],"picked":"CutThroughFate","floor":22},{"not_picked":["JustLucky","FollowUp+1"],"picked":"Tantrum","floor":23},{"not_picked":["SandsOfTime","Wireheading"],"picked":"Crescendo","floor":25},{"not_picked":["Scrawl","SignatureMove"],"picked":"JustLucky+1","floor":27},{"not_picked":["DeceiveReality+1","Nirvana"],"picked":"EmptyFist","floor":30},{"not_picked":["EmptyMind","Nirvana"],"picked":"Consecrate","floor":31},{"not_picked":["Blasphemy","DeusExMachina"],"picked":"Brilliance","floor":33},{"not_picked":["Protect+1","BowlingBash"],"picked":"WheelKick+1","floor":35},{"not_picked":["JustLucky","Nirvana"],"picked":"Conclude+1","floor":36},{"not_picked":["Halt+1","Evaluate"],"picked":"CutThroughFate","floor":37},{"not_picked":["Collect+1","Wireheading"],"picked":"Crescendo+1","floor":40},{"not_picked":["SpiritShield","SignatureMove+1"],"picked":"Tantrum","floor":41},{"not_picked":["JustLucky+1","TalkToTheHand+1"],"picked":"FlyingSleeves+1","floor":44},{"not_picked":["SignatureMove","JustLucky"],"picked":"SashWhip+1","floor":45},{"not_picked":["Wish","EmptyMind+1"],"picked":"FlurryOfBlows+1","floor":46},{"not_picked":["Weave","Evaluate"],"picked":"Consecrate","floor":47}],"player_experience":43434,"relics_obtained":[{"floor":6,"key":"PreservedInsect"},{"floor":8,"key":"Ornamental Fan"},{"floor":9,"key":"Ancient Tea Set"},{"floor":13,"key":"Unceasing Top"},{"floor":19,"key":"Red Mask"},{"floor":23,"key":"Oddly Smooth Stone"},{"floor":26,"key":"Pantograph"},{"floor":34,"key":"Anchor"},{"floor":34,"key":"Matryoshka"},{"floor":34,"key":"Bird Faced Urn"},{"floor":40,"key":"Dream Catcher"},{"floor":43,"key":"HollowMod:StagPassRelic"},{"floor":43,"key":"Toy Ornithopter"},{"floor":47,"key":"Strawberry"}],"event_choices":[{"damage_healed":0,"gold_gain":175,"player_choice":"AGREE","damage_taken":0,"max_hp_gain":0,"max_hp_loss":0,"event_name":"Liars Game","floor":2,"gold_loss":0,"cards_obtained":["Doubt"]},{"cards_removed":["CutThroughFate"],"damage_healed":0,"gold_gain":0,"player_choice":"Gave Card","damage_taken":0,"relics_obtained":["Omamori"],"max_hp_gain":0,"max_hp_loss":0,"event_name":"WeMeetAgain","floor":3,"gold_loss":0},{"cards_removed":["Strike_P"],"damage_healed":0,"gold_gain":0,"player_choice":"Purged","damage_taken":0,"max_hp_gain":0,"max_hp_loss":0,"event_name":"Purifier","floor":10,"gold_loss":0},{"damage_healed":0,"gold_gain":0,"player_choice":"Fought Bandits","damage_taken":0,"max_hp_gain":0,"max_hp_loss":0,"event_name":"Masked Bandits","floor":19,"gold_loss":0},{"cards_removed":["Defend_P"],"damage_healed":0,"gold_gain":0,"player_choice":"Offered Basic","damage_taken":0,"max_hp_gain":0,"max_hp_loss":0,"event_name":"Bonfire Elementals","floor":38,"gold_loss":0},{"damage_healed":0,"gold_gain":0,"player_choice":"Forge","damage_taken":0,"max_hp_gain":0,"max_hp_loss":0,"event_name":"Accursed Blacksmith","floor":48,"gold_loss":0,"cards_upgraded":["Consecrate"]}],"is_beta":false,"boss_relics":[{"not_picked":["Runic Pyramid","Philosopher\u0027s Stone"],"picked":"Empty Cage"},{"not_picked":["SacredBark","Busted Crown"],"picked":"Calling Bell"}],"items_purged_floors":[5],"is_endless":false,"potions_floor_spawned":[4,8,13,14,19,21,23,33,35,40,41],"killed_by":"Time Eater","ascension_level":0}}