{"host":"0mhttqdumuceah7q","time":1613287861,"event":{"mods":["AchievementEnabler","BaseMod","Colored Map","DeckTracker","Minty Spire (QoL Compilation)","Permanent Neow"],"gold_per_floor":[115,133,144,156,156,156,168,181,208,208,238,238,257,269,269,367,367,383,400,412,412,432,465,479,479,529,21,35,35,52,82,82,177,177,189,203,253,253,0,0,0,0,0,15,32,48,61,80,80,80,80],"floor_reached":50,"language":"KOR","playtime":3654,"items_purged":["Defend_P"],"score":594,"play_id":"2e2d5d04-b9cb-407b-be1c-b76824aa654e","local_time":"20210214163101","is_ascension_mode":false,"campfire_choices":[{"data":"WindmillStrike","floor":6,"key":"SMITH"},{"data":"ClearTheMind","floor":12,"key":"SMITH"},{"data":"EmptyFist","floor":15,"key":"SMITH"},{"floor":25,"key":"REST"},{"floor":32,"key":"REST"},{"floor":40,"key":"REST"},{"data":"Blasphemy","floor":42,"key":"SMITH"},{"floor":49,"key":"REST"}],"circlet_count":0,"master_deck":["Strike_P","Strike_P","Strike_P+1","Eruption+1","Vigilance","Vengeance+1","ThirdEye+1","Perseverance+1","SashWhip","WindmillStrike+1","ReachHeaven","Wallop","ClearTheMind+1","WaveOfTheHand","EmptyFist+1","Halt","CutThroughFate","Establishment","FlurryOfBlows+1","SashWhip","WindmillStrike+1","BowlingBash+1","FollowUp","Apotheosis","Consecrate","FlyingSleeves+1","FearNoEvil","Blasphemy+1","Fasting2+1","Consecrate+1","FlurryOfBlows+1","FearNoEvil","Eruption","FlyingSleeves+1","EmptyBody+1"],"relics":["Astrolabe","Lantern","HornCleat","SlaversCollar","Potion Belt","Omamori","White Beast Statue","Bag of Marbles","Philosopher\u0027s Stone","Pocketwatch","Red Mask","Ornamental Fan"],"acts_visited":["Exordium","TheCity","TheBeyond"],"potions_floor_usage":[4,7,11,16,20,23,23,23,24,30,31,31,33,33,33,33,35,36,37,45,46,50,50,50,50,50],"damage_taken":[{"damage":0,"enemies":"Jaw Worm","floor":1,"turns":3},{"damage":0,"enemies":"Cultist","floor":2,"turns":2},{"damage":0,"enemies":"Small Slimes","floor":3,"turns":2},{"damage":8,"enemies":"Exordium Thugs","floor":4,"turns":4},{"damage":0,"enemies":"Looter","floor":7,"turns":2},{"damage":3,"enemies":"2 Fungi Beasts","floor":8,"turns":3},{"damage":6,"enemies":"Gremlin Nob","floor":11,"turns":3},{"damage":0,"enemies":"Large Slime","floor":13,"turns":3},{"damage":0,"enemies":"3 Louse","floor":14,"turns":3},{"damage":8,"enemies":"Hexaghost","floor":16,"turns":7},{"damage":2,"enemies":"Chosen","floor":18,"turns":4},{"damage":8,"enemies":"3 Byrds","floor":19,"turns":6},{"damage":25,"enemies":"3 Cultists","floor":20,"turns":5},{"damage":0,"enemies":"Sentry and Sphere","floor":22,"turns":2},{"damage":0,"enemies":"Gremlin Leader","floor":23,"turns":5},{"damage":19,"enemies":"Snake Plant","floor":24,"turns":5},{"damage":12,"enemies":"Centurion and Healer","floor":28,"turns":3},{"damage":20,"enemies":"Shelled Parasite and Fungi","floor":30,"turns":6},{"damage":2,"enemies":"Slavers","floor":31,"turns":4},{"damage":0,"enemies":"Champ","floor":33,"turns":6},{"damage":19,"enemies":"3 Shapes","floor":35,"turns":3},{"damage":32,"enemies":"3 Darklings","floor":36,"turns":5},{"damage":0,"enemies":"Mind Bloom Boss Battle","floor":37,"turns":2},{"damage":3,"enemies":"Spire Growth","floor":44,"turns":3},{"damage":7,"enemies":"4 Shapes","floor":45,"turns":4},{"damage":0,"enemies":"Sphere and 2 Shapes","floor":46,"turns":3},{"damage":0,"enemies":"Maw","floor":47,"turns":4},{"damage":9,"enemies":"Spire Growth","floor":48,"turns":3},{"damage":70,"enemies":"Awakened One","floor":50,"turns":7}],"seed_played":"-2233713978662134897","potions_obtained":[{"floor":1,"key":"Block Potion"},{"floor":2,"key":"Energy Potion"},{"floor":8,"key":"Weak Potion"},{"floor":13,"key":"GamblersBrew"},{"floor":14,"key":"Dexterity Potion"},{"floor":19,"key":"Block Potion"},{"floor":21,"key":"Strength Potion"},{"floor":21,"key":"Fire Potion"},{"floor":21,"key":"Block Potion"},{"floor":23,"key":"Weak Potion"},{"floor":28,"key":"StancePotion"},{"floor":30,"key":"Swift Potion"},{"floor":31,"key":"EntropicBrew"},{"floor":33,"key":"Swift Potion"},{"floor":35,"key":"PowerPotion"},{"floor":36,"key":"LiquidBronze"},{"floor":37,"key":"LiquidBronze"},{"floor":44,"key":"BlessingOfTheForge"},{"floor":45,"key":"Regen Potion"},{"floor":46,"key":"LiquidBronze"},{"floor":47,"key":"LiquidBronze"},{"floor":48,"key":"Weak Potion"}],"is_trial":false,"path_per_floor":["M","M","M","M","?","R","M","M","T","?","E","R","M","M","R","B",null,"M","M","M","?","M","E","M","R","T","$","M","$","M","E","R","B",null,"M","M","?","?","?","R","?","R","T","M","M","M","M","M","R","B"],"character_chosen":"WATCHER","items_purchased":["White Beast Statue","Apotheosis"],"campfire_rested":4,"item_purchase_floors":[27,27],"current_hp_per_floor":[72,72,72,64,50,50,50,47,47,47,41,41,41,41,41,33,72,70,62,37,37,37,37,18,39,39,39,27,27,7,5,26,26,72,53,21,21,21,21,41,41,41,41,38,31,40,40,31,51,0,0],"gold":80,"neow_bonus":"BOSS_RELIC","is_daily":false,"chose_seed":false,"campfire_upgraded":4,"win_rate":0.0,"timestamp":1613287861,"path_taken":["M","M","M","M","?","R","M","M","T","?","E","R","M","M","R","BOSS","M","M","?","?","M","E","M","R","T","$","M","?","M","E","R","BOSS","M","M","?","?","?","R","?","R","T","M","M","M","?","M","R","BOSS"],"items_purchased_type":["Relic","Card"],"build_version":"2020-12-22","purchased_purges":1,"victory":false,"max_hp_per_floor":[72,72,72,72,72,72,72,72,72,72,72,72,72,72,72,72,72,72,72,72,72,72,72,72,72,72,72,72,72,72,72,72,72,72,72,72,72,68,68,68,68,68,68,68,68,68,68,68,68,68,68],"card_choices":[{"not_picked":["Worship","CutThroughFate"],"picked":"SashWhip","floor":1},{"not_picked":["ThirdEye","Prostrate"],"picked":"WindmillStrike","floor":2},{"not_picked":["Crescendo","DeceiveReality"],"picked":"ReachHeaven","floor":3},{"not_picked":["EmptyBody","SandsOfTime"],"picked":"Wallop","floor":4},{"not_picked":["WreathOfFlame","Nirvana"],"picked":"ClearTheMind","floor":7},{"not_picked":["JustLucky","ThirdEye","Worship"],"picked":"SKIP","floor":8},{"not_picked":["Consecrate","LessonLearned"],"picked":"EmptyFist","floor":11},{"not_picked":["Tantrum","Weave"],"picked":"Halt","floor":13},{"not_picked":["Protect","Weave"],"picked":"CutThroughFate","floor":14},{"not_picked":["Devotion","Omniscience"],"picked":"Establishment","floor":16},{"not_picked":["EmptyFist","CrushJoints"],"picked":"FlurryOfBlows+1","floor":18},{"not_picked":["Study","WreathOfFlame"],"picked":"SashWhip","floor":19},{"not_picked":["Pray","SashWhip","Meditate"],"picked":"SKIP","floor":20},{"not_picked":["Pray","EmptyMind"],"picked":"WindmillStrike+1","floor":22},{"not_picked":["WindmillStrike","Meditate"],"picked":"BowlingBash+1","floor":23},{"not_picked":["DeceiveReality+1","CutThroughFate"],"picked":"FollowUp","floor":24},{"not_picked":["DevaForm","WindmillStrike"],"picked":"Consecrate","floor":28},{"not_picked":["PathToVictory","SashWhip"],"picked":"FlyingSleeves+1","floor":30},{"not_picked":["Consecrate","Meditate"],"picked":"FearNoEvil","floor":31},{"not_picked":["ConjureBlade","MasterReality"],"picked":"Blasphemy","floor":33},{"not_picked":["CutThroughFate+1","EmptyBody"],"picked":"Fasting2+1","floor":35},{"not_picked":["SashWhip","Vengeance"],"picked":"Consecrate+1","floor":36},{"not_picked":["FlyingSleeves+1","Halt+1"],"picked":"FlurryOfBlows+1","floor":37},{"not_picked":["CutThroughFate+1","Crescendo+1","Evaluate"],"picked":"SKIP","floor":44},{"not_picked":["WheelKick+1","Prostrate","FlyingSleeves"],"picked":"SKIP","floor":45},{"not_picked":["SandsOfTime","Sanctity+1"],"picked":"FlyingSleeves+1","floor":46},{"not_picked":["ReachHeaven","FlurryOfBlows","Halt+1"],"picked":"SKIP","floor":47},{"not_picked":["SignatureMove","ClearTheMind+1"],"picked":"EmptyBody+1","floor":48}],"player_experience":61653,"relics_obtained":[{"floor":9,"key":"Lantern"},{"floor":11,"key":"HornCleat"},{"floor":23,"key":"Potion Belt"},{"floor":26,"key":"Omamori"},{"floor":31,"key":"Bag of Marbles"},{"floor":37,"key":"Pocketwatch"},{"floor":43,"key":"Ornamental Fan"}],"event_choices":[{"damage_healed":0,"gold_gain":0,"player_choice":"Entered Light","damage_taken":14,"max_hp_gain":0,"max_hp_loss":0,"event_name":"Shining Light","floor":5,"gold_loss":0,"cards_upgraded":["Eruption","Strike_P"]},{"damage_healed":0,"gold_gain":0,"cards_transformed":["Strike_P"],"player_choice":"Transformed","damage_taken":0,"max_hp_gain":0,"max_hp_loss":0,"event_name":"Transmorgrifier","floor":10,"gold_loss":0,"cards_obtained":["WaveOfTheHand"]},{"damage_healed":0,"gold_gain":0,"player_choice":"Got Potions","damage_taken":0,"max_hp_gain":0,"max_hp_loss":0,"event_name":"Lab","floor":21,"gold_loss":0},{"damage_healed":0,"gold_gain":0,"player_choice":"Fight","damage_taken":0,"max_hp_gain":0,"max_hp_loss":0,"event_name":"MindBloom","floor":37,"gold_loss":0},{"damage_healed":0,"gold_gain":0,"player_choice":"Max HP","damage_taken":0,"max_hp_gain":0,"max_hp_loss":4,"event_name":"Winding Halls","floor":38,"gold_loss":0},{"damage_healed":0,"gold_gain":0,"player_choice":"Paid","damage_taken":0,"relics_obtained":["Red Mask"],"max_hp_gain":0,"max_hp_loss":0,"event_name":"Tomb of Lord Red Mask","floor":39,"gold_loss":253},{"damage_healed":0,"gold_gain":0,"player_choice":"2 cards matched","damage_taken":0,"max_hp_gain":0,"max_hp_loss":0,"event_name":"Match and Keep!","floor":41,"gold_loss":0,"cards_obtained":["FearNoEvil","Eruption"]}],"is_beta":false,"boss_relics":[{"not_picked":["SacredBark","Coffee Dripper"],"picked":"SlaversCollar"},{"not_picked":["Tiny House","Busted Crown"],"picked":"Philosopher\u0027s Stone"}],"items_purged_floors":[27],"is_endless":false,"potions_floor_spawned":[1,2,8,13,14,19,23,28,30,31,33,35,36,37,44,45,46,47,48],"killed_by":"Awakened One","ascension_level":0}}