{"host":"b6kqr6ulwax9qd8q","time":1613271202,"event":{"mods":["BaseMod","Minty Spire (QoL Compilation)"],"gold_per_floor":[117,117,117,136,211,242,242,275,275,291,291,330,330,344,344,473,473,488,512,528,218,242,242,242,242,289,305,305,320,320,360,360,483,483,508,508,522,885,899,899,600,600,600,59,97,111,53,87,87,87],"floor_reached":51,"language":"ENG","playtime":3960,"items_purged":["Strike_G","Deadly Poison"],"score":1095,"play_id":"16af6a64-ddff-4204-9300-367ee87278f8","local_time":"20210213215322","is_ascension_mode":true,"campfire_choices":[{"data":"Footwork","floor":7,"key":"SMITH"},{"data":"Neutralize","floor":11,"key":"SMITH"},{"floor":15,"key":"REST"},{"floor":23,"key":"REST"},{"floor":25,"key":"REST"},{"floor":28,"key":"REST"},{"data":"Blade Dance","floor":30,"key":"SMITH"},{"data":"Accuracy","floor":32,"key":"SMITH"},{"floor":40,"key":"REST"},{"data":"Footwork","floor":42,"key":"SMITH"},{"data":"Accuracy","floor":49,"key":"SMITH"}],"circlet_count":0,"master_deck":["Strike_G","Strike_G","Strike_G","Defend_G","Defend_G","Defend_G","Defend_G","Defend_G","Survivor","Neutralize+1","Quick Slash","Well Laid Plans","Footwork+1","Glass Knife+1","Terror","Blade Dance+1","Venomology","Dagger Spray+1","Cloak And Dagger","Footwork+1","Accuracy+1","Backflip","Blur","Crippling Poison","Cloak And Dagger+1","PiercingWail+1","Cloak And Dagger+1","Accuracy+1","Accuracy+1"],"relics":["Ring of the Snake","NeowsBlessing","Golden Idol","Molten Egg 2","Singing Bowl","Lantern","Omamori","StoneCalendar","Cursed Key","MealTicket","Bag of Preparation","Art of War","Black Star","Old Coin","Bronze Scales","The Courier","Tough Bandages","Incense Burner","Toy Ornithopter","Eternal Feather","Mummified Hand","Meat on the Bone"],"acts_visited":["Exordium","TheCity","TheBeyond"],"potions_floor_usage":[12,16,16,19,20,20,22,24,24,24,31,31,33,33,37,38,38,39,39,45,45,46,50,50,50,50],"damage_taken":[{"damage":0,"enemies":"Jaw Worm","floor":1,"turns":1},{"damage":0,"enemies":"2 Louse","floor":4,"turns":1},{"damage":0,"enemies":"Gremlin Nob","floor":6,"turns":1},{"damage":29,"enemies":"Lagavulin","floor":8,"turns":8},{"damage":0,"enemies":"Cultist","floor":10,"turns":2},{"damage":5,"enemies":"Gremlin Nob","floor":12,"turns":4},{"damage":0,"enemies":"Looter","floor":14,"turns":2},{"damage":26,"enemies":"The Guardian","floor":16,"turns":9},{"damage":19,"enemies":"Shell Parasite","floor":18,"turns":4},{"damage":0,"enemies":"Chosen","floor":19,"turns":4},{"damage":20,"enemies":"Shelled Parasite and Fungi","floor":20,"turns":4},{"damage":0,"enemies":"Chosen and Byrds","floor":22,"turns":4},{"damage":17,"enemies":"Slavers","floor":24,"turns":2},{"damage":1,"enemies":"Snecko","floor":27,"turns":5},{"damage":3,"enemies":"3 Cultists","floor":29,"turns":5},{"damage":6,"enemies":"Book of Stabbing","floor":31,"turns":5},{"damage":39,"enemies":"Champ","floor":33,"turns":11},{"damage":28,"enemies":"3 Darklings","floor":35,"turns":7},{"damage":4,"enemies":"3 Shapes","floor":37,"turns":5},{"damage":2,"enemies":"Mind Bloom Boss Battle","floor":38,"turns":7},{"damage":3,"enemies":"Spire Growth","floor":39,"turns":4},{"damage":9,"enemies":"Nemesis","floor":45,"turns":7},{"damage":35,"enemies":"Writhing Mass","floor":46,"turns":6},{"damage":5,"enemies":"Giant Head","floor":48,"turns":7},{"damage":50,"enemies":"Time Eater","floor":50,"turns":12}],"seed_played":"-2331242813325322248","potions_obtained":[{"floor":1,"key":"EssenceOfSteel"},{"floor":10,"key":"GhostInAJar"},{"floor":12,"key":"Energy Potion"},{"floor":14,"key":"SkillPotion"},{"floor":16,"key":"EssenceOfSteel"},{"floor":19,"key":"CultistPotion"},{"floor":20,"key":"AttackPotion"},{"floor":27,"key":"SkillPotion"},{"floor":31,"key":"Swift Potion"},{"floor":35,"key":"SpeedPotion"},{"floor":38,"key":"Ancient Potion"},{"floor":46,"key":"Strength Potion"},{"floor":48,"key":"CunningPotion"}],"is_trial":false,"path_per_floor":["M","?","?","M","?","E","R","E","T","M","R","E","?","M","R","B",null,"M","M","M","$","M","R","E","R","T","M","R","M","R","E","R","B",null,"M","?","M","?","M","R","$","R","T","$","E","M","$","E","R","B",null],"character_chosen":"THE_SILENT","items_purchased":["Accuracy","MealTicket","Bronze Scales","Dexterity Potion","Tough Bandages","Incense Burner","DuplicationPotion","Accuracy"],"campfire_rested":5,"item_purchase_floors":[21,21,41,41,44,44,44,47],"current_hp_per_floor":[63,63,63,63,52,52,52,23,23,23,23,20,13,13,33,7,52,33,33,13,13,13,33,16,36,36,37,57,54,54,48,48,11,56,30,30,26,26,23,45,60,60,60,75,68,38,53,48,63,45],"gold":87,"neow_bonus":"THREE_ENEMY_KILL","is_daily":false,"chose_seed":false,"campfire_upgraded":6,"win_rate":0.0,"timestamp":1613271202,"path_taken":["M","?","?","?","?","E","R","E","T","M","R","E","?","M","R","BOSS","M","M","M","$","M","R","E","R","T","M","R","M","R","E","R","BOSS","M","?","M","?","M","R","$","R","T","?","E","M","$","E","R","BOSS"],"items_purchased_type":["Card","Relic","Relic","Potion","Relic","Relic","Potion","Card"],"build_version":"2020-12-22","purchased_purges":2,"victory":true,"max_hp_per_floor":[70,65,65,65,65,65,65,65,65,65,65,67,67,67,67,67,67,67,67,67,67,67,67,67,67,67,69,69,69,69,69,69,71,71,73,73,73,75,75,75,75,75,75,75,77,77,77,77,77,77],"card_choices":[{"not_picked":["Terror","Slice"],"picked":"Quick Slash","floor":1},{"not_picked":["Poisoned Stab","Reflex"],"picked":"Deadly Poison","floor":4},{"not_picked":["Bane+1","Dagger Throw+1"],"picked":"Footwork","floor":6},{"not_picked":["Heel Hook+1","Dash+1"],"picked":"Glass Knife+1","floor":8},{"not_picked":["Eviscerate+1","Calculated Gamble"],"picked":"Terror","floor":10},{"not_picked":["Setup","Infinite Blades","Prepared"],"picked":"Singing Bowl","floor":12},{"not_picked":["Endless Agony+1","Blur"],"picked":"Blade Dance","floor":14},{"not_picked":["Tools of the Trade","Bullet Time"],"picked":"Venomology","floor":16},{"not_picked":["Concentrate","Flechettes+1"],"picked":"Dagger Spray+1","floor":18},{"not_picked":["Bane+1","Eviscerate+1"],"picked":"Cloak And Dagger","floor":19},{"not_picked":["Bouncing Flask","Underhanded Strike+1"],"picked":"Footwork","floor":20},{"not_picked":["PiercingWail","Flying Knee+1"],"picked":"Backflip","floor":22},{"not_picked":["Bane+1","Dagger Spray+1","Deflect"],"picked":"Singing Bowl","floor":27},{"not_picked":["Reflex+1","Deadly Poison"],"picked":"Blur","floor":29},{"not_picked":["Setup","Acrobatics+1"],"picked":"Crippling Poison","floor":31},{"not_picked":["Storm of Steel","Malaise","Bullet Time"],"picked":"Singing Bowl","floor":33},{"not_picked":["Backflip","Dagger Throw+1","Calculated Gamble+1"],"picked":"Singing Bowl","floor":35},{"not_picked":["Riddle With Holes+1","Eviscerate+1"],"picked":"Cloak And Dagger+1","floor":37},{"not_picked":["Dagger Throw+1","Dodge and Roll","Flechettes+1"],"picked":"Singing Bowl","floor":38},{"not_picked":["Dodge and Roll+1","Crippling Poison+1"],"picked":"PiercingWail+1","floor":39},{"not_picked":["Expertise+1","Endless Agony+1","Caltrops"],"picked":"Singing Bowl","floor":45},{"not_picked":["Flying Knee+1","Acrobatics+1"],"picked":"Cloak And Dagger+1","floor":46},{"not_picked":["Outmaneuver+1","Noxious Fumes+1"],"picked":"Accuracy+1","floor":48}],"player_experience":588289,"relics_obtained":[{"floor":6,"key":"Molten Egg 2"},{"floor":8,"key":"Singing Bowl"},{"floor":9,"key":"Lantern"},{"floor":12,"key":"Omamori"},{"floor":26,"key":"Bag of Preparation"},{"floor":31,"key":"Art of War"},{"floor":38,"key":"Old Coin"},{"floor":43,"key":"The Courier"},{"floor":45,"key":"Toy Ornithopter"},{"floor":45,"key":"Eternal Feather"},{"floor":48,"key":"Mummified Hand"},{"floor":48,"key":"Meat on the Bone"}],"event_choices":[{"damage_healed":0,"gold_gain":0,"player_choice":"Lose Max HP","damage_taken":0,"relics_obtained":["Golden Idol"],"max_hp_gain":0,"max_hp_loss":5,"event_name":"Golden Idol","floor":2,"gold_loss":0},{"damage_healed":0,"gold_gain":0,"cards_transformed":["Strike_G"],"player_choice":"Transformed","damage_taken":0,"max_hp_gain":0,"max_hp_loss":0,"event_name":"Transmorgrifier","floor":3,"gold_loss":0,"cards_obtained":["Well Laid Plans"]},{"damage_healed":0,"gold_gain":75,"player_choice":"Gather Gold","damage_taken":11,"max_hp_gain":0,"max_hp_loss":0,"event_name":"World of Goop","floor":5,"gold_loss":0},{"damage_healed":0,"gold_gain":0,"player_choice":"Success","damage_taken":7,"relics_obtained":["StoneCalendar"],"max_hp_gain":0,"max_hp_loss":0,"event_name":"Scrap Ooze","floor":13,"gold_loss":0},{"damage_healed":0,"gold_gain":0,"player_choice":"Ignored","damage_taken":0,"max_hp_gain":0,"max_hp_loss":0,"event_name":"Mysterious Sphere","floor":36,"gold_loss":0},{"damage_healed":0,"gold_gain":0,"player_choice":"Fight","damage_taken":0,"max_hp_gain":0,"max_hp_loss":0,"event_name":"MindBloom","floor":38,"gold_loss":0}],"is_beta":false,"boss_relics":[{"not_picked":["Philosopher\u0027s Stone","Fusion Hammer"],"picked":"Cursed Key"},{"not_picked":["Runic Pyramid","Velvet Choker"],"picked":"Black Star"}],"items_purged_floors":[21,41],"is_endless":false,"potions_floor_spawned":[1,10,12,14,16,19,20,27,31,35,38,46,48],"ascension_level":9}}