{"host":"7j2n82b2zha9fuyn","time":1613274792,"event":{"mods":["BaseMod","Block Reminder","Minty Spire (QoL Compilation)","StSLib"],"gold_per_floor":[115,126,51,61,78,78,94,94,118,143,153,163,197,197,197,197,197],"floor_reached":16,"language":"ENG","playtime":1049,"items_purged":[],"score":222,"play_id":"4d9d3401-a7d9-46ce-a972-1afe395e3a6d","local_time":"20210213205312","is_ascension_mode":true,"campfire_choices":[{"data":"Melter","floor":6.0,"key":"SMITH"},{"data":"Undo","floor":8.0,"key":"SMITH"},{"floor":15,"key":"REST"}],"circlet_count":0,"master_deck":["AscendersBane","Strike_B","Strike_B","Strike_B","Defend_B","Defend_B","Defend_B","Defend_B","Zap","Dualcast","Melter+1","Compile Driver","Leap","Rebound","Undo+1","Undo","Beam Cell"],"relics":["Cracked Core","Omamori","Centennial Puzzle","Vajra"],"acts_visited":["Exordium"],"potions_floor_usage":[13],"damage_taken":[{"damage":6.0,"enemies":"Small Slimes","floor":1.0,"turns":3.0},{"damage":1.0,"enemies":"2 Louse","floor":2.0,"turns":2.0},{"damage":7.0,"enemies":"Jaw Worm","floor":4.0,"turns":3.0},{"damage":4.0,"enemies":"2 Fungi Beasts","floor":5.0,"turns":3.0},{"damage":6.0,"enemies":"Looter","floor":7.0,"turns":3.0},{"damage":12.0,"enemies":"3 Sentries","floor":10.0,"turns":9.0},{"damage":0.0,"enemies":"Red Slaver","floor":11.0,"turns":2.0},{"damage":8.0,"enemies":"2 Fungi Beasts","floor":12.0,"turns":3.0},{"damage":15,"enemies":"Lagavulin","floor":13,"turns":5},{"damage":41,"enemies":"Slime Boss","floor":16,"turns":7}],"seed_played":"2792240747176755944","potions_obtained":[{"floor":1.0,"key":"GamblersBrew"},{"floor":2.0,"key":"FearPotion"},{"floor":10.0,"key":"Ancient Potion"}],"is_trial":false,"path_per_floor":["M","M","?","M","M","R","M","R","T","E","M","M","E","?","R","B"],"character_chosen":"DEFECT","items_purchased":[],"campfire_rested":1,"item_purchase_floors":[],"current_hp_per_floor":[65,64,64,57,53,53,47,47,47,35,35,27,12,12,35,0,0],"gold":197,"neow_bonus":"TEN_PERCENT_HP_BONUS","is_daily":false,"chose_seed":false,"campfire_upgraded":2,"win_rate":0.0,"timestamp":1613274792,"path_taken":["M","M","?","M","M","R","M","R","T","E","M","M","E","?","R","BOSS"],"items_purchased_type":[],"build_version":"2020-12-22","purchased_purges":0,"victory":false,"max_hp_per_floor":[78,78,78,78,78,78,78,78,78,78,78,78,78,78,78,78,78],"card_choices":[{"not_picked":["Undo","Barrage"],"picked":"Melter","floor":1.0},{"not_picked":["Reprogram","Undo"],"picked":"Compile Driver","floor":2.0},{"not_picked":["White Noise","Lockon"],"picked":"Leap","floor":4.0},{"not_picked":["Barrage","Fusion"],"picked":"Rebound","floor":5.0},{"not_picked":["Rebound","Coolheaded"],"picked":"Undo","floor":7.0},{"not_picked":["Rebound","Redo","Blizzard"],"picked":"SKIP","floor":10.0},{"not_picked":["Barrage","Streamline","Defragment"],"picked":"SKIP","floor":11.0},{"not_picked":["Conserve Battery","Go for the Eyes"],"picked":"Undo","floor":12.0},{"not_picked":["Leap","Sunder"],"picked":"Beam Cell","floor":13}],"player_experience":2048250,"relics_obtained":[{"floor":9.0,"key":"Omamori"},{"floor":10.0,"key":"Centennial Puzzle"},{"floor":13,"key":"Vajra"}],"event_choices":[{"cards_removed":["Strike_B"],"damage_healed":0.0,"max_hp_gain":0.0,"max_hp_loss":0.0,"gold_gain":0.0,"event_name":"The Cleric","player_choice":"Card Removal","floor":3.0,"gold_loss":75.0,"damage_taken":0.0},{"damage_healed":0,"gold_gain":0,"player_choice":"Ignored","damage_taken":0,"max_hp_gain":0,"max_hp_loss":0,"event_name":"Liars Game","floor":14,"gold_loss":0}],"is_beta":false,"boss_relics":[],"items_purged_floors":[],"is_endless":false,"potions_floor_spawned":[1,2,4,10],"killed_by":"Slime Boss","ascension_level":19}}