{"host":"djoj10dqzzvtkauc","time":1613309473,"event":{"mods":["2.2 Compatiblity","BaseMod","Colored Map","DeckTracker","Highlight Path","Keyboard Shortcuts","Marisa£¨Ùöéë¡¡Øª×âÞÞ£©","Minty Spire (QoL Compilation)","Permanent Neow","Quick Restart","Random Character Button","StSLib","SuperFastMode","everything is the same but u backflip on backflip"],"gold_per_floor":[112,123,134,150,16,16,16,16,16,48,48,48,63,76,76,149,149,167,167,6,17,44,44,56,90,113,148,148,148,180,43,43,119,119,136,136,36,36,36,66,66,40,40,58,34,52,62,62,62,62,62],"floor_reached":50,"language":"KOR","playtime":1411,"items_purged":["Flechettes","Flechettes"],"score":1267,"play_id":"cf1016b1-757b-4131-8173-c7dc50736643","local_time":"20210214223113","is_ascension_mode":true,"campfire_choices":[{"data":"Dagger Spray","floor":6.0,"key":"SMITH"},{"data":"Cloak And Dagger","floor":8.0,"key":"SMITH"},{"data":"Terror","floor":12.0,"key":"SMITH"},{"data":"Footwork","floor":15.0,"key":"SMITH"},{"data":"Neutralize","floor":23.0,"key":"SMITH"},{"data":"Bane","floor":29.0,"key":"SMITH"},{"data":"Deflect","floor":32.0,"key":"SMITH"},{"data":"Finisher","floor":41.0,"key":"SMITH"}],"circlet_count":0,"master_deck":["AscendersBane","Survivor+1","Neutralize+1","Dagger Spray+1","Cloak And Dagger+1","Dagger Throw+1","Terror+1","Deflect+1","Deadly Poison+1","Bane+1","Leg Sweep+1","Footwork+1","Masterful Stab+1","Corpse Explosion+1","Catalyst+1","Heel Hook+1","Heel Hook+1","Escape Plan+1","Riddle With Holes+1","Tactician+1","Catalyst+1","Acrobatics+1","Blade Dance+1","Deflect+1","PiercingWail+1","Concentrate+1","Deflect+1","Dodge and Roll+1","After Image+1","Cloak And Dagger+1","Distraction+1","Corpse Explosion+1","Blade Dance+1","Night Terror+1","Finisher+1","Deflect+1","Acrobatics+1","Cloak And Dagger+1","Dodge and Roll+1","Outmaneuver+1"],"relics":["Ring of the Snake","Calipers","Toxic Egg 2","HornCleat","Meat on the Bone","Pandora\u0027s Box","Red Mask","MealTicket","Omamori","Mercury Hourglass","Sundial","Coffee Dripper","Mark of the Bloom","Tingsha","Mummified Hand"],"acts_visited":["Exordium","TheCity","TheBeyond"],"potions_floor_usage":[50],"damage_taken":[{"damage":8.0,"enemies":"Cultist","floor":1.0,"turns":4.0},{"damage":0.0,"enemies":"2 Louse","floor":2.0,"turns":2.0},{"damage":5.0,"enemies":"Jaw Worm","floor":3.0,"turns":5.0},{"damage":11.0,"enemies":"Exordium Thugs","floor":4.0,"turns":6.0},{"damage":4.0,"enemies":"Lagavulin","floor":10.0,"turns":5.0},{"damage":2.0,"enemies":"Looter","floor":13.0,"turns":3.0},{"damage":0.0,"enemies":"Lots of Slimes","floor":14.0,"turns":2.0},{"damage":3.0,"enemies":"The Guardian","floor":16.0,"turns":10.0},{"damage":8.0,"enemies":"Chosen","floor":18.0,"turns":4.0},{"damage":13.0,"enemies":"Spheric Guardian","floor":21.0,"turns":6.0},{"damage":17.0,"enemies":"Masked Bandits","floor":22.0,"turns":4.0},{"damage":2.0,"enemies":"Chosen and Byrds","floor":24.0,"turns":4.0},{"damage":16.0,"enemies":"Slavers","floor":25.0,"turns":2.0},{"damage":4.0,"enemies":"Gremlin Leader","floor":27.0,"turns":6.0},{"damage":0.0,"enemies":"Slavers","floor":30.0,"turns":1.0},{"damage":5.0,"enemies":"Champ","floor":33.0,"turns":8.0},{"damage":0.0,"enemies":"3 Darklings","floor":35.0,"turns":5.0},{"damage":0.0,"enemies":"Giant Head","floor":40.0,"turns":6.0},{"damage":0.0,"enemies":"Orb Walker","floor":44.0,"turns":3.0},{"damage":6.0,"enemies":"Maw","floor":46.0,"turns":6.0},{"damage":0.0,"enemies":"Transient","floor":47.0,"turns":5.0},{"damage":56,"enemies":"Time Eater","floor":50,"turns":16}],"seed_played":"-7223075287721989108","potions_obtained":[{"floor":1.0,"key":"SpeedPotion"},{"floor":4.0,"key":"Regen Potion"},{"floor":13.0,"key":"LiquidMemories"},{"floor":14.0,"key":"Dexterity Potion"},{"floor":16.0,"key":"Dexterity Potion"},{"floor":25.0,"key":"Energy Potion"},{"floor":27.0,"key":"DuplicationPotion"},{"floor":30.0,"key":"SkillPotion"},{"floor":33.0,"key":"Dexterity Potion"}],"is_trial":false,"path_per_floor":["M","M","M","M","$","R","T","R","T","E","?","R","M","M","R","B",null,"M","?","$","M","?","R","M","E","T","E","?","R","E","$","R","B",null,"M","?","$","?","?","E","R","$","T","M","$","M","M","?","R","B"],"character_chosen":"THE_SILENT","items_purchased":["Deflect","Deadly Poison","Bane","Acrobatics+1","Blade Dance+1","Cloak And Dagger+1","Distraction+1","Deflect+1","Cloak And Dagger+1"],"campfire_rested":0,"item_purchase_floors":[5,5,5,20,20,31,31,42,45],"current_hp_per_floor":[51,51,46,35,35,35,35,35,35,45,45,45,43,43,43,40,55,47,47,47,34,29,29,39,35,35,31,31,31,31,46,46,41,55,55,55,60,60,60,60,60,60,60,60,60,54,54,54,54,0,0],"gold":62,"neow_bonus":"ONE_RARE_RELIC","is_daily":false,"chose_seed":false,"campfire_upgraded":8,"win_rate":0.0,"timestamp":1613309473,"path_taken":["M","M","M","M","$","R","?","R","T","E","?","R","M","M","R","BOSS","M","?","$","M","?","R","M","E","T","E","?","R","E","$","R","BOSS","M","?","?","?","?","E","R","$","T","M","$","?","?","?","R","BOSS"],"items_purchased_type":["Card","Card","Card","Card","Card","Card","Card","Card","Card"],"build_version":"2020-12-22","purchased_purges":2,"victory":false,"max_hp_per_floor":[60,60,60,60,60,60,60,60,60,60,60,60,60,60,60,60,60,60,60,60,60,60,60,60,60,60,60,60,60,60,60,60,60,60,60,60,60,60,60,60,60,60,60,60,60,60,60,60,60,60,60],"card_choices":[{"not_picked":["Distraction","Tactician"],"picked":"Dagger Spray","floor":1.0},{"not_picked":["Sucker Punch","Acrobatics"],"picked":"Cloak And Dagger","floor":2.0},{"not_picked":["Expertise","Outmaneuver"],"picked":"Dagger Throw","floor":3.0},{"not_picked":["Dagger Throw","Dodge and Roll"],"picked":"Terror","floor":4.0},{"not_picked":["Deadly Poison+1","Caltrops"],"picked":"Leg Sweep+1","floor":10.0},{"not_picked":["Dagger Throw","Deadly Poison+1"],"picked":"Footwork","floor":13.0},{"not_picked":["Bane","Flying Knee"],"picked":"Masterful Stab","floor":14.0},{"not_picked":["Malaise+1","Adrenaline+1"],"picked":"Corpse Explosion+1","floor":16.0},{"not_picked":["Expertise+1","Dagger Throw","Underhanded Strike"],"picked":"SKIP","floor":18.0},{"not_picked":["Endless Agony+1","Deadly Poison+1"],"picked":"Deflect+1","floor":21.0},{"not_picked":["Blade Dance+1","Caltrops"],"picked":"PiercingWail+1","floor":22.0},{"not_picked":["Slice","Noxious Fumes"],"picked":"Concentrate+1","floor":24.0},{"not_picked":["Infinite Blades","Slice"],"picked":"Deflect+1","floor":25.0},{"not_picked":["Caltrops","Storm of Steel+1"],"picked":"Dodge and Roll+1","floor":27.0},{"not_picked":["Escape Plan+1","Flying Knee"],"picked":"After Image","floor":30.0},{"not_picked":["Phantasmal Killer+1","Tools of the Trade"],"picked":"Corpse Explosion+1","floor":33.0},{"not_picked":["Dagger Spray","Infinite Blades"],"picked":"Blade Dance+1","floor":35.0},{"not_picked":["Flying Knee","Quick Slash+1"],"picked":"Finisher","floor":40.0},{"not_picked":["Slice","Deadly Poison+1"],"picked":"Acrobatics+1","floor":44.0},{"not_picked":["Quick Slash+1","Underhanded Strike"],"picked":"Dodge and Roll+1","floor":46.0},{"not_picked":["Endless Agony","Prepared+1"],"picked":"Outmaneuver+1","floor":47.0}],"player_experience":244481,"relics_obtained":[{"floor":7.0,"key":"Toxic Egg 2"},{"floor":9.0,"key":"HornCleat"},{"floor":10.0,"key":"Meat on the Bone"},{"floor":22.0,"key":"Red Mask"},{"floor":25.0,"key":"MealTicket"},{"floor":26.0,"key":"Omamori"},{"floor":27.0,"key":"Mercury Hourglass"},{"floor":30.0,"key":"Sundial"},{"floor":40.0,"key":"Tingsha"},{"floor":43.0,"key":"Mummified Hand"}],"event_choices":[{"damage_healed":0.0,"max_hp_gain":0.0,"max_hp_loss":0.0,"gold_gain":0.0,"event_name":"Liars Game","player_choice":"Ignored","floor":11.0,"gold_loss":0.0,"damage_taken":0.0},{"damage_healed":0.0,"max_hp_gain":0.0,"max_hp_loss":0.0,"gold_gain":0.0,"event_name":"Ghosts","player_choice":"Ignored","floor":19.0,"gold_loss":0.0,"damage_taken":0.0},{"damage_healed":0.0,"max_hp_gain":0.0,"max_hp_loss":0.0,"gold_gain":0.0,"event_name":"Masked Bandits","player_choice":"Fought Bandits","floor":22.0,"gold_loss":0.0,"damage_taken":0.0},{"damage_healed":0.0,"max_hp_gain":0.0,"max_hp_loss":0.0,"gold_gain":0.0,"event_name":"Vampires","player_choice":"Ignored","floor":28.0,"gold_loss":0.0,"damage_taken":0.0},{"damage_healed":0.0,"max_hp_gain":0.0,"max_hp_loss":0.0,"gold_gain":0.0,"event_name":"Upgrade Shrine","player_choice":"Upgraded","floor":36.0,"gold_loss":0.0,"damage_taken":0.0,"cards_upgraded":["After Image"]},{"damage_healed":0.0,"max_hp_gain":0.0,"max_hp_loss":0.0,"gold_gain":0.0,"event_name":"MindBloom","player_choice":"Upgrade","floor":38.0,"gold_loss":0.0,"damage_taken":0.0,"cards_upgraded":["Survivor","Dagger Throw","Deadly Poison","Masterful Stab","Heel Hook","Heel Hook","Riddle With Holes","Slice"],"relics_obtained":["Mark of the Bloom"]},{"damage_healed":0.0,"max_hp_gain":0.0,"max_hp_loss":0.0,"gold_gain":0.0,"cards_transformed":["Slice"],"event_name":"Transmorgrifier","player_choice":"Transformed","floor":39.0,"gold_loss":0.0,"damage_taken":0.0,"cards_obtained":["Night Terror"]},{"damage_healed":0.0,"max_hp_gain":0.0,"max_hp_loss":0.0,"gold_gain":0.0,"event_name":"Mysterious Sphere","player_choice":"Ignored","floor":48.0,"gold_loss":0.0,"damage_taken":0.0}],"is_beta":false,"boss_relics":[{"not_picked":["Calling Bell","Busted Crown"],"picked":"Pandora\u0027s Box"},{"not_picked":["Black Star","Runic Pyramid"],"picked":"Coffee Dripper"}],"items_purged_floors":[20,37],"is_endless":false,"potions_floor_spawned":[1,4,13,14,16,21,25,27,30,33,44],"killed_by":"Time Eater","ascension_level":16}}