{"host":"eglukmwb6rueyn6u","time":1613330176,"event":{"mods":["BaseMod","Colored Map","Minty Spire (QoL Compilation)"],"gold_per_floor":[110,110,110,127,140,174,174,174,199,233,146,165,165,190,190,190,190],"floor_reached":16,"language":"ENG","playtime":785,"items_purged":[],"score":124,"play_id":"60116f8a-2634-4241-97f4-e0e512f9ecce","local_time":"20210214211616","is_ascension_mode":true,"campfire_choices":[{"data":"FTL","floor":7,"key":"SMITH"},{"data":"Self Repair","floor":13,"key":"SMITH"},{"data":"Dualcast","floor":15,"key":"SMITH"}],"circlet_count":0,"master_deck":["Strike_B","Strike_B+1","Strike_B+1","Defend_B","Defend_B","Defend_B","Defend_B","Zap","Dualcast+1","Ball Lightning","BootSequence","FTL+1","Melter","Compile Driver+1","Self Repair+1","Beam Cell+1","Rebound+1","Chill"],"relics":["Cracked Core","NeowsBlessing","HornCleat","Molten Egg 2","Dream Catcher","Happy Flower","Whetstone"],"acts_visited":["Exordium"],"potions_floor_usage":[12],"damage_taken":[{"damage":0,"enemies":"2 Louse","floor":1,"turns":1},{"damage":0,"enemies":"Cultist","floor":4,"turns":1},{"damage":0,"enemies":"Small Slimes","floor":5,"turns":1},{"damage":11,"enemies":"Lagavulin","floor":6,"turns":5},{"damage":10,"enemies":"Gremlin Nob","floor":10,"turns":4},{"damage":0,"enemies":"Looter","floor":12,"turns":2},{"damage":18,"enemies":"Lagavulin","floor":14,"turns":4},{"damage":60,"enemies":"The Guardian","floor":16,"turns":7}],"seed_played":"2756372427466943445","potions_obtained":[{"floor":5,"key":"Fire Potion"},{"floor":10,"key":"SteroidPotion"},{"floor":12,"key":"FocusPotion"}],"is_trial":false,"path_per_floor":["M","$","?","M","M","E","R","T","T","E","$","M","R","E","R","B"],"character_chosen":"DEFECT","items_purchased":["Self Repair","Beam Cell+1"],"campfire_rested":0,"item_purchase_floors":[11,11],"current_hp_per_floor":[75,75,75,75,75,64,64,64,64,54,54,61,61,53,53,0,0],"gold":190,"neow_bonus":"THREE_ENEMY_KILL","is_daily":false,"chose_seed":false,"campfire_upgraded":3,"win_rate":0.0,"timestamp":1613330176,"path_taken":["M","$","?","?","M","E","R","?","T","E","$","M","R","E","R","BOSS"],"items_purchased_type":["Card","Card"],"build_version":"2020-12-22","purchased_purges":0,"victory":false,"max_hp_per_floor":[75,75,75,75,75,75,75,75,75,75,75,75,75,75,75,75,75],"card_choices":[{"not_picked":["Leap","Beam Cell"],"picked":"Ball Lightning","floor":1},{"not_picked":["Auto Shields","Fusion"],"picked":"BootSequence","floor":4},{"not_picked":["Go for the Eyes","Hologram"],"picked":"FTL","floor":5},{"not_picked":["Hologram","Leap"],"picked":"Melter","floor":6},{"not_picked":["Rip and Tear+1","Hologram"],"picked":"Compile Driver+1","floor":10},{"not_picked":["Sweeping Beam+1","Gash+1"],"picked":"Rebound+1","floor":12},{"not_picked":["Lockon+1","Turbo"],"picked":"Chill","floor":14}],"player_experience":31679,"relics_obtained":[{"floor":6,"key":"HornCleat"},{"floor":8,"key":"Molten Egg 2"},{"floor":9,"key":"Dream Catcher"},{"floor":10,"key":"Happy Flower"},{"floor":14,"key":"Whetstone"}],"event_choices":[{"cards_removed":["Strike_B"],"damage_healed":0,"gold_gain":0,"player_choice":"Offered Basic","damage_taken":0,"max_hp_gain":0,"max_hp_loss":0,"event_name":"Bonfire Elementals","floor":3,"gold_loss":0}],"is_beta":false,"boss_relics":[],"items_purged_floors":[],"is_endless":false,"potions_floor_spawned":[5,10,12],"killed_by":"The Guardian","ascension_level":1}}