{"host":"x4954lblgztusody","time":1613294934,"event":{"mods":["BaseMod","Clockwork Mod","Colored Map","Curses Come First","Googly Eyes","Koishi","Minty Spire (QoL Compilation)","Rare Cards Sparkle","Shop Mod","StSLib","The Administrix","The Animator","The Disciple","The Servant 0.9.4","Waifu the Spire","WarShipGirlsR/战舰少女R mod","Yuyuko"],"gold_per_floor":[114,114,134,151,169,199,135,150,150,163,188,198,216,230,230,325,325,335,335,31,211,224,224,240,266,343,361,378,397,397,408,408,506,506,520,520,24,36,0,0,0,0,0,10,10,26,26,52,52,52,52,52,3,38,38],"floor_reached":56,"language":"ENG","playtime":5857,"items_purged":["Strike_S","Pain"],"score":1315,"play_id":"831204a3-058f-431f-80d5-c2b7701ba9ee","local_time":"20210214012854","is_ascension_mode":false,"campfire_choices":[{"data":"Barrier","floor":15,"key":"SMITH"},{"data":"Moonlight","floor":23,"key":"SMITH"},{"data":"Deny","floor":32,"key":"SMITH"},{"data":"RealityMarble","floor":40,"key":"SMITH"},{"data":"SilverBlades","floor":42,"key":"SMITH"},{"data":"Comet","floor":45,"key":"SMITH"},{"data":"TheWorld","floor":47,"key":"SMITH"},{"floor":49,"key":"RECALL"},{"data":"SoulSculpture","floor":52,"key":"SMITH"}],"circlet_count":0,"master_deck":["Defend_S","Defend_S","Defend_S","Defend_S","KidneyShot","Exchange","InstantArmor","DoubleEdge","Spin","Ricochet","Barrier+1","Rearm","Deny+1","Misdirection","DualDimension","FloweringNight","CurseOfTheBell","Moonlight+1","TheWorld+1","SilverBlades+1","Comet+1","InstantArmor+1","KillingDoll","Luminosity","SurpressingFire","Advance+1","Bite","Bite","Bite","Bite","Bite","FloweringNight","Comet+1","SoulSculpture+1","TimeWarp+1","Sadistic Nature","PanicButton","Foresight","Barrier","RealityMarble+1","ShatteredReality","Alleviate","BottledTime+1","SpecialFormula+1","TheWorld"],"relics":["Uniform","NeowsBlessing","WarpedTongs","PocketWatch","Gremlin Horn","Eternal Feather","Shuriken","Calling Bell","PreservedInsect","Ornamental Fan","Thread and Needle","Nunchaku","Prayer Wheel","Pear","SlaversCollar","Bottled Tornado","Red Mask","Oddly Smooth Stone","Vajra"],"acts_visited":["Exordium","TheCity","TheBeyond","TheEnding"],"potions_floor_usage":[6,16,16,29,29,29,29,33,55,55,55],"damage_taken":[{"damage":0,"enemies":"Small Slimes","floor":1,"turns":1},{"damage":0,"enemies":"Cultist","floor":3,"turns":1},{"damage":0,"enemies":"Jaw Worm","floor":4,"turns":1},{"damage":0,"enemies":"Large Slime","floor":5,"turns":5},{"damage":6,"enemies":"Gremlin Nob","floor":6,"turns":4},{"damage":0,"enemies":"Gremlin Gang","floor":8,"turns":1},{"damage":0,"enemies":"2 Fungi Beasts","floor":10,"turns":2},{"damage":4,"enemies":"3 Sentries","floor":11,"turns":5},{"damage":0,"enemies":"3 Louse","floor":12,"turns":2},{"damage":0,"enemies":"Large Slime","floor":13,"turns":4},{"damage":0,"enemies":"Blue Slaver","floor":14,"turns":4},{"damage":1,"enemies":"The Guardian","floor":16,"turns":10},{"damage":9,"enemies":"2 Thieves","floor":18,"turns":5},{"damage":0,"enemies":"3 Byrds","floor":22,"turns":4},{"damage":0,"enemies":"Snecko","floor":24,"turns":3},{"damage":23,"enemies":"Slavers","floor":25,"turns":5},{"damage":0,"enemies":"Chosen and Byrds","floor":27,"turns":4},{"damage":0,"enemies":"Cultist and Chosen","floor":28,"turns":4},{"damage":3,"enemies":"Snake Plant","floor":29,"turns":3},{"damage":0,"enemies":"Snecko","floor":31,"turns":5},{"damage":43,"enemies":"Automaton","floor":33,"turns":9},{"damage":0,"enemies":"Orb Walker","floor":35,"turns":4},{"damage":0,"enemies":"3 Shapes","floor":38,"turns":3},{"damage":0,"enemies":"Sphere and 2 Shapes","floor":44,"turns":3},{"damage":0,"enemies":"Writhing Mass","floor":46,"turns":7},{"damage":0,"enemies":"Nemesis","floor":48,"turns":3},{"damage":0,"enemies":"Time Eater","floor":50,"turns":7},{"damage":15,"enemies":"Shield and Spear","floor":54,"turns":7},{"damage":32,"enemies":"The Heart","floor":55,"turns":9}],"seed_played":"1238718528698855877","potions_obtained":[{"floor":4,"key":"Swift Potion"},{"floor":8,"key":"EntropicBrew"},{"floor":12,"key":"SneckoOil"},{"floor":13,"key":"Strength Potion"},{"floor":14,"key":"SneckoOil"},{"floor":27,"key":"Regen Potion"},{"floor":28,"key":"Dexterity Potion"},{"floor":29,"key":"GamblersBrew"},{"floor":33,"key":"FearPotion"},{"floor":48,"key":"Regen Potion"}],"is_trial":false,"path_per_floor":["M","?","M","M","M","E","?","M","T","M","E","M","M","M","R","B",null,"M","?","$","?","M","R","M","E","T","M","M","M","?","M","R","B",null,"M","?","$","M","?","R","?","R","T","M","R","M","R","E","R","B",null,"R","$","E","B",null],"character_chosen":"THE_SERVANT","items_purchased":["TheWorld","Nunchaku","Bottled Tornado","Foresight","Barrier","Energy Potion"],"campfire_rested":0,"item_purchase_floors":[20,20,37,37,37,53],"current_hp_per_floor":[65,65,65,65,65,59,59,59,59,59,55,55,55,55,65,64,65,56,56,56,31,31,43,43,20,30,30,30,32,32,37,52,21,52,52,42,42,47,47,52,52,52,52,52,52,52,52,52,52,52,52,52,52,51,32],"gold":38,"neow_bonus":"THREE_ENEMY_KILL","is_daily":false,"chose_seed":false,"campfire_upgraded":8,"win_rate":0.0,"timestamp":1613294934,"path_taken":["M","?","M","?","?","E","?","M","T","M","E","M","M","?","R","BOSS","M","?","$","?","M","R","M","E","T","M","M","?","?","M","R","BOSS","M","?","$","M","?","R","?","R","T","?","R","M","R","E","R","BOSS","R","$","E","BOSS"],"items_purchased_type":["Card","Relic","Relic","Card","Card","Potion"],"build_version":"2020-12-22","purchased_purges":2,"victory":true,"max_hp_per_floor":[65,65,65,65,65,65,65,65,65,65,65,65,65,65,65,65,65,65,65,65,65,65,65,65,65,75,75,75,75,52,52,52,52,52,52,52,52,52,52,52,52,52,52,52,52,52,52,52,52,52,52,52,52,52,52],"card_choices":[{"not_picked":["Revamp","Alleviate"],"picked":"InstantArmor","floor":1},{"not_picked":["Revamp","BottledTime"],"picked":"DoubleEdge","floor":3},{"not_picked":["MoonPhase","Defy"],"picked":"Spin","floor":4},{"not_picked":["Starlight","Advance","Replace"],"picked":"SKIP","floor":5},{"not_picked":["Replace","BottledTime"],"picked":"Ricochet","floor":6},{"not_picked":["Shuttle","Potential"],"picked":"Barrier","floor":8},{"not_picked":["SpecialFormula","Spin"],"picked":"Rearm","floor":10},{"not_picked":["Revamp","ShatteredReality"],"picked":"Deny","floor":11},{"not_picked":["Potential","ShatteredReality","Replace"],"picked":"SKIP","floor":12},{"not_picked":["Contraction","ShatteredReality"],"picked":"Misdirection","floor":13},{"not_picked":["Revamp","ShatteredReality"],"picked":"DualDimension","floor":14},{"not_picked":["Solidify","Deny"],"picked":"FloweringNight","floor":16},{"not_picked":["Unruled","FastForward"],"picked":"Moonlight","floor":18},{"not_picked":["Defy","ShatteredReality"],"picked":"SilverBlades","floor":22},{"not_picked":["Foresight","Defy+1"],"picked":"Comet+1","floor":24},{"not_picked":["Starlight","Ricochet","Replace"],"picked":"SKIP","floor":25},{"not_picked":["Collapse","DualDimension"],"picked":"InstantArmor+1","floor":27},{"not_picked":["Read","DoubleEdge+1","Unruled"],"picked":"SKIP","floor":27},{"not_picked":["Unruled","BottledTime+1"],"picked":"KillingDoll","floor":28},{"not_picked":["Rewind+1","SpecialFormula"],"picked":"Luminosity","floor":28},{"not_picked":["FastForward","Alleviate"],"picked":"SurpressingFire","floor":29},{"not_picked":["ShatteredReality","Starlight"],"picked":"Advance+1","floor":29},{"not_picked":["Replace","Defy+1"],"picked":"FloweringNight","floor":31},{"not_picked":["Rewind","Replace"],"picked":"Comet","floor":31},{"not_picked":["ForgedInTime","Sunlight"],"picked":"SoulSculpture","floor":33},{"not_picked":["Shuttle","Revamp"],"picked":"TimeWarp+1","floor":35},{"not_picked":["Spin","Potential","FastForward+1"],"picked":"SKIP","floor":35},{"not_picked":["Transmutation","Secret Weapon"],"picked":"Sadistic Nature","floor":36},{"not_picked":["Thinking Ahead","Metamorphosis"],"picked":"PanicButton","floor":36},{"not_picked":["ReturningBlade","Spin+1"],"picked":"RealityMarble","floor":38},{"not_picked":["FastForward+1","Defy+1","Comet"],"picked":"SKIP","floor":38},{"not_picked":["DoubleEdge","ShatteredReality+1"],"picked":"Alleviate","floor":44},{"not_picked":["Reset","Replace+1","Unruled+1"],"picked":"SKIP","floor":44},{"not_picked":["Spin","ShatteredReality"],"picked":"BottledTime+1","floor":46},{"not_picked":["Replace","Defy"],"picked":"SpecialFormula+1","floor":46},{"not_picked":["WasteNot+1","Read+1","Rearm+1"],"picked":"SKIP","floor":48},{"not_picked":["Revamp+1","SurpressingFire+1"],"picked":"TheWorld","floor":54}],"player_experience":32674,"relics_obtained":[{"floor":6,"key":"PocketWatch"},{"floor":9,"key":"Eternal Feather"},{"floor":11,"key":"Shuriken"},{"floor":17,"key":"PreservedInsect"},{"floor":17,"key":"Ornamental Fan"},{"floor":17,"key":"Thread and Needle"},{"floor":25,"key":"Prayer Wheel"},{"floor":26,"key":"Pear"},{"floor":48,"key":"Oddly Smooth Stone"},{"floor":54,"key":"Vajra"}],"event_choices":[{"damage_healed":0,"gold_gain":0,"player_choice":"Rummage","damage_taken":0,"relics_obtained":["WarpedTongs"],"max_hp_gain":0,"max_hp_loss":0,"event_name":"Accursed Blacksmith","floor":2,"gold_loss":0,"cards_obtained":["Pain"]},{"damage_healed":0,"gold_gain":0,"player_choice":"Paid Gold","damage_taken":0,"relics_obtained":["Gremlin Horn"],"max_hp_gain":0,"max_hp_loss":0,"event_name":"WeMeetAgain","floor":7,"gold_loss":64},{"damage_healed":0,"gold_gain":0,"player_choice":"Ignored","damage_taken":0,"max_hp_gain":0,"max_hp_loss":0,"event_name":"The Mausoleum","floor":19,"gold_loss":0},{"damage_healed":0,"gold_gain":180,"player_choice":"GOLD GOLD POTION ","damage_taken":25,"max_hp_gain":0,"max_hp_loss":0,"event_name":"Knowing Skull","floor":21,"potions_obtained":["ColorlessPotion"],"gold_loss":0,"cards_obtained":[]},{"damage_healed":0,"gold_gain":0,"player_choice":"Became a vampire","damage_taken":0,"max_hp_gain":0,"max_hp_loss":23,"event_name":"Vampires","floor":30,"gold_loss":0,"cards_obtained":["Bite","Bite","Bite","Bite","Bite"]},{"damage_healed":0,"gold_gain":0,"player_choice":"Memory 3","damage_taken":10,"max_hp_gain":0,"max_hp_loss":0,"event_name":"SensoryStone","floor":36,"gold_loss":0},{"damage_healed":0,"gold_gain":0,"player_choice":"Paid","damage_taken":0,"relics_obtained":["Red Mask"],"max_hp_gain":0,"max_hp_loss":0,"event_name":"Tomb of Lord Red Mask","floor":39,"gold_loss":36},{"damage_healed":0,"gold_gain":0,"player_choice":"1 cards matched","damage_taken":0,"max_hp_gain":0,"max_hp_loss":0,"event_name":"Match and Keep!","floor":41,"gold_loss":0,"cards_obtained":["ShatteredReality"]}],"is_beta":false,"boss_relics":[{"not_picked":["Velvet Choker","Tiny House"],"picked":"Calling Bell"},{"not_picked":["Sozu","Snecko Eye"],"picked":"SlaversCollar"}],"items_purged_floors":[20,37],"is_endless":false,"potions_floor_spawned":[4,8,12,13,14,27,28,29,31,33,35,46,48,54],"ascension_level":0}}