{"host":"15f3wpiimhe5yrng","time":1613315274,"event":{"mods":["BaseMod","Better Altar","Better Match","Better Note","Better Sensory Stone","Better Skull","Better Third Choice","BetterRewards","Bossed Relics","Colored Map","Downfall","GifTheSpireLib","Good Game Mod","Minty Spire (QoL Compilation)","Permanent Neow","Spire Arcade","StSLib","The Disciple","The Marked","The Servant 0.9.4"],"gold_per_floor":[117,117,117,128,93,118,17,46,120,146,160,189,189,204,204,308,308,323,273,27,47,47,47,81,81,81,81,81,114,14,39,39,141,141,153,169,169,219,4,4,33,33,57,57,90,90,142,153,153,153],"floor_reached":51,"language":"ENG","playtime":2650,"items_purged":["Strike_G","Strike_G","Strike_G"],"score":1258,"play_id":"db2fb2dc-fffb-42be-9c27-b0442ef3245a","local_time":"20210214160754","is_ascension_mode":true,"campfire_choices":[{"data":"Noxious Fumes","floor":13,"key":"SMITH"},{"data":"Catalyst","floor":15,"key":"SMITH"},{"data":"Malaise","floor":23,"key":"SMITH"},{"data":"Deadly Poison","floor":28,"key":"SMITH"},{"data":"Backflip","floor":32,"key":"SMITH"},{"floor":40,"key":"RECALL"},{"data":"Burst","floor":42,"key":"SMITH"},{"data":"Footwork","floor":44,"key":"SMITH"},{"data":"Noxious Fumes","floor":46,"key":"SMITH"},{"data":"Venomology","floor":49,"key":"SMITH"}],"circlet_count":0,"master_deck":["Strike_G+1","Defend_G","Defend_G","Defend_G","Defend_G","Defend_G","Survivor","Neutralize","Venomology+1","Noxious Fumes+1","Catalyst+1","PiercingWail","Sucker Punch+1","Crippling Poison+1","Calculated Gamble","Deadly Poison+1","Malaise+1","Backflip+1","Dagger Spray+1","Deflect+1","DeusExMachina+1","Slice+1","Burst+1","Blur","Footwork+1","Dodge and Roll","Backflip+1","Noxious Fumes+1","Footwork+1"],"relics":["Ring of the Snake","REME:ComplimentaryCards","NeowsBlessing","betterThird:SlimedRelic","Art of War","Whetstone","Molten Egg 2","CaptainsWheel","Regal Pillow","Philosopher\u0027s Stone","Strawberry","Lantern","Kunai","The Courier","Toy Ornithopter","SacredBark","The Specimen","ClockworkSouvenir","Anchor","Snake Skull","Eternal Feather","Tough Bandages"],"acts_visited":["Exordium","TheCity","TheBeyond"],"potions_floor_usage":[8,8,10,10,11,12,14,16,16,21,21,24,24,24,29,33,33,35,36,38,41,47,48,50],"damage_taken":[{"damage":0,"enemies":"Small Slimes","floor":1,"turns":1},{"damage":0,"enemies":"2 Louse","floor":4,"turns":1},{"damage":0,"enemies":"Gremlin Nob","floor":6,"turns":2},{"damage":12,"enemies":"Lagavulin","floor":8,"turns":6},{"damage":32,"enemies":"Gremlin Nob","floor":10,"turns":5},{"damage":0,"enemies":"Cultist","floor":11,"turns":5},{"damage":0,"enemies":"Lagavulin","floor":12,"turns":9},{"damage":1,"enemies":"Blue Slaver","floor":14,"turns":5},{"damage":2,"enemies":"Hexaghost","floor":16,"turns":6},{"damage":0,"enemies":"Shell Parasite","floor":18,"turns":6},{"damage":7,"enemies":"2 Thieves","floor":21,"turns":4},{"damage":14,"enemies":"Slavers","floor":24,"turns":5},{"damage":15,"enemies":"Gremlin Leader","floor":29,"turns":7},{"damage":2,"enemies":"Book of Stabbing","floor":31,"turns":6},{"damage":25,"enemies":"Collector","floor":33,"turns":6},{"damage":0,"enemies":"3 Shapes","floor":35,"turns":4},{"damage":0,"enemies":"Orb Walker","floor":36,"turns":2},{"damage":0,"enemies":"Mind Bloom Boss Battle","floor":38,"turns":5},{"damage":0,"enemies":"Giant Head","floor":41,"turns":8},{"damage":24,"enemies":"Reptomancer","floor":45,"turns":6},{"damage":0,"enemies":"2 Orb Walkers","floor":47,"turns":4},{"damage":0,"enemies":"4 Shapes","floor":48,"turns":3},{"damage":23,"enemies":"Awakened One","floor":50,"turns":14}],"seed_played":"-1491546690350129007","potions_obtained":[{"floor":4,"key":"Fire Potion"},{"floor":10,"key":"Explosive Potion"},{"floor":11,"key":"DistilledChaos"},{"floor":14,"key":"Poison Potion"},{"floor":21,"key":"Regen Potion"},{"floor":31,"key":"Strength Potion"},{"floor":33,"key":"Energy Potion"},{"floor":36,"key":"LiquidMemories"}],"is_trial":false,"path_per_floor":["M","?","?","M","?","E","$","E","T","E","M","E","R","M","R","B",null,"M","?","$","M","?","R","E","?","T","T","R","E","$","E","R","B",null,"M","M","?","?","$","R","E","R","T","R","E","R","?","M","R","B",null],"character_chosen":"THE_SILENT","items_purchased":["PiercingWail","Strawberry","ClockworkSouvenir","Footwork","Dodge and Roll"],"campfire_rested":0,"item_purchase_floors":[7,20,39,39,39],"current_hp_per_floor":[63,68,68,68,57,57,57,45,45,27,27,27,27,26,26,24,62,62,62,69,62,62,62,63,63,63,63,63,48,48,46,46,31,69,74,79,79,82,82,82,82,82,82,82,58,73,78,82,82,64],"gold":153,"neow_bonus":"THREE_ENEMY_KILL","is_daily":false,"chose_seed":false,"campfire_upgraded":9,"win_rate":0.0,"timestamp":1613315274,"path_taken":["M","?","?","M","?","E","?","E","T","E","M","E","R","M","R","BOSS","M","?","$","M","?","R","E","?","T","?","R","E","?","E","R","BOSS","M","M","?","?","$","R","E","R","T","R","E","R","?","M","R","BOSS"],"items_purchased_type":["Card","Relic","Relic","Card","Card"],"build_version":"2020-12-22","purchased_purges":3,"victory":true,"max_hp_per_floor":[70,75,75,75,75,75,75,75,75,75,75,75,75,75,75,75,75,75,75,82,82,82,82,82,82,82,82,82,82,82,82,82,82,82,82,82,82,82,82,82,82,82,82,82,82,82,82,82,82,82],"card_choices":[{"not_picked":["Dodge and Roll","Choke"],"picked":"Noxious Fumes","floor":1},{"not_picked":["Skewer","PiercingWail"],"picked":"Catalyst","floor":4},{"not_picked":["Sucker Punch","Predator","Terror"],"picked":"SKIP","floor":6},{"not_picked":["Cloak And Dagger","Bane","Blade Dance"],"picked":"SKIP","floor":8},{"not_picked":["Calculated Gamble","Riddle With Holes+1"],"picked":"Sucker Punch+1","floor":10},{"not_picked":["Choke+1","Dagger Spray+1"],"picked":"Crippling Poison","floor":11},{"not_picked":["Underhanded Strike+1","Leg Sweep"],"picked":"Calculated Gamble","floor":12},{"not_picked":["Bane+1","Outmaneuver"],"picked":"Deadly Poison","floor":14},{"not_picked":["Storm of Steel","Unload+1"],"picked":"Malaise","floor":16},{"not_picked":["Poisoned Stab+1","Prepared+1"],"picked":"Backflip","floor":18},{"not_picked":["Flying Knee+1","Quick Slash+1"],"picked":"Dagger Spray+1","floor":21},{"not_picked":["Poisoned Stab+1","Dash+1"],"picked":"Deflect+1","floor":24},{"not_picked":["Calculated Gamble","Flying Knee+1","Setup"],"picked":"SKIP","floor":29},{"not_picked":["All Out Attack+1","Dodge and Roll"],"picked":"Slice+1","floor":31},{"not_picked":["Adrenaline","Unload+1"],"picked":"Burst","floor":33},{"not_picked":["Deadly Poison","Tactician"],"picked":"Blur","floor":35},{"not_picked":["Blade Dance","Riddle With Holes+1","Deflect+1"],"picked":"SKIP","floor":36},{"not_picked":["Reflex","Riddle With Holes+1"],"picked":"Backflip+1","floor":41},{"not_picked":["Accuracy","Masterful Stab+1"],"picked":"Noxious Fumes","floor":45},{"not_picked":["Tactician+1","Doppelganger"],"picked":"Footwork+1","floor":48}],"player_experience":153898,"relics_obtained":[{"floor":6,"key":"Art of War"},{"floor":8,"key":"Whetstone"},{"floor":9,"key":"Molten Egg 2"},{"floor":10,"key":"CaptainsWheel"},{"floor":12,"key":"Regal Pillow"},{"floor":24,"key":"Lantern"},{"floor":27,"key":"Kunai"},{"floor":29,"key":"The Courier"},{"floor":31,"key":"Toy Ornithopter"},{"floor":38,"key":"The Specimen"},{"floor":41,"key":"Anchor"},{"floor":43,"key":"Snake Skull"},{"floor":45,"key":"Eternal Feather"},{"floor":47,"key":"Tough Bandages"}],"event_choices":[{"damage_healed":0,"gold_gain":0,"player_choice":"Donut","damage_taken":0,"max_hp_gain":5,"max_hp_loss":0,"event_name":"Big Fish","floor":2,"gold_loss":0},{"damage_healed":0,"gold_gain":0,"player_choice":"Slimed","damage_taken":11,"max_hp_gain":0,"max_hp_loss":0,"event_name":"betterThird:BetterGoop","floor":5,"gold_loss":35},{"damage_healed":0,"gold_gain":0,"player_choice":"Bet on Owner","damage_taken":0,"max_hp_gain":0,"max_hp_loss":0,"event_name":"The Joust","floor":19,"gold_loss":50},{"damage_healed":0,"gold_gain":0,"player_choice":"Upgraded","damage_taken":0,"max_hp_gain":0,"max_hp_loss":0,"event_name":"Upgrade Shrine","floor":22,"gold_loss":0,"cards_upgraded":["Crippling Poison"]},{"cards_removed":["Malaise"],"damage_healed":0,"gold_gain":0,"player_choice":"Take \u0026 Give","damage_taken":0,"max_hp_gain":0,"max_hp_loss":0,"event_name":"betterNote:BetterNote","floor":25,"gold_loss":0,"cards_obtained":["DeusExMachina"]},{"cards_removed":["Strike_G"],"damage_healed":0,"gold_gain":0,"player_choice":"Removed Attack","damage_taken":0,"max_hp_gain":0,"max_hp_loss":0,"event_name":"Falling","floor":37,"gold_loss":0},{"damage_healed":0,"gold_gain":0,"player_choice":"Fight","damage_taken":0,"max_hp_gain":0,"max_hp_loss":0,"event_name":"MindBloom","floor":38,"gold_loss":0},{"damage_healed":0,"gold_gain":0,"player_choice":"Fight","damage_taken":0,"max_hp_gain":0,"max_hp_loss":0,"event_name":"Mysterious Sphere","floor":47,"gold_loss":0}],"is_beta":false,"boss_relics":[{"not_picked":["Fusion Hammer","Ectoplasm"],"picked":"Philosopher\u0027s Stone"},{"not_picked":["WristBlade","Sozu"],"picked":"SacredBark"}],"items_purged_floors":[7,20,30],"is_endless":false,"potions_floor_spawned":[4,6,10,11,14,21,31,33,36,38,41],"ascension_level":9}}