{"host":"mvy2rmdvyttjfm6x","time":1613318026,"event":{"mods":["AchievementEnabler","BaseMod","Keyboard Shortcuts","Lobotomy","Minty Spire (QoL Compilation)","Quick Restart","StSLib"],"gold_per_floor":[114,114,125,141,29,62,62,76,123,185,205,205,205,205,205,308,308,326,326,380,27,44,74,90,107,107,107,107,107,107,127,127,127,127],"floor_reached":33,"language":"KOR","playtime":1735,"items_purged":[],"score":290,"play_id":"42e52901-aef5-455b-95a7-027981aafcaa","local_time":"20210215005346","is_ascension_mode":false,"campfire_choices":[{"floor":7,"key":"REST"},{"floor":12,"key":"REST"},{"data":"Eruption","floor":15,"key":"SMITH"},{"data":"MasterReality","floor":28,"key":"SMITH"},{"data":"Adaptation","floor":30,"key":"SMITH"},{"data":"Vigilance","floor":32,"key":"SMITH"}],"circlet_count":0,"master_deck":["Strike_P","Strike_P","Strike_P+1","Defend_P","Defend_P","Defend_P","Defend_P+1","Vigilance+1","OldLady","TalkToTheHand","OSAHOGD","Mercenary","CutThroughFate","InnerPeace","LikeWater","Scorched","GalaxyChild","MasterReality+1","BigBadWolf","QueenBee","MentalFortress","FieryBird","ConjureBlade","MeatLantern","DeceiveReality+1","Alpha","ShyLook","CrushJoints","Halt","SpiderBud","Pray+1","Wellcheers","Adaptation+1","UniverseFragment","FlurryOfBlows+1"],"relics":["PureWater","CogitoBucket","Bottled Tornado","Orichalcum","Tiny Chest","TreeSap","White Beast Statue","SacredBark","Potion Belt","Membership Card","Matryoshka","Shuriken","HellTrain","Art of War","Pear","MutagenicStrength"],"acts_visited":["Exordium","TheCity"],"potions_floor_usage":[16,22,23,23,24,25,33,33],"damage_taken":[{"damage":0,"enemies":"2 Louse","floor":1,"turns":2},{"damage":0,"enemies":"Jaw Worm","floor":3,"turns":3},{"damage":0,"enemies":"Small Slimes","floor":4,"turns":4},{"damage":38,"enemies":"Lagavulin","floor":6,"turns":5},{"damage":5,"enemies":"Looter","floor":8,"turns":2},{"damage":26,"enemies":"Gremlin Nob","floor":10,"turns":3},{"damage":0,"enemies":"Blue Slaver","floor":11,"turns":2},{"damage":19,"enemies":"The Guardian","floor":16,"turns":8},{"damage":7,"enemies":"2 Thieves","floor":18,"turns":3},{"damage":28,"enemies":"3 Byrds","floor":22,"turns":4},{"damage":36,"enemies":"Book of Stabbing","floor":23,"turns":8},{"damage":12,"enemies":"Snecko","floor":24,"turns":4},{"damage":113,"enemies":"Shelled Parasite and Fungi","floor":25,"turns":5},{"damage":40,"enemies":"Centurion and Healer","floor":31,"turns":5},{"damage":36,"enemies":"Champ","floor":33,"turns":5}],"seed_played":"-6804515673680123467","potions_obtained":[{"floor":3,"key":"FairyPotion"},{"floor":4,"key":"SpeedPotion"},{"floor":8,"key":"ColorlessPotion"},{"floor":16,"key":"ColorlessPotion"},{"floor":22,"key":"ColorlessPotion"},{"floor":23,"key":"EssenceOfSteel"},{"floor":24,"key":"Regen Potion"},{"floor":25,"key":"ColorlessPotion"},{"floor":31,"key":"LiquidBronze"}],"is_trial":false,"path_per_floor":["M","?","M","M","$","E","R","M","T","?","M","R","?","T","R","B",null,"M","?","T","$","M","E","M","M","T","?","R","?","R","M","R","B"],"character_chosen":"WATCHER","items_purchased":["InnerPeace","LikeWater","Membership Card","Matryoshka","Alpha"],"campfire_rested":2,"item_purchase_floors":[5,5,21,21,21],"current_hp_per_floor":[72,58,58,58,58,20,41,36,36,10,10,31,24,24,24,5,72,65,52,52,52,35,8,20,40,50,50,50,50,50,10,10,0,0],"gold":127,"neow_bonus":"","is_daily":false,"chose_seed":false,"campfire_upgraded":4,"win_rate":0.0,"timestamp":1613318026,"path_taken":["M","?","M","M","$","E","R","M","T","?","M","R","?","?","R","BOSS","M","?","?","$","?","E","M","M","T","?","R","?","R","M","R","BOSS"],"items_purchased_type":["Card","Card","Relic","Relic","Card"],"build_version":"2020-12-22","purchased_purges":0,"victory":false,"max_hp_per_floor":[72,72,72,72,72,72,72,72,72,72,72,72,72,72,72,72,72,72,77,77,77,77,74,71,68,78,78,78,78,78,78,78,78,78],"card_choices":[{"not_picked":["UniverseFragment","FairyFestival"],"picked":"OldLady","floor":1},{"not_picked":["Protect","JustLucky"],"picked":"TalkToTheHand","floor":1},{"not_picked":["FairyFestival","HeroicMonk"],"picked":"OSAHOGD","floor":3},{"not_picked":["Indignation","Perseverance","CarveReality"],"picked":"SKIP","floor":3},{"not_picked":["BeautyBeast","LittleHelper"],"picked":"Mercenary","floor":4},{"not_picked":["Crescendo","SashWhip"],"picked":"CutThroughFate","floor":4},{"not_picked":["Alriune","MeatLantern"],"picked":"Scorched","floor":6},{"not_picked":["CutThroughFate","Indignation","LikeWater"],"picked":"SKIP","floor":6},{"not_picked":["CrumblingArmor","MHz"],"picked":"GalaxyChild","floor":8},{"not_picked":["Swivel","BattleHymn"],"picked":"MasterReality","floor":8},{"not_picked":["SpiderBud","CherryBlossoms","CrumblingArmor"],"picked":"Singing Bowl","floor":10},{"not_picked":["MHz","Murderer"],"picked":"BigBadWolf","floor":10},{"not_picked":["Murderer","CherryBlossoms"],"picked":"QueenBee","floor":11},{"not_picked":["BowlingBash","Fasting2"],"picked":"MentalFortress","floor":11},{"not_picked":["PunishingBird","MeatLantern"],"picked":"FieryBird","floor":16},{"not_picked":["Judgement","Establishment"],"picked":"ConjureBlade","floor":16},{"not_picked":["WallGazer","BigBird"],"picked":"MeatLantern","floor":18},{"not_picked":["SashWhip","FlyingSleeves+1"],"picked":"DeceiveReality+1","floor":18},{"not_picked":["MHz","CherryBlossoms"],"picked":"ShyLook","floor":22},{"not_picked":["Nirvana","Indignation"],"picked":"CrushJoints","floor":22},{"not_picked":["MasterReality","WindmillStrike"],"picked":"Halt","floor":23},{"not_picked":["Bloodbath","Rudolta","DespairKnight"],"picked":"Singing Bowl","floor":24},{"not_picked":["SingingMachine","Murderer"],"picked":"SpiderBud","floor":24},{"not_picked":["CutThroughFate","Perseverance"],"picked":"Pray+1","floor":24},{"not_picked":["Yin","Bloodbath"],"picked":"Wellcheers","floor":25},{"not_picked":["Meditate","Ragnarok","ClearTheMind"],"picked":"SKIP","floor":25},{"not_picked":["PlagueDoctor","QueenOfHatred","Murderer"],"picked":"Singing Bowl","floor":31},{"not_picked":["GreedKing","Funeral"],"picked":"UniverseFragment","floor":31},{"not_picked":["Nirvana","FlurryOfBlows+1","WaveOfTheHand"],"picked":"SKIP","floor":31},{"not_picked":["Nirvana","WaveOfTheHand"],"picked":"FlurryOfBlows+1","floor":31}],"player_experience":118551,"relics_obtained":[{"floor":6,"key":"Bottled Tornado"},{"floor":9,"key":"Orichalcum"},{"floor":10,"key":"Tiny Chest"},{"floor":14,"key":"White Beast Statue"},{"floor":20,"key":"Potion Belt"},{"floor":23,"key":"Shuriken"},{"floor":26,"key":"Art of War"},{"floor":26,"key":"Pear"}],"event_choices":[{"damage_healed":0,"gold_gain":0,"player_choice":"Entered Light","damage_taken":14,"max_hp_gain":0,"max_hp_loss":0,"event_name":"Shining Light","floor":2,"gold_loss":0,"cards_upgraded":["Strike_P","Defend_P"]},{"damage_healed":0,"gold_gain":30,"player_choice":"Searched \u00273\u0027 times","damage_taken":0,"max_hp_gain":0,"max_hp_loss":0,"event_name":"Dead Adventurer","floor":10,"gold_loss":0},{"cards_removed":["Strike_P"],"damage_healed":0,"gold_gain":0,"player_choice":"Card Removal","damage_taken":7,"max_hp_gain":0,"max_hp_loss":0,"event_name":"Golden Wing","floor":13,"gold_loss":0},{"damage_healed":0,"gold_gain":0,"player_choice":"Shed Blood","damage_taken":18,"max_hp_gain":5,"max_hp_loss":0,"event_name":"Forgotten Altar","floor":19,"gold_loss":0},{"damage_healed":0,"gold_gain":0,"player_choice":"Read","damage_taken":0,"max_hp_gain":0,"max_hp_loss":0,"event_name":"The Library","floor":27,"gold_loss":0,"cards_obtained":["Adaptation"]},{"damage_healed":0,"gold_gain":0,"player_choice":"Inject Mutagens","damage_taken":0,"relics_obtained":["MutagenicStrength"],"max_hp_gain":0,"max_hp_loss":0,"event_name":"Drug Dealer","floor":29,"gold_loss":0}],"is_beta":false,"boss_relics":[{"not_picked":["Snecko Eye","Philosopher\u0027s Stone"],"picked":"SacredBark"}],"items_purged_floors":[],"is_endless":false,"potions_floor_spawned":[3,4,8,16,18,22,23,24,25,31],"killed_by":"Champ","ascension_level":0}}