{"host":"Jedit","time":1613344257,"event":{"mods":["BaseMod","Minty Spire (QoL Compilation)","Relic Stats","StSLib"],"gold_per_floor":[113,129,129,129,143,143,174,174,201,236,253,270,284,297,297,371,371,382,307,281,116,132,132,132],"floor_reached":23,"language":"ENG","playtime":1062,"items_purged":["Strike_G"],"score":510,"play_id":"46d53fbd-f4f0-4442-9b32-60505ae3848e","local_time":"20210214231057","is_ascension_mode":true,"campfire_choices":[{"data":"Glass Knife","floor":6.0,"key":"SMITH"},{"data":"Calculated Gamble","floor":8.0,"key":"SMITH"},{"floor":15.0,"key":"REST"}],"circlet_count":0,"master_deck":["AscendersBane","Strike_G","Strike_G","Defend_G","Defend_G","Defend_G","Defend_G","Defend_G","Survivor","Neutralize","Sucker Punch","Backstab","Dagger Throw","Glass Knife+1","Calculated Gamble+1","Leg Sweep","Footwork+1","Well Laid Plans+1","Crippling Poison","Deadly Poison","Doppelganger","Deadly Poison","Cloak And Dagger","Noxious Fumes+1","Leg Sweep"],"relics":["Ring of the Snake","NeowsBlessing","MealTicket","Frozen Egg 2","Strawberry","Ancient Tea Set","Snecko Eye"],"acts_visited":["Exordium","TheCity"],"potions_floor_usage":[16,23],"damage_taken":[{"damage":0.0,"enemies":"2 Louse","floor":1.0,"turns":1.0},{"damage":0.0,"enemies":"Jaw Worm","floor":2.0,"turns":1.0},{"damage":0.0,"enemies":"Cultist","floor":5.0,"turns":1.0},{"damage":24.0,"enemies":"Gremlin Nob","floor":7.0,"turns":4.0},{"damage":17.0,"enemies":"Lagavulin","floor":10.0,"turns":5.0},{"damage":1.0,"enemies":"2 Fungi Beasts","floor":11.0,"turns":3.0},{"damage":4.0,"enemies":"3 Louse","floor":12.0,"turns":4.0},{"damage":0.0,"enemies":"Gremlin Gang","floor":13.0,"turns":3.0},{"damage":0.0,"enemies":"2 Fungi Beasts","floor":14.0,"turns":2.0},{"damage":0,"enemies":"The Guardian","floor":16,"turns":13},{"damage":12,"enemies":"Spheric Guardian","floor":18,"turns":9},{"damage":17,"enemies":"2 Thieves","floor":20,"turns":4},{"damage":22,"enemies":"Centurion and Healer","floor":22,"turns":7},{"damage":19,"enemies":"Slavers","floor":23,"turns":4}],"seed_played":"-6887760715433329203","potions_obtained":[{"floor":2.0,"key":"LiquidBronze"},{"floor":11.0,"key":"Explosive Potion"},{"floor":13.0,"key":"SkillPotion"},{"floor":16,"key":"Fire Potion"},{"floor":22,"key":"Explosive Potion"}],"is_trial":false,"path_per_floor":["M","M","?","?","M","R","E","R","T","E","M","M","M","M","R","B",null,"M","?","M","$","M","E"],"character_chosen":"THE_SILENT","items_purchased":["Noxious Fumes+1"],"campfire_rested":1,"item_purchase_floors":[21],"current_hp_per_floor":[59,59,54,54,54,54,30,30,37,20,19,15,15,15,36,36,64,52,52,35,50,28,9,9],"gold":132,"neow_bonus":"THREE_ENEMY_KILL","is_daily":false,"chose_seed":false,"campfire_upgraded":2,"win_rate":0.0,"timestamp":1613344257,"path_taken":["M","M","?","?","M","R","E","R","T","E","M","M","?","?","R","BOSS","M","?","M","$","M","E"],"items_purchased_type":["Card"],"build_version":"2020-12-18","purchased_purges":1,"victory":false,"max_hp_per_floor":[66,66,66,66,66,66,66,66,73,73,73,73,73,73,73,73,73,73,73,73,73,73,73,73],"relic_stats":{"counters":[14,61],"Snecko Eye":[52,45,47,44],"MealTicket":15,"obtain_stats":[{"NeowsBlessing":0,"Strawberry":9,"Snecko Eye":17,"MealTicket":3,"Frozen Egg 2":7,"Ancient Tea Set":10,"Ring of the Snake":0},{"NeowsBlessing":0,"Strawberry":4,"Snecko Eye":10,"MealTicket":2,"Frozen Egg 2":4,"Ancient Tea Set":5,"Ring of the Snake":0},{"NeowsBlessing":0,"Strawberry":7,"Snecko Eye":37,"MealTicket":2,"Frozen Egg 2":7,"Ancient Tea Set":12,"Ring of the Snake":0}],"Ring of the Snake":[28]},"card_choices":[{"not_picked":["Slice","Quick Slash"],"picked":"Sucker Punch","floor":1.0},{"not_picked":["Poisoned Stab","Caltrops"],"picked":"Backstab","floor":2.0},{"not_picked":["Prepared","Cloak And Dagger"],"picked":"Glass Knife","floor":5.0},{"not_picked":["Acrobatics","Eviscerate"],"picked":"Calculated Gamble","floor":7.0},{"not_picked":["Finisher","Sucker Punch"],"picked":"Leg Sweep","floor":10.0},{"not_picked":["Blur","Crippling Poison"],"picked":"Footwork+1","floor":11.0},{"not_picked":["Outmaneuver","Accuracy+1"],"picked":"Well Laid Plans+1","floor":12.0},{"not_picked":["Quick Slash","Outmaneuver"],"picked":"Crippling Poison","floor":13.0},{"not_picked":["Bane","Cloak And Dagger"],"picked":"Deadly Poison","floor":14.0},{"not_picked":["Night Terror","Glass Knife"],"picked":"Doppelganger","floor":16},{"not_picked":["Concentrate","Quick Slash"],"picked":"Deadly Poison","floor":18},{"not_picked":["Dagger Spray","Deflect"],"picked":"Cloak And Dagger","floor":20},{"not_picked":["Setup","Dagger Throw"],"picked":"Leg Sweep","floor":22}],"player_experience":3483018,"relics_obtained":[{"floor":7.0,"key":"Frozen Egg 2"},{"floor":9.0,"key":"Strawberry"},{"floor":10.0,"key":"Ancient Tea Set"}],"event_choices":[{"damage_healed":0.0,"max_hp_gain":0.0,"max_hp_loss":0.0,"gold_gain":0.0,"event_name":"Scrap Ooze","player_choice":"Success","floor":3.0,"gold_loss":0.0,"damage_taken":5.0,"relics_obtained":["MealTicket"]},{"damage_healed":0.0,"max_hp_gain":0.0,"max_hp_loss":0.0,"gold_gain":0.0,"cards_transformed":["Strike_G"],"event_name":"Living Wall","player_choice":"Change","floor":4.0,"gold_loss":0.0,"damage_taken":0.0,"cards_obtained":["Dagger Throw"]},{"cards_removed":["Strike_G"],"damage_healed":0,"gold_gain":0,"player_choice":"Gave Gold","damage_taken":0,"max_hp_gain":0,"max_hp_loss":0,"event_name":"Beggar","floor":19,"gold_loss":75}],"is_beta":true,"boss_relics":[{"not_picked":["Busted Crown","WristBlade"],"picked":"Snecko Eye"}],"items_purged_floors":[21],"is_endless":false,"potions_floor_spawned":[2,11,13,16,22],"killed_by":"Slavers","ascension_level":20}}