{"host":"dn2xyj3kd3d9cfyb","time":1613307968,"event":{"mods":["BaseMod","Conspire","Hero for Fun","Hubris","Marisa£®ÏF”Í°°ƒß¿Ì…≥£©","Minty Spire (QoL Compilation)","Reimu£®≤©¿ˆ¡È√Œ£©","Remilia£®¿Ÿ√◊¿Ú—«£©","Replay The Spire","Shop Mod","StSLib","The Administrix","The Animator","The Construct","The Cursed","The Mystic","Youmu£®ªÍ∆«—˝√Œ£©","Yuri Mod","Yuyuko"],"gold_per_floor":[109,109,35,35,50,79,97,131,181,216,216],"floor_reached":10,"language":"ZHS","playtime":413,"items_purged":[],"score":101,"play_id":"72b1cf81-8d84-4610-a0e1-8c37632559aa","local_time":"20210214210608","is_ascension_mode":false,"campfire_choices":[],"circlet_count":0,"master_deck":["Strike_Lin:ReiMu","Strike_Lin:ReiMu","Strike_Lin:ReiMu","Strike_Lin:ReiMu","Defend_Lin:ReiMu","Defend_Lin:ReiMu","Defend_Lin:ReiMu","NB:ReiMu","Stagnation:ReiMu","LovePray:ReiMu","YinYangSange:ReiMu","PrepareRite:ReiMu","SpringWay:ReiMu","EmergencyTakeOff:ReiMu"],"relics":["FlyPower:ReiMu","NeowsBlessing","hubris:Towel","Bag of Marbles","Replay:Bandana"],"acts_visited":["Exordium"],"potions_floor_usage":[8,8],"damage_taken":[{"damage":0,"enemies":"2 Louse","floor":1,"turns":1},{"damage":0,"enemies":"Cultist","floor":5,"turns":1},{"damage":0,"enemies":"Lagavulin","floor":6,"turns":2},{"damage":23,"enemies":"Small Slimes","floor":7,"turns":8},{"damage":28,"enemies":"Gremlin Nob","floor":8,"turns":5},{"damage":17,"enemies":"3 Sentries","floor":10,"turns":4}],"seed_played":"4840948836030764178","potions_obtained":[{"floor":1,"key":"BottledKami:ReiMu"},{"floor":6,"key":"PinkPotion:ReiMu"}],"is_trial":false,"path_per_floor":["M","?","$","?","M","E","M","E","T","E"],"character_chosen":"REIMU","items_purchased":["YinYangSange:ReiMu"],"campfire_rested":0,"item_purchase_floors":[3],"current_hp_per_floor":[65,65,65,65,65,65,42,14,14,0,0],"gold":216,"neow_bonus":"THREE_ENEMY_KILL","is_daily":false,"chose_seed":false,"campfire_upgraded":0,"win_rate":0.0,"timestamp":1613307968,"path_taken":["M","?","$","?","M","E","M","E","T","E"],"items_purchased_type":["Card"],"build_version":"2020-12-22","purchased_purges":0,"victory":false,"max_hp_per_floor":[65,65,65,65,65,65,65,65,65,65,65],"card_choices":[{"not_picked":["Intuition:ReiMu","FantasyBorder:ReiMu"],"picked":"LovePray:ReiMu","floor":1},{"not_picked":["Amulet:ReiMu","TightArray:ReiMu","CareerPray:ReiMu"],"picked":"SKIP","floor":5},{"not_picked":["Meditation:ReiMu","SpreadBorder2:ReiMu"],"picked":"PrepareRite:ReiMu","floor":6},{"not_picked":["KamiSacrifice:ReiMu","ForcedLanding:ReiMu"],"picked":"SpringWay:ReiMu","floor":7},{"not_picked":["SpreadBorder2:ReiMu","AlertArray:ReiMu"],"picked":"EmergencyTakeOff:ReiMu","floor":8}],"player_experience":643150,"relics_obtained":[{"floor":6,"key":"Bag of Marbles"},{"floor":8,"key":"Replay:Bandana"}],"event_choices":[{"cards_removed":["Defend_Lin:ReiMu"],"damage_healed":0,"gold_gain":0,"player_choice":"Purged","damage_taken":0,"max_hp_gain":0,"max_hp_loss":0,"event_name":"Purifier","floor":4,"gold_loss":0}],"is_beta":false,"boss_relics":[],"items_purged_floors":[],"is_endless":false,"potions_floor_spawned":[1,6],"killed_by":"3 Sentries","ascension_level":0}}