{"host":"rsal8t78l1a5jz1a","time":1613271484,"event":{"mods":["Act Like it!","BaseMod","Infinite Spire","Marked Mod","Minty Spire (QoL Compilation)","StSLib"],"gold_per_floor":[10000,10019,9252,9264,9276,9302,8473,8473,8473,8473,8423,8455,8455,8467,8467,8567,8567,8580,8580,8594,7784,7800,7800,7800,7800,7800,7825,7836,7238,7238,7238,7238,7338,7338,7348,6456,6473,5876,5876,5876,5889,5889,5912,5931,5931,5951,5980,5980,5980],"floor_reached":48,"language":"ZHS","playtime":2754,"items_purged":["Strike_P","Defend_P","Eruption","Alpha","Crescendo","MentalFortress"],"score":706,"play_id":"1d2246ee-3d1c-446a-a80b-d28947835c61","local_time":"20210214105804","is_ascension_mode":true,"campfire_choices":[{"floor":8,"key":"REST"},{"data":"Strike_P","floor":15,"key":"PURGE"},{"data":"MasterReality","floor":23,"key":"SMITH"},{"data":"MarkedMod:ChiBlock","floor":25,"key":"SMITH"},{"data":"PathToVictory","floor":30,"key":"SMITH"},{"data":"Meditate","floor":32,"key":"PURGE"},{"data":"PathToVictory","floor":40,"key":"SMITH"},{"data":"Vigilance","floor":42,"key":"PURGE"},{"data":"MarkedMod:GentlePulse","floor":45,"key":"SMITH"}],"circlet_count":0,"master_deck":["MarkedMod:Acupuncture","MarkedMod:GentlePulse+1","JustLucky","PathToVictory+1","MarkedMod:ChiBlock+1","PathToVictory+1","MarkedMod:OneThousandNeedles+1","PathToVictory+1","MasterReality+1","MarkedMod:PinPointDefense","PathToVictory+1","MarkedMod:PinPointDefense","MarkedMod:GracefulMovements+1","Omniscience+1","ThirdEye","CurseOfTheBell","Vault","MarkedMod:GentlePulse","MarkedMod:OneThousandNeedles+1","MarkedMod:GracefulMovements+1"],"relics":["Burning Blood","Medical Kit","Smiling Mask","Charon\u0027s Ashes","Sling","PureWater","Peace Pipe","Runic Dome","Dream Catcher","Brimstone","Orichalcum","infinitespire:MutagenicDexterity","TungstenRod","Pandora\u0027s Box","Gambling Chip","WingedGreaves","MealTicket","Du-Vu Doll","infinitespire:FocusingShard","Calling Bell","infinitespire:Chaos","Damaru","infinitespire:Eraser","Calipers","Vajra","SlaversCollar","Pantograph","StoneCalendar","Strange Spoon","StrikeDummy","PreservedInsect","OrangePellets","CeramicFish"],"acts_visited":["Exordium","TheCity","TheBeyond"],"potions_floor_usage":[5,5,6,16,18,33,33,47,47],"damage_taken":[{"damage":0,"enemies":"Jaw Worm","floor":1,"turns":1},{"damage":0,"enemies":"Small Slimes","floor":2,"turns":1},{"damage":0,"enemies":"2 Louse","floor":4,"turns":1},{"damage":0,"enemies":"Exordium Wildlife","floor":5,"turns":3},{"damage":36,"enemies":"Gremlin Nob","floor":6,"turns":4},{"damage":23,"enemies":"Lagavulin","floor":12,"turns":4},{"damage":0,"enemies":"Looter","floor":14,"turns":2},{"damage":31,"enemies":"Hexaghost","floor":16,"turns":5},{"damage":11,"enemies":"2 Thieves","floor":18,"turns":4},{"damage":6,"enemies":"Chosen","floor":20,"turns":3},{"damage":0,"enemies":"Centurion and Healer","floor":22,"turns":4},{"damage":0,"enemies":"Gremlin Leader","floor":27,"turns":3},{"damage":16,"enemies":"Snake Plant","floor":28,"turns":2},{"damage":12,"enemies":"Automaton","floor":33,"turns":5},{"damage":13,"enemies":"3 Darklings","floor":35,"turns":4},{"damage":15,"enemies":"3 Shapes","floor":37,"turns":3},{"damage":28,"enemies":"Jaw Worm Horde","floor":41,"turns":3},{"damage":16,"enemies":"3 Darklings","floor":44,"turns":3},{"damage":0,"enemies":"Maw","floor":46,"turns":4},{"damage":42,"enemies":"Jaw Worm Horde","floor":47,"turns":3},{"damage":21,"enemies":"Writhing Mass","floor":48,"turns":1}],"seed_played":"5411588207878781835","potions_obtained":[{"floor":2,"key":"CultistPotion"},{"floor":6,"key":"Block Potion"},{"floor":18,"key":"Dexterity Potion"}],"is_trial":false,"path_per_floor":["M","M","$","M","M","E","$","R","T","?","?","E","?","M","R","B",null,"M","?","M","$","M","R","?","R","T","E","M","$","R","AVR","R","B",null,"M","$","M","$","?","R","M","R","T","M","R","M","M","M"],"character_chosen":"WATCHER","items_purchased":["infinitespire:Bottled Soul","Lantern","Lee\u0027s Waffle","Crescendo","Explosive Potion","Fire Potion","Peace Pipe","Regal Pillow","PathToVictory","BlessingOfTheForge","PowerPotion","Cauldron","InkBottle","Happy Flower","DollysMirror","Energy Potion","MarkedMod:PinPointDefense","infinitespire:Golems Mask","War Paint","infinitespire:Chaos","Pantograph","StoneCalendar","Strange Spoon","StancePotion","BlessingOfTheForge","StrikeDummy","PreservedInsect","OrangePellets"],"campfire_rested":1,"item_purchase_floors":[3,3,3,3,3,3,7,7,7,7,7,7,21,21,21,21,21,29,29,29,36,36,36,36,36,38,38,38],"current_hp_per_floor":[65,65,79,79,79,43,43,79,79,79,79,56,56,58,58,29,67,58,43,39,39,41,41,41,41,41,43,29,29,29,29,29,23,69,62,77,68,83,83,83,61,61,61,51,51,57,21,0,0],"gold":5980,"neow_bonus":"THREE_ENEMY_KILL","is_daily":false,"chose_seed":false,"campfire_upgraded":5,"win_rate":0.0,"timestamp":1613271484,"path_taken":["M","M","$","M","M","E","$","R","T","?","?","E","?","M","R","BOSS","M","?","M","$","M","R","?","R","T","E","M","?","R","AVR","R","BOSS","M","$","M","$","?","R","?","R","T","M","R","M","M","M"],"items_purchased_type":["Relic","Relic","Relic","Card","Potion","Potion","Relic","Relic","Card","Potion","Potion","Relic","Relic","Relic","Relic","Potion","Card","Relic","Relic","Relic","Relic","Relic","Relic","Potion","Potion","Relic","Relic","Relic"],"build_version":"2020-12-22","purchased_purges":6,"victory":false,"max_hp_per_floor":[72,72,79,79,79,79,79,79,79,79,79,79,79,79,79,79,79,79,84,84,84,84,84,84,84,84,84,84,84,84,84,84,84,84,84,84,84,84,84,84,84,84,84,84,84,84,84,84,84],"card_choices":[{"not_picked":["FlurryOfBlows","FlyingSleeves"],"picked":"MarkedMod:Acupuncture","floor":1},{"not_picked":["JustLucky","Prostrate"],"picked":"MarkedMod:GentlePulse","floor":2},{"not_picked":["MentalFortress","Vengeance"],"picked":"JustLucky","floor":4},{"not_picked":["MentalFortress","Crescendo"],"picked":"PathToVictory","floor":5},{"not_picked":["Wireheading","Consecrate"],"picked":"MarkedMod:ChiBlock","floor":6},{"not_picked":["Conclude","SandsOfTime"],"picked":"MarkedMod:OneThousandNeedles","floor":12},{"not_picked":["FlurryOfBlows","EmptyBody"],"picked":"PathToVictory","floor":14},{"not_picked":["Establishment","LessonLearned"],"picked":"MasterReality","floor":16},{"not_picked":["FearNoEvil","Prostrate+1"],"picked":"MarkedMod:PinPointDefense","floor":18},{"not_picked":["BattleHymn+1","Prostrate","JustLucky"],"picked":"SKIP","floor":20},{"not_picked":["FlyingSleeves+1","Consecrate"],"picked":"MarkedMod:GracefulMovements+1","floor":22},{"not_picked":["Pray","ClearTheMind+1","ThirdEye"],"picked":"SKIP","floor":27},{"not_picked":["ThirdEye","ClearTheMind"],"picked":"Omniscience","floor":28},{"not_picked":["Ragnarok","Wish"],"picked":"Vault","floor":33},{"not_picked":["Swivel+1","FlyingSleeves","JustLucky"],"picked":"SKIP","floor":35},{"not_picked":["DeceiveReality","CutThroughFate+1"],"picked":"MarkedMod:GentlePulse","floor":37},{"not_picked":["SashWhip+1","Sanctity"],"picked":"MarkedMod:OneThousandNeedles+1","floor":41},{"not_picked":["ClearTheMind+1","EmptyMind+1","Evaluate+1"],"picked":"SKIP","floor":44},{"not_picked":["Pray","EmptyFist+1","ClearTheMind"],"picked":"SKIP","floor":46},{"not_picked":["CutThroughFate","EmptyFist+1"],"picked":"MarkedMod:GracefulMovements+1","floor":47}],"player_experience":52421,"relics_obtained":[{"floor":6,"key":"Blood Vial"},{"floor":9,"key":"Matryoshka"},{"floor":12,"key":"FossilizedHelix"},{"floor":26,"key":"Juzu Bracelet"},{"floor":26,"key":"Letter Opener"},{"floor":27,"key":"Kunai"},{"floor":29,"key":"Damaru"},{"floor":29,"key":"infinitespire:Eraser"},{"floor":29,"key":"Calipers"},{"floor":43,"key":"CeramicFish"}],"event_choices":[{"damage_healed":0,"gold_gain":0,"player_choice":"Ignored","damage_taken":0,"max_hp_gain":0,"max_hp_loss":0,"event_name":"Liars Game","floor":10,"gold_loss":0},{"cards_removed":["Strike_P"],"damage_healed":0,"gold_gain":0,"player_choice":"Card Removal","damage_taken":0,"max_hp_gain":0,"max_hp_loss":0,"event_name":"The Cleric","floor":11,"gold_loss":50},{"damage_healed":0,"gold_gain":0,"player_choice":"Grow","damage_taken":0,"max_hp_gain":0,"max_hp_loss":0,"event_name":"Living Wall","floor":13,"gold_loss":0,"cards_upgraded":["MarkedMod:OneThousandNeedles"]},{"damage_healed":0,"gold_gain":0,"player_choice":"Shed Blood","damage_taken":20,"max_hp_gain":5,"max_hp_loss":0,"event_name":"Forgotten Altar","floor":19,"gold_loss":0},{"damage_healed":0,"gold_gain":0,"player_choice":"Ignored","damage_taken":0,"max_hp_gain":0,"max_hp_loss":0,"event_name":"Vampires","floor":24,"gold_loss":0},{"damage_healed":0,"gold_gain":0,"player_choice":"Forge","damage_taken":0,"max_hp_gain":0,"max_hp_loss":0,"event_name":"Accursed Blacksmith","floor":39,"gold_loss":0,"cards_upgraded":["PathToVictory"]}],"is_beta":false,"boss_relics":[{"not_picked":["VioletLotus","HolyWater"],"picked":"Runic Pyramid"},{"not_picked":["infinitespire:Cupcake","Black Star"],"picked":"SlaversCollar"}],"items_purged_floors":[3,7,21,31,36,38],"is_endless":false,"potions_floor_spawned":[2,6,12,14,18,22,28,37,41,44],"killed_by":"Writhing Mass","ascension_level":6}}