{"host":"tq99ucv8ezzqzioe","time":1613284174,"event":{"mods":["BaseMod","Colored Map","Downfall","Highlight Path","Minty Spire (QoL Compilation)","StSLib"],"gold_per_floor":[111,131,144,162,175,175,204,217,243,274,274,286,286,286,286,381,381,395,494,509,357,374,374,374,374],"floor_reached":24,"language":"ENG","playtime":2334,"items_purged":["Strike_G"],"score":294,"play_id":"5d3f438e-dbbf-4094-ac21-62b49c6a83ce","local_time":"20210214012934","is_ascension_mode":true,"campfire_choices":[{"data":"Neutralize","floor":6.0,"key":"SMITH"},{"floor":13.0,"key":"REST"},{"floor":15.0,"key":"RECALL"},{"floor":23,"key":"REST"}],"circlet_count":0,"master_deck":["Strike_G","Strike_G","Strike_G","Strike_G","Defend_G","Defend_G","Defend_G","Defend_G","Defend_G","Survivor","Neutralize+1","Flechettes","Infinite Blades+1","Dash","Terror","Backflip","Prepared","Leg Sweep","Malaise","Malaise","Cloak And Dagger+1","Riddle With Holes"],"relics":["Ring of the Snake","NeowsBlessing","Singing Bowl","PreservedInsect","Ice Cream","SlaversCollar"],"acts_visited":["Exordium","TheCity"],"potions_floor_usage":[22],"damage_taken":[{"damage":0.0,"enemies":"2 Louse","floor":1.0,"turns":1.0},{"damage":0.0,"enemies":"Small Slimes","floor":2.0,"turns":1.0},{"damage":0.0,"enemies":"Cultist","floor":3.0,"turns":1.0},{"damage":4.0,"enemies":"Looter","floor":4.0,"turns":3.0},{"damage":14.0,"enemies":"Lots of Slimes","floor":5.0,"turns":7.0},{"damage":14.0,"enemies":"Gremlin Nob","floor":7.0,"turns":4.0},{"damage":7.0,"enemies":"Exordium Thugs","floor":8.0,"turns":7.0},{"damage":10.0,"enemies":"3 Sentries","floor":10.0,"turns":12.0},{"damage":0.0,"enemies":"2 Fungi Beasts","floor":12.0,"turns":5.0},{"damage":3.0,"enemies":"Hexaghost","floor":16.0,"turns":12.0},{"damage":46.0,"enemies":"Spheric Guardian","floor":18.0,"turns":10.0},{"damage":8.0,"enemies":"3 Byrds","floor":20.0,"turns":8.0},{"damage":38,"enemies":"Centurion and Healer","floor":22,"turns":20},{"damage":45,"enemies":"Sentry and Sphere","floor":24,"turns":5}],"seed_played":"364312486294015497","potions_obtained":[{"floor":3.0,"key":"Ancient Potion"},{"floor":4.0,"key":"bronze:BurnAndBuffPotion"},{"floor":8.0,"key":"Dexterity Potion"},{"floor":10.0,"key":"Energy Potion"},{"floor":12.0,"key":"PowerPotion"},{"floor":18.0,"key":"sneckomod:MuddlingPotion"},{"floor":20.0,"key":"FairyPotion"}],"is_trial":false,"path_per_floor":["M","M","M","M","M","R","E","M","T","E","?","M","R","?","R","B",null,"M","?","M","$","M","R","M"],"character_chosen":"THE_SILENT","items_purchased":["Regen Potion"],"campfire_rested":2,"item_purchase_floors":[21],"current_hp_per_floor":[63,63,63,59,45,45,31,24,24,14,14,16,37,37,37,34,63,17,17,11,11,17,39,0,0],"gold":374,"neow_bonus":"THREE_ENEMY_KILL","is_daily":false,"chose_seed":false,"campfire_upgraded":1,"win_rate":0.0,"timestamp":1613284174,"path_taken":["M","M","M","M","M","R","E","M","T","E","?","M","R","?","R","BOSS","M","?","M","$","M","R","M"],"items_purchased_type":["Potion"],"build_version":"2020-12-22","purchased_purges":1,"victory":false,"max_hp_per_floor":[70,70,70,70,70,70,70,70,70,70,70,72,72,72,72,72,72,72,72,74,74,74,74,74,74],"card_choices":[{"not_picked":["Prepared","Cloak And Dagger"],"picked":"Flechettes","floor":1.0},{"not_picked":["Bane","Acrobatics"],"picked":"Infinite Blades","floor":2.0},{"not_picked":["Predator","Slice"],"picked":"Dash","floor":3.0},{"not_picked":["Bane","Skewer"],"picked":"Terror","floor":4.0},{"not_picked":["Flying Knee","Deflect"],"picked":"Backflip","floor":5.0},{"not_picked":["Poisoned Stab","Slice"],"picked":"Prepared","floor":7.0},{"not_picked":["Blade Dance","Dodge and Roll"],"picked":"Leg Sweep","floor":8.0},{"not_picked":["Eviscerate","Catalyst"],"picked":"Malaise","floor":10.0},{"not_picked":["Masterful Stab","Dagger Throw","Poisoned Stab"],"picked":"Singing Bowl","floor":12.0},{"not_picked":["Venomology","Wraith Form v2"],"picked":"Malaise","floor":16.0},{"not_picked":["Reflex","Bane"],"picked":"Cloak And Dagger+1","floor":18.0},{"not_picked":["Backflip","Predator","Dodge and Roll"],"picked":"Singing Bowl","floor":20.0},{"not_picked":["Slice","Calculated Gamble"],"picked":"Riddle With Holes","floor":22}],"player_experience":984234,"relics_obtained":[{"floor":7.0,"key":"Singing Bowl"},{"floor":9.0,"key":"PreservedInsect"},{"floor":10.0,"key":"Ice Cream"}],"event_choices":[{"damage_healed":0.0,"max_hp_gain":0.0,"max_hp_loss":0.0,"gold_gain":0.0,"event_name":"Golden Idol","player_choice":"Ignored","floor":11.0,"gold_loss":0.0,"damage_taken":0.0},{"damage_healed":0.0,"max_hp_gain":0.0,"max_hp_loss":0.0,"gold_gain":0.0,"event_name":"Upgrade Shrine","player_choice":"Upgraded","floor":14.0,"gold_loss":0.0,"damage_taken":0.0,"cards_upgraded":["Infinite Blades"]},{"damage_healed":0.0,"max_hp_gain":0.0,"max_hp_loss":0.0,"gold_gain":99.0,"event_name":"Nest","player_choice":"Stole From Cult","floor":19.0,"gold_loss":0.0,"damage_taken":0.0}],"is_beta":false,"boss_relics":[{"not_picked":["Fusion Hammer","Busted Crown"],"picked":"SlaversCollar"}],"items_purged_floors":[21],"is_endless":false,"potions_floor_spawned":[3,4,8,10,12,18,20],"killed_by":"Sentry and Sphere","ascension_level":8}}