{"host":"bx8ylsmj2ob6hd5u","time":1613325735,"event":{"mods":["AchievementEnabler","Act Like it!","Aspiration","BaseMod","Colored Map","Downfall","Duelist Mod","Friendly Minions","Gensokyo","GifTheSpireLib","Hallownest","Hermit","HololiveMod","Hubris","Infinite Spire","Jorbs\u0027s Wanderer Trilogy","KinomotoSakuraMod(????)","Kiyohime????","Koishi","KomeijiMod","Lobotomy","LobotomyExtend","Marisa????????","Minty Spire (QoL Compilation)","Prisma Mod","Rare Cards Sparkle","Reimu??????","Remilia??????","Replay The Spire","StSLib","Td1madao Mod","The Administrix","The Animator","The Bug Knight","The Construct","The Cursed","The Disciple","The Hierophant","The Necromancer","The Poker Player","The Runesmith","The Senshi","The Servant 0.9.4","WarShipGirlsR/????R mod"],"gold_per_floor":[219,235,246,284,295,295,295,306,358,358,376,390,7,18,18,119,119,131,131,141,141,151,151,167,167,243,243,243,243,256,266,266,380,380,419,460,460,58,76,76,98,98,98,98,98,117,153,182,182,182,182],"floor_reached":50,"language":"ENG","playtime":3562,"items_purged":["construct:Accumulate+1"],"score":695,"play_id":"eaad3724-8eb0-4386-a9b7-0de6b50b2a4d","local_time":"20210214200215","is_ascension_mode":false,"campfire_choices":[{"data":"construct:DefenseMode","floor":6.0,"key":"SMITH"},{"data":"construct:AttackMode","floor":10.0,"key":"SMITH"},{"floor":15.0,"key":"REST"},{"data":"ReplayTheSpireMod:Book of Names","floor":23.0,"key":"SMITH"},{"data":"construct:ShieldGenerator","floor":25.0,"key":"SMITH"},{"data":"infinitespire:SevenWalls","floor":29.0,"key":"SMITH"},{"data":"construct:HyperBeam","floor":32.0,"key":"SMITH"},{"data":"construct:BatteryCore","floor":40.0,"key":"SMITH"},{"data":"Transmutation","floor":42,"key":"SMITH"},{"data":"construct:SiegeForm","floor":45,"key":"SMITH"},{"floor":49,"key":"REST"}],"circlet_count":0,"master_deck":["construct:Strike_Gold","construct:Strike_Gold+2","construct:Strike_Gold","construct:Strike_Gold","construct:Strike_Gold","construct:Defend_Gold","construct:Defend_Gold","construct:Defend_Gold","construct:Defend_Gold","construct:Defend_Gold","construct:AttackMode+1","construct:DefenseMode+1","construct:Boost","construct:VentSteam+1","construct:OmegaCannon","construct:Analyze","construct:MetalShell+1","construct:Versatility","construct:SiegeForm+1","construct:FierceBash","construct:HyperBeam+1","construct:PointDefense","construct:SyphonStrike+1","infinitespire:SevenWalls+1","ReplayTheSpireMod:Book of Names+1","construct:Autoturret","construct:ShieldGenerator+1","construct:PowerUp","construct:UnbalancingBlast","construct:SaveState+1","Transmutation+1","infinitespire:SevenWalls+1","construct:BatteryCore+1","construct:Versatility+1","construct:Versatility","construct:ShiftingStance","construct:LongRangeLance"],"relics":["construct:Cogwheel","LetterFromLob","ReplayTheSpireMod:Lightbulb","Replay:Ringing Soul","Bag of Preparation","ReplayTheSpireMod:DimensionalGlitch","Cauldron","aspiration:RitualDagger","ReplayTheSpireMod:Shallot","infinitespire:EvilPickle","hubris:ScarierMask","DollysMirror","hubris:CrystalStatue","Simple Rune"],"acts_visited":["Exordium","TheCity","TheBeyond"],"potions_floor_usage":[41,47,50,50],"damage_taken":[{"damage":0.0,"enemies":"Cultist","floor":1.0,"turns":4.0},{"damage":0.0,"enemies":"2 Louse","floor":2.0,"turns":3.0},{"damage":4.0,"enemies":"Jaw Worm","floor":3.0,"turns":4.0},{"damage":4.0,"enemies":"Large Slime","floor":5.0,"turns":15.0},{"damage":2.0,"enemies":"Red Slaver","floor":8.0,"turns":6.0},{"damage":4.0,"enemies":"Blue Slaver","floor":11.0,"turns":5.0},{"damage":0.0,"enemies":"Large Slime","floor":12.0,"turns":5.0},{"damage":10.0,"enemies":"Exordium Thugs","floor":14.0,"turns":5.0},{"damage":36.0,"enemies":"Fading Forest","floor":16.0,"turns":11.0},{"damage":0.0,"enemies":"Spheric Guardian","floor":18.0,"turns":3.0},{"damage":8.0,"enemies":"Centurion and Healer","floor":20.0,"turns":5.0},{"damage":10.0,"enemies":"Snake Plant","floor":22.0,"turns":2.0},{"damage":32.0,"enemies":"3 Cultists","floor":24.0,"turns":5.0},{"damage":15.0,"enemies":"Cultist and Chosen","floor":30.0,"turns":5.0},{"damage":41.0,"enemies":"Centurion and Healer","floor":31.0,"turns":7.0},{"damage":70.0,"enemies":"Pondfish","floor":33.0,"turns":12.0},{"damage":22.0,"enemies":"3 Shapes","floor":35.0,"turns":4.0},{"damage":13.0,"enemies":"Orb Walker","floor":36.0,"turns":4.0},{"damage":17.0,"enemies":"Jaw Worm Horde","floor":39.0,"turns":4.0},{"damage":26,"enemies":"Spire Growth","floor":41,"turns":8},{"damage":15,"enemies":"Sphere and 2 Shapes","floor":46,"turns":3},{"damage":74,"enemies":"Reptomancer","floor":47,"turns":9},{"damage":28,"enemies":"Jaw Worm Horde","floor":48,"turns":5},{"damage":136,"enemies":"hubris:GrandSnecko","floor":50,"turns":9}],"seed_played":"7633151879310302827","potions_obtained":[{"floor":4.0,"key":"Block Potion"},{"floor":4.0,"key":"Guardian:BlockOnCardUsePotion"},{"floor":4.0,"key":"UndeadPotion"},{"floor":5.0,"key":"Explosive Potion"},{"floor":8.0,"key":"LiquidBronze"},{"floor":11.0,"key":"ZuzhouPotion:ReiMu"},{"floor":12.0,"key":"Languid Potion"},{"floor":18.0,"key":"PowerPotion"},{"floor":21.0,"key":"Ancient Potion"},{"floor":21.0,"key":"MagicPotion:ReiMu"},{"floor":22.0,"key":"sneckomod:MuddlingPotion"},{"floor":36.0,"key":"Doom Potion"},{"floor":39.0,"key":"Ancient Potion"},{"floor":47,"key":"RedTea"},{"floor":48,"key":"Death Potion"}],"is_trial":false,"path_per_floor":["M","M","M","?","M","R","?","M","T","R","M","M","$","M","R","B",null,"M","?","M","AVR","M","R","M","R","T","M","$","R","M","M","R","B",null,"M","M","?","$","M","R","M","R","T","?","R","M","E","M","R","B"],"character_chosen":"THE_CONSTRUCT_MOD","items_purchased":["Replay:Ringing Soul","Bag of Preparation","Transmutation","DollysMirror"],"campfire_rested":2,"item_purchase_floors":[13,13,38,38],"current_hp_per_floor":[85,85,81,60,56,56,39,37,37,37,33,33,33,26,52,29,91,94,94,89,92,85,85,56,56,56,56,56,56,44,6,6,65,115,106,104,104,107,99,99,90,90,90,140,140,134,85,68,112,0,0],"gold":182,"neow_bonus":"HUNDRED_GOLD","is_daily":false,"chose_seed":false,"campfire_upgraded":9,"win_rate":0.0,"timestamp":1613325735,"path_taken":["M","M","M","?","?","R","?","M","T","R","M","M","$","M","R","BOSS","M","?","M","AVR","M","R","M","R","T","M","$","R","?","M","R","BOSS","M","M","?","$","M","R","M","R","T","?","R","?","E","M","R","BOSS"],"items_purchased_type":["Relic","Relic","Card","Relic"],"build_version":"2020-12-22","purchased_purges":1,"victory":false,"max_hp_per_floor":[85,85,85,85,85,85,85,85,85,85,85,85,85,88,88,91,91,94,94,97,100,103,103,106,106,106,106,106,106,109,112,112,115,115,118,121,121,124,127,127,130,130,130,140,140,143,146,149,149,149,149],"card_choices":[{"not_picked":["construct:Construct_Overclock","construct:Analyze"],"picked":"construct:Boost","floor":1.0},{"not_picked":["construct:Backfire","construct:HeavyBolt"],"picked":"construct:VentSteam","floor":2.0},{"not_picked":["construct:SaveState","construct:BatteryAcid"],"picked":"construct:ShiftGuard","floor":3.0},{"not_picked":["construct:VentSteam","construct:Analyze"],"picked":"construct:OmegaCannon","floor":4.0},{"not_picked":["construct:Backfire","construct:ScrapCannon"],"picked":"construct:Analyze","floor":5.0},{"not_picked":["construct:Antimatter","construct:Boost"],"picked":"construct:MetalShell","floor":8.0},{"not_picked":["construct:ClusterMines","construct:Reinforce"],"picked":"construct:Versatility","floor":11.0},{"not_picked":["construct:Versatility","construct:ClusterMines"],"picked":"construct:SiegeForm","floor":12.0},{"not_picked":["construct:ScrapCannon","construct:Backfire"],"picked":"construct:FierceBash","floor":14.0},{"not_picked":["construct:HammerDown","construct:Reserves"],"picked":"construct:HyperBeam","floor":16.0},{"not_picked":["construct:ShiftStrike","construct:Versatility"],"picked":"construct:PointDefense","floor":18.0},{"not_picked":["construct:FierceBash+1","construct:ScrapCannon+1"],"picked":"construct:SyphonStrike+1","floor":20.0},{"not_picked":["construct:PointDefense","construct:QuickAttack"],"picked":"construct:Autoturret","floor":22.0},{"not_picked":["construct:OneWayMirror","construct:Anticipate"],"picked":"construct:ShieldGenerator","floor":24.0},{"not_picked":["construct:FierceBash","construct:PointDefense"],"picked":"construct:PowerUp","floor":30.0},{"not_picked":["construct:Construct_Overclock","construct:HeavyBolt"],"picked":"construct:UnbalancingBlast","floor":31.0},{"not_picked":["construct:Bunker","construct:PanicFire"],"picked":"construct:Reserves","floor":33.0},{"not_picked":["construct:SyphonStrike+1","construct:ModeShift"],"picked":"construct:SaveState+1","floor":35.0},{"not_picked":["construct:SaveState","construct:Backfire"],"picked":"construct:Accumulate+1","floor":36.0},{"not_picked":["construct:CripplingShot+1","construct:LaserCore"],"picked":"construct:BatteryCore","floor":39.0},{"not_picked":["construct:SweepLaser+1","construct:OmegaCannon"],"picked":"construct:Versatility+1","floor":41},{"not_picked":["construct:VentSteam","construct:FocusedBeam"],"picked":"construct:Versatility","floor":46},{"not_picked":["construct:Isolate","construct:ModeShift+1"],"picked":"construct:ShiftingStance","floor":47},{"not_picked":["construct:ShiftStrike+1","construct:VentSteam+1"],"picked":"construct:LongRangeLance","floor":48}],"player_experience":1588363,"relics_obtained":[{"floor":1.0,"key":"LetterFromLob"},{"floor":9.0,"key":"ReplayTheSpireMod:Lightbulb"},{"floor":26.0,"key":"ReplayTheSpireMod:Shallot"},{"floor":43,"key":"hubris:CrystalStatue"},{"floor":47,"key":"Simple Rune"}],"event_choices":[{"damage_healed":0.0,"max_hp_gain":0.0,"max_hp_loss":0.0,"gold_gain":0.0,"event_name":"Shining Light","player_choice":"Entered Light","floor":7.0,"gold_loss":0.0,"damage_taken":17.0,"cards_upgraded":["construct:Strike_Gold","construct:VentSteam"]},{"cards_removed":["construct:ShiftGuard"],"damage_healed":0.0,"max_hp_gain":0.0,"max_hp_loss":0.0,"gold_gain":0.0,"event_name":"Purifier","player_choice":"Purged","floor":19.0,"gold_loss":0.0,"damage_taken":0.0},{"cards_removed":["construct:Reserves"],"damage_healed":40,"gold_gain":0,"player_choice":"Offered Rare","damage_taken":0,"max_hp_gain":10,"max_hp_loss":0,"event_name":"Bonfire Elementals","floor":44,"gold_loss":0}],"is_beta":false,"boss_relics":[{"not_picked":["hubris:GrandSneckoEye","Runesmith:UraniumAnvil"],"picked":"ReplayTheSpireMod:DimensionalGlitch"},{"not_picked":["Painkiller Herb","ReplayTheSpireMod:SealedPack"],"picked":"hubris:ScarierMask"}],"items_purged_floors":[38],"is_endless":false,"potions_floor_spawned":[5,8,11,12,18,22,36,39,47,48],"killed_by":"hubris:GrandSnecko","ascension_level":0}}