{"host":"1n4zh8skucxnzijq","time":1613317834,"event":{"mods":["BaseMod","Minty Spire (QoL Compilation)","Quick Restart"],"gold_per_floor":[119,131,131,146,164,195,195,205,205,232,232,232,242,242,242,313,313,292,217,234,250,250,250,250],"floor_reached":23,"language":"ENG","playtime":1568,"items_purged":["Writhe"],"score":493,"play_id":"6a1797b3-345c-4173-a642-d4f5374069d8","local_time":"20210214155034","is_ascension_mode":true,"campfire_choices":[{"data":"Terror","floor":7,"key":"SMITH"},{"data":"Choke","floor":11,"key":"SMITH"},{"data":"Distraction","floor":15,"key":"SMITH"}],"circlet_count":0,"master_deck":["AscendersBane","Strike_G","Strike_G","Strike_G","Strike_G","Strike_G","Defend_G","Defend_G","Defend_G","Defend_G","Defend_G","Survivor","Neutralize","Violence","Masterful Stab","Backflip","Terror+1","Flying Knee","Choke+1","Distraction+1","Doppelganger","After Image","Predator"],"relics":["Ring of the Snake","Matryoshka","Oddly Smooth Stone","Strawberry","PreservedInsect","Anchor","SacredBark","CultistMask"],"acts_visited":["TheCity"],"potions_floor_usage":[6,8,16,21,21,21,21],"damage_taken":[{"damage":4,"enemies":"Small Slimes","floor":1,"turns":5},{"damage":1,"enemies":"2 Louse","floor":2,"turns":3},{"damage":0,"enemies":"Cultist","floor":4,"turns":3},{"damage":3,"enemies":"Blue Slaver","floor":5,"turns":4},{"damage":6,"enemies":"Gremlin Nob","floor":6,"turns":3},{"damage":0,"enemies":"Lots of Slimes","floor":8,"turns":3},{"damage":8,"enemies":"Lagavulin","floor":10,"turns":4},{"damage":17,"enemies":"Exordium Thugs","floor":13,"turns":6},{"damage":0,"enemies":"Slime Boss","floor":16,"turns":2},{"damage":3,"enemies":"2 Thieves","floor":18,"turns":4},{"damage":14,"enemies":"3 Byrds","floor":20,"turns":7},{"damage":3,"enemies":"Cultist and Chosen","floor":21,"turns":4},{"damage":50,"enemies":"Slavers","floor":23,"turns":7}],"seed_played":"-5921614029742500693","potions_obtained":[{"floor":2,"key":"Explosive Potion"},{"floor":5,"key":"FearPotion"},{"floor":6,"key":"DistilledChaos"},{"floor":13,"key":"SneckoOil"},{"floor":14,"key":"EntropicBrew"},{"floor":14,"key":"CunningPotion"},{"floor":16,"key":"Strength Potion"}],"is_trial":false,"path_per_floor":["M","M","?","M","M","E","R","M","T","E","R","?","M","?","R","B",null,"M","$","M","M","?","E"],"character_chosen":"THE_SILENT","items_purchased":[],"campfire_rested":0,"item_purchase_floors":[],"current_hp_per_floor":[55,54,36,36,33,27,27,27,34,26,26,73,56,56,56,56,69,66,66,52,49,49,0,0],"gold":250,"neow_bonus":"RANDOM_COLORLESS_2","is_daily":false,"chose_seed":false,"campfire_upgraded":3,"win_rate":0.0,"timestamp":1613317834,"path_taken":["M","M","?","M","M","E","R","M","T","E","R","?","?","?","R","BOSS","M","?","M","M","?","E"],"items_purchased_type":[],"build_version":"2020-12-22","purchased_purges":1,"victory":false,"max_hp_per_floor":[66,66,66,66,66,66,66,66,73,73,73,73,73,73,73,73,73,73,73,73,73,73,73,73],"card_choices":[{"not_picked":["Chrysalis","Transmutation"],"picked":"Violence","floor":0},{"not_picked":["Crippling Poison","Sucker Punch"],"picked":"Masterful Stab","floor":1},{"not_picked":["Prepared","Blade Dance"],"picked":"Backflip","floor":2},{"not_picked":["Masterful Stab","Setup"],"picked":"Terror","floor":4},{"not_picked":["Accuracy","Leg Sweep"],"picked":"Flying Knee","floor":5},{"not_picked":["Distraction","Sucker Punch"],"picked":"Choke","floor":6},{"not_picked":["Poisoned Stab","Bane","Flying Knee"],"picked":"SKIP","floor":8},{"not_picked":["Dodge and Roll","Deflect"],"picked":"Distraction","floor":10},{"not_picked":["Deflect","Blur"],"picked":"Doppelganger","floor":13},{"not_picked":["Corpse Explosion","Grand Finale"],"picked":"After Image","floor":16},{"not_picked":["Quick Slash","Flying Knee"],"picked":"Predator","floor":18},{"not_picked":["Flying Knee","Outmaneuver","Deflect"],"picked":"SKIP","floor":20},{"not_picked":["Deadly Poison","Bane+1","Noxious Fumes"],"picked":"SKIP","floor":21}],"player_experience":1046483,"relics_obtained":[{"floor":6,"key":"Oddly Smooth Stone"},{"floor":9,"key":"Strawberry"},{"floor":9,"key":"PreservedInsect"},{"floor":10,"key":"Anchor"}],"event_choices":[{"damage_healed":0,"gold_gain":0,"player_choice":"Success","damage_taken":18,"relics_obtained":["Matryoshka"],"max_hp_gain":0,"max_hp_loss":0,"event_name":"Scrap Ooze","floor":3,"gold_loss":0},{"damage_healed":47,"gold_gain":0,"player_choice":"Full Heal","damage_taken":0,"max_hp_gain":0,"max_hp_loss":0,"event_name":"Wheel of Change","floor":12,"gold_loss":0},{"damage_healed":0,"gold_gain":0,"player_choice":"Got Potions","damage_taken":0,"max_hp_gain":0,"max_hp_loss":0,"event_name":"Lab","floor":14,"gold_loss":0},{"damage_healed":0,"gold_gain":0,"player_choice":"Trade","damage_taken":0,"relics_obtained":["CultistMask"],"max_hp_gain":0,"max_hp_loss":0,"event_name":"FaceTrader","floor":22,"gold_loss":0}],"is_beta":false,"boss_relics":[{"not_picked":["Tiny House","Ectoplasm"],"picked":"SacredBark"}],"items_purged_floors":[19],"is_endless":false,"potions_floor_spawned":[2,5,6,13,16,18],"killed_by":"Slavers","ascension_level":19}}