{"host":"zjc1tzo4ovig5lll","time":1613312097,"event":{"mods":["AchievementEnabler","Aspiration","BaseMod","Beaked The Cultist","Better Altar","Better Match","Better Note","Better Sensory Stone","Colored Map","Colored Powertips","Conspire","Energized Spire","Friendly Minions","GifTheSpireLib","Hermit","Minty Spire (QoL Compilation)","Rare Cards Sparkle","Reliquary","Replay The Spire","StSLib","The Blue Laboratory","The Construct","The Jungle","everything is the same but u backflip on backflip"],"gold_per_floor":[264,264,150,166,185,220,238,238,265,281,314,314,346,365,365,468,468,468,468],"floor_reached":18,"language":"ENG","playtime":1050,"items_purged":["Pain"],"score":228,"play_id":"a7388644-aae7-4d5e-a7e4-04627a3cd1a4","local_time":"20210214161457","is_ascension_mode":true,"campfire_choices":[{"floor":8,"key":"REST"},{"floor":12,"key":"REST"},{"floor":15,"key":"REST"}],"circlet_count":0,"master_deck":["Strike_B","Strike_B","Strike_B","Strike_B","Defend_B","Defend_B","Defend_B","Defend_B","Zap","Dualcast","Stack","FIFO Queue","Crystallizer","Crystallizer","Coolheaded","Seek","Defragment","Leap","Creative AI"],"relics":["Cracked Core","WarpedTongs","reliquary:SilkGlove","Replay:Baseball","ReplayTheSpireMod:TigerMarble","Bottled Lightning","conspire:SpecialSausage"],"acts_visited":["Exordium","TheCity"],"potions_floor_usage":[],"damage_taken":[{"damage":1.0,"enemies":"Cultist","floor":1.0,"turns":3.0},{"damage":0,"enemies":"Jaw Worm","floor":4,"turns":4},{"damage":0,"enemies":"conspire:RoseBush","floor":5,"turns":2},{"damage":46,"enemies":"Gremlin Nob","floor":6,"turns":5},{"damage":18,"enemies":"Large Slime","floor":7,"turns":6},{"damage":4,"enemies":"2 Fungi Beasts","floor":10,"turns":5},{"damage":2,"enemies":"Lagavulin","floor":11,"turns":7},{"damage":37,"enemies":"Gremlin Nob","floor":13,"turns":7},{"damage":2,"enemies":"Exordium Thugs","floor":14,"turns":5},{"damage":20,"enemies":"The Guardian","floor":16,"turns":13},{"damage":54,"enemies":"3 Byrds","floor":18,"turns":7}],"seed_played":"7630627784404302330","potions_obtained":[{"floor":4,"key":"BlessingOfTheForge"},{"floor":5,"key":"LifebloodPotion"},{"floor":6,"key":"Energy Potion"}],"is_trial":false,"path_per_floor":["M","?","$","M","M","E","M","R","T","M","E","R","E","M","R","B",null,"M"],"character_chosen":"DEFECT","items_purchased":["FIFO Queue"],"campfire_rested":3,"item_purchase_floors":[3],"current_hp_per_floor":[74,74,74,74,74,28,10,32,32,28,26,48,11,9,31,11,59,5,5],"gold":468,"neow_bonus":"TWO_FIFTY_GOLD","is_daily":false,"chose_seed":false,"campfire_upgraded":0,"win_rate":0.0,"timestamp":1613312097,"path_taken":["M","?","$","M","M","E","M","R","T","?","E","R","E","M","R","BOSS","M"],"items_purchased_type":["Card"],"build_version":"2020-12-22","purchased_purges":1,"victory":false,"max_hp_per_floor":[75,75,75,75,75,75,75,75,75,75,75,75,75,75,75,75,75,75,75],"card_choices":[{"not_picked":["Redo","conspire:Rain"],"picked":"Stack","floor":1},{"not_picked":["Barrage","Recycle"],"picked":"Crystallizer","floor":4},{"not_picked":["Stack","Chaos","Barrage"],"picked":"SKIP","floor":5},{"not_picked":["Chill","Cold Snap"],"picked":"Crystallizer","floor":6},{"not_picked":["ReplayTheSpireMod:System Scan","Cold Snap"],"picked":"Coolheaded","floor":7},{"not_picked":["ReplayTheSpireMod:System Scan","Gash"],"picked":"Seek","floor":10},{"not_picked":["Aggregate","Stack"],"picked":"Defragment","floor":11},{"not_picked":["Skim","Reprogram","Genetic Algorithm"],"picked":"SKIP","floor":13},{"not_picked":["Steam","Cold Snap"],"picked":"Leap","floor":14},{"not_picked":["Multi-Cast","Meteor Strike"],"picked":"Creative AI","floor":16}],"player_experience":736726,"relics_obtained":[{"floor":6,"key":"reliquary:SilkGlove"},{"floor":9,"key":"Replay:Baseball"},{"floor":11,"key":"ReplayTheSpireMod:TigerMarble"},{"floor":13,"key":"Bottled Lightning"}],"event_choices":[{"damage_healed":0,"gold_gain":0,"player_choice":"Rummage","damage_taken":0,"relics_obtained":["WarpedTongs"],"max_hp_gain":0,"max_hp_loss":0,"event_name":"Accursed Blacksmith","floor":2,"gold_loss":0,"cards_obtained":["Pain"]}],"is_beta":false,"boss_relics":[{"not_picked":["aspiration:SecretTechniqueScroll","Ring of Chaos"],"picked":"conspire:SpecialSausage"}],"items_purged_floors":[3],"is_endless":false,"potions_floor_spawned":[4,5,6,13,16],"killed_by":"3 Byrds","ascension_level":5}}