{"host":"x52zk6e1f2bye2h7","time":1613315782,"event":{"mods":["AchievementEnabler","BaseMod","Highlight Path","Minty Spire (QoL Compilation)","everything is the same but u backflip on backflip"],"gold_per_floor":[117,42,62,81,81,107,107,7,7,7,7,27,27,44,44,146,146,113,132,132,7,20,20,20],"floor_reached":23,"language":"ENG","playtime":690,"items_purged":["Strike_P","Strike_P","ForeignInfluence"],"score":201,"play_id":"1e95a6ad-e9c4-4535-9dc0-c6ea7656091e","local_time":"20210214151622","is_ascension_mode":true,"campfire_choices":[{"data":"PathToVictory","floor":7,"key":"SMITH"},{"floor":13,"key":"REST"},{"data":"Defend_P","floor":15,"key":"SMITH"}],"circlet_count":0,"master_deck":["Defend_P","Defend_P","Defend_P+1","Defend_P","Eruption","Vigilance","PathToVictory+1"],"relics":["PureWater"],"acts_visited":["Exordium","TheCity"],"potions_floor_usage":[6,18,19,23],"damage_taken":[{"damage":6,"enemies":"Jaw Worm","floor":1,"turns":3},{"damage":1,"enemies":"Cultist","floor":3,"turns":4},{"damage":2,"enemies":"2 Louse","floor":4,"turns":3},{"damage":11,"enemies":"Lagavulin","floor":6,"turns":6},{"damage":3,"enemies":"2 Fungi Beasts","floor":12,"turns":4},{"damage":0,"enemies":"Exordium Wildlife","floor":14,"turns":3},{"damage":6,"enemies":"The Guardian","floor":16,"turns":8},{"damage":15,"enemies":"2 Thieves","floor":18,"turns":5},{"damage":28,"enemies":"Chosen","floor":19,"turns":8},{"damage":21,"enemies":"Shelled Parasite and Fungi","floor":22,"turns":7},{"damage":9,"enemies":"Centurion and Healer","floor":23,"turns":4}],"seed_played":"7838575374923643275","potions_obtained":[{"floor":3,"key":"EssenceOfSteel"},{"floor":6,"key":"GamblersBrew"},{"floor":16,"key":"AttackPotion"},{"floor":19,"key":"ColorlessPotion"}],"is_trial":false,"path_per_floor":["M","$","M","M","?","E","R","$","T","?","?","M","R","M","R","B",null,"M","M","?","$","M","M"],"character_chosen":"WATCHER","items_purchased":[],"campfire_rested":1,"item_purchase_floors":[],"current_hp_per_floor":[66,66,65,63,63,52,52,52,52,52,52,49,70,70,70,64,72,57,29,29,29,8,0,0],"gold":20,"neow_bonus":"REMOVE_CARD","is_daily":false,"chose_seed":false,"campfire_upgraded":2,"win_rate":0.0,"timestamp":1613315782,"path_taken":["M","$","M","M","?","E","R","?","T","?","?","M","R","M","R","BOSS","M","M","?","$","M","M"],"items_purchased_type":[],"build_version":"2020-12-22","purchased_purges":3,"victory":false,"max_hp_per_floor":[72,72,72,72,72,72,72,72,72,72,72,72,72,72,72,72,72,72,72,72,72,72,72,72],"card_choices":[{"not_picked":["BowlingBash","Prostrate","SashWhip"],"picked":"SKIP","floor":1},{"not_picked":["Indignation","WreathOfFlame","Halt"],"picked":"SKIP","floor":3},{"not_picked":["Tantrum","EmptyMind"],"picked":"PathToVictory","floor":4},{"not_picked":["Halt","EmptyFist","BowlingBash"],"picked":"SKIP","floor":6},{"not_picked":["FlyingSleeves","Evaluate","Vengeance"],"picked":"SKIP","floor":12},{"not_picked":["SashWhip","ThirdEye","CutThroughFate"],"picked":"SKIP","floor":14},{"not_picked":["Collect","Wallop","Consecrate"],"picked":"SKIP","floor":18},{"not_picked":["ClearTheMind","CrushJoints+1","InnerPeace"],"picked":"SKIP","floor":19},{"not_picked":["Halt","Collect","Evaluate+1"],"picked":"SKIP","floor":22}],"player_experience":119525,"relics_obtained":[],"event_choices":[{"damage_healed":0,"gold_gain":0,"cards_transformed":["Strike_P"],"player_choice":"Transformed","damage_taken":0,"max_hp_gain":0,"max_hp_loss":0,"event_name":"Transmorgrifier","floor":5,"gold_loss":0,"cards_obtained":["ForeignInfluence"]},{"damage_healed":0,"gold_gain":0,"player_choice":"Ignored","damage_taken":0,"max_hp_gain":0,"max_hp_loss":0,"event_name":"Liars Game","floor":10,"gold_loss":0},{"damage_healed":0,"gold_gain":0,"player_choice":"Searched \u00270\u0027 times","damage_taken":0,"max_hp_gain":0,"max_hp_loss":0,"event_name":"Dead Adventurer","floor":11,"gold_loss":0},{"damage_healed":0,"gold_gain":0,"player_choice":"0 cards matched","damage_taken":0,"max_hp_gain":0,"max_hp_loss":0,"event_name":"Match and Keep!","floor":20,"gold_loss":0,"cards_obtained":[]}],"is_beta":false,"boss_relics":[{"not_picked":["Cursed Key","Runic Pyramid","Sozu"]}],"items_purged_floors":[2,8,21],"is_endless":false,"potions_floor_spawned":[3,6,16,19],"killed_by":"Centurion and Healer","ascension_level":1}}