{"host":"d73an99q9oevilk5","time":1613278535,"event":{"mods":["2.2 Compatiblity","AchievementEnabler","Act Like it!","Aspiration","BaseMod","Beaked The Cultist","Better Third Choice","BetterRewards","Bossed Relics","Colored Map","Colored Powertips","Conspire","Downfall","GifTheSpireLib","Halation","Hubris","Infinite Spire","Marisa????????","Mimic Mod","Minty Spire (QoL Compilation)","MostiFishMod","Quick Restart","Relic Sorter","Reliquary","Replay The Spire","Shop Mod","Spikes Relics","StSLib","Stuff the Spire","The Bug Knight","The Cursed","The Jungle","The Necromancer","The Saiyan","The Servant 0.9.4","Waifu the Spire","egg","slay the spire mod where everything is the same but ironclad has a cowboy hat","??????REMEMod"],"gold_per_floor":[119,129,129,149,149,175,175,175,246,246,306,344,358,384,384,482,482,517,547,547,647,714,729,729],"floor_reached":23,"language":"ENG","playtime":1153,"items_purged":[],"score":351,"play_id":"d8e2f97b-dc31-4586-bb6a-3ffcf88b74ab","local_time":"20210213215535","is_ascension_mode":false,"campfire_choices":[{"data":"Luminosity","floor":7,"key":"SMITH"},{"data":"SilverBlades","floor":10,"key":"SMITH"},{"data":"Hightail","floor":15,"key":"SMITH"}],"circlet_count":0,"master_deck":["Strike_S","Strike_S","Strike_S","Strike_S","Defend_S","Defend_S","Defend_S","Defend_S","KidneyShot","Exchange","Luminosity+1","TheWorld","Defy","SilverBlades+1","SpecialFormula","SilverBlades+1","Barrier+1","Hightail+1","Ricochet","Solidify","TheCursedMod:Dregs","hubris:Despair","Intolerance","TheWorld","Gouge+1"],"relics":["Uniform","REME_ComplimentaryCards","DaveBox","ArrowTower","WizardHat","hubris:64BitClover","SynthV:TestCard","Replay:Wax Seal","REME_ArchaeologicalTools","Replay:PocketPolymizer","halation:AfternoonTea","Replay:Ancient Bell","aspiration:Lifesprig","HollowMod:StagPassRelic","hubris:Potato","BicycleWheel"],"acts_visited":["Exordium","Exordium"],"potions_floor_usage":[6,23,23,23],"damage_taken":[{"damage":0,"enemies":"2 Louse","floor":1,"turns":2},{"damage":0,"enemies":"Cultist","floor":2,"turns":3},{"damage":3,"enemies":"conspire:RoseBush","floor":4,"turns":3},{"damage":16,"enemies":"3 Sentries","floor":6,"turns":5},{"damage":3,"enemies":"conspire:2 RoseBushes","floor":11,"turns":3},{"damage":9,"enemies":"Replay:BlueRogue","floor":12,"turns":6},{"damage":0,"enemies":"Exordium Thugs","floor":13,"turns":4},{"damage":0,"enemies":"Looter","floor":14,"turns":4},{"damage":0,"enemies":"The Guardian","floor":16,"turns":9},{"damage":5,"enemies":"Shell Parasite","floor":18,"turns":7},{"damage":0,"enemies":"theJungle:GiantWrat","floor":19,"turns":6},{"damage":0,"enemies":"theJungle:JungleHuntersEncounter","floor":22,"turns":10},{"damage":74,"enemies":"theJungle:MamaSnecko","floor":23,"turns":6}],"seed_played":"8883090944482153383","potions_obtained":[{"floor":1,"key":"Reflective Coating"},{"floor":6,"key":"REME_GoldPotion"},{"floor":11,"key":"AttackPotion"},{"floor":14,"key":"Fire Potion"},{"floor":16,"key":"LifebloodPotion"}],"is_trial":false,"path_per_floor":["M","M","?","M","$","E","R","?","T","R","M","E","M","M","R_BF","B",null,"M","M","?","?","MIM","E"],"character_chosen":"THE_SERVANT","items_purchased":["Luminosity","TheWorld"],"campfire_rested":0,"item_purchase_floors":[0,0],"current_hp_per_floor":[65,65,65,62,62,51,51,51,51,51,48,44,49,54,54,54,65,60,65,65,61,65,0,0],"gold":729,"neow_bonus":"","is_daily":false,"chose_seed":false,"campfire_upgraded":3,"win_rate":0.0,"timestamp":1613278535,"path_taken":["M","M","?","?","$","E","R","?","T","R","M","E","M","M","R_BF","BOSS","M","M","?","?","?","E"],"items_purchased_type":["Card","Card"],"build_version":"2020-12-22","purchased_purges":0,"victory":false,"max_hp_per_floor":[65,65,65,65,65,65,65,65,65,65,65,65,65,65,65,65,65,65,65,65,65,65,65,65],"card_choices":[{"not_picked":["RealityMarble","Snipe"],"picked":"SilverBlades","floor":1},{"not_picked":["Foresight","Misdirection","Luminosity","Rearm"],"picked":"SpecialFormula","floor":2},{"not_picked":["Unruled","Rearm","ShiftingGears","BottledTime","Moondial"],"picked":"SKIP","floor":4},{"not_picked":["Advance","Comet","Rewind","ShatteredReality","Alleviate"],"picked":"SKIP","floor":6},{"not_picked":["SpecialFormula","Manipulate","Starlight","InstantArmor"],"picked":"Barrier","floor":11},{"not_picked":["Potential","Moonlight","Starlight","TimeTheft"],"picked":"Hightail","floor":12},{"not_picked":["TimeTheft","PendulumOfEternity","Rewind","Potential"],"picked":"Ricochet","floor":13},{"not_picked":["Replace","StarChef","SpecialFormula","Read","DoubleEdge"],"picked":"SKIP","floor":14},{"not_picked":["Initiator","Deny","Duplication","TrueSight"],"picked":"Solidify","floor":16},{"not_picked":["CloudedMind","hubris:Compulsion","Hallucinations","Pain"],"picked":"TheCursedMod:Dregs","floor":17},{"not_picked":["hubris:Envy","Languid","Amnesia","downfall:Malfunctioning"],"picked":"hubris:Despair","floor":17},{"not_picked":["hubris:Wrath","Regret","ReplayTheSpireMod:Doomed","Spreading Infection"],"picked":"Intolerance","floor":17},{"not_picked":["Deadline","Spin+1","DoubleEdge","FastForward"],"picked":"TheWorld","floor":18},{"not_picked":["Rewind","Replace","Defy","TimeWarp+1","Starlight"],"picked":"SKIP","floor":19},{"not_picked":["Alleviate","Potential","Unruled","WasteNot+1"],"picked":"Gouge+1","floor":22}],"player_experience":1935885,"relics_obtained":[{"floor":1,"key":"SynthV:TestCard"},{"floor":6,"key":"Replay:Wax Seal"},{"floor":9,"key":"REME_ArchaeologicalTools"},{"floor":12,"key":"Replay:PocketPolymizer"},{"floor":16,"key":"halation:AfternoonTea"},{"floor":22,"key":"BicycleWheel"}],"event_choices":[{"damage_healed":0,"gold_gain":0,"player_choice":"Ignored","damage_taken":0,"max_hp_gain":0,"max_hp_loss":0,"event_name":"Golden Wing","floor":8,"gold_loss":0}],"is_beta":false,"boss_relics":[{"not_picked":["Empty Cage","Kintsugi"],"picked":"Replay:Ancient Bell"},{"not_picked":["ReplayTheSpireMod:Lightbulb","Bag of Preparation"],"picked":"aspiration:Lifesprig"},{"not_picked":["Kunai","Toxic Egg 2"],"picked":"HollowMod:StagPassRelic"},{"not_picked":["Lizard Tail","REME_IWantAll"],"picked":"hubris:Potato"}],"items_purged_floors":[],"is_endless":false,"potions_floor_spawned":[1,6,11,14,16,18],"killed_by":"theJungle:MamaSnecko","ascension_level":0}}