{"host":"8ztb9kwpjc2zof9s","time":1613298110,"event":{"mods":["BaseMod","Block Reminder","Curses Come First","Minty Spire (QoL Compilation)","Relic Stats","StSLib"],"gold_per_floor":[112,128,22,22,22,56,56,83,110,127,127,127,302,302,302,407,407,417,436,436,436,26,26,37,48,103,103,122,122,140,140,140,235,235,249,58,75,40,90,90,108,108,186,186,186],"floor_reached":44,"language":"ENG","playtime":1685,"items_purged":["Strike_G","Doubt"],"score":705,"play_id":"d792f4eb-a599-448b-a52b-b46282dbad22","local_time":"20210214022150","is_ascension_mode":true,"campfire_choices":[{"floor":12,"key":"REST"},{"floor":15,"key":"REST"},{"data":"Infinite Blades","floor":23,"key":"SMITH"},{"floor":27,"key":"REST"},{"floor":29,"key":"REST"},{"floor":32,"key":"REST"},{"floor":40,"key":"REST"}],"circlet_count":0,"master_deck":["AscendersBane","Strike_G+1","Strike_G+1","Defend_G","Defend_G","Defend_G","Defend_G","Defend_G","Survivor","Neutralize","Backflip","Footwork+1","Cloak And Dagger","Infinite Blades+1","Bouncing Flask","Backflip","Backflip","Deadly Poison","Parasite","Night Terror+1","Blade Dance+1","Cloak And Dagger","Noxious Fumes","Deadly Poison+1","Prepared","Wraith Form v2","Cloak And Dagger","Dash","Noxious Fumes","Accuracy","Backflip+1","Normality"],"relics":["Ring of the Snake","NeowsBlessing","Juzu Bracelet","Orichalcum","Whetstone","Cursed Key","Shuriken","Vajra","Philosopher\u0027s Stone","Prayer Wheel","Ninja Scroll"],"acts_visited":["Exordium","TheCity","TheBeyond"],"potions_floor_usage":[8,8,25,28,30,33,33,44],"damage_taken":[{"damage":0,"enemies":"Jaw Worm","floor":1,"turns":1},{"damage":0,"enemies":"2 Louse","floor":2,"turns":1},{"damage":0,"enemies":"3 Sentries","floor":6,"turns":2},{"damage":52,"enemies":"Gremlin Nob","floor":8,"turns":6},{"damage":0,"enemies":"Cultist","floor":10,"turns":5},{"damage":18,"enemies":"Hexaghost","floor":16,"turns":12},{"damage":10,"enemies":"Spheric Guardian","floor":18,"turns":4},{"damage":5,"enemies":"3 Byrds","floor":19,"turns":10},{"damage":20,"enemies":"Centurion and Healer","floor":24,"turns":8},{"damage":23,"enemies":"Sentry and Sphere","floor":25,"turns":7},{"damage":24,"enemies":"Shelled Parasite and Fungi","floor":28,"turns":6},{"damage":12,"enemies":"Cultist and Chosen","floor":30,"turns":7},{"damage":61,"enemies":"Automaton","floor":33,"turns":11},{"damage":4,"enemies":"Orb Walker","floor":35,"turns":4},{"damage":11,"enemies":"3 Darklings","floor":37,"turns":5},{"damage":16,"enemies":"Mind Bloom Boss Battle","floor":39,"turns":6},{"damage":24,"enemies":"4 Shapes","floor":41,"turns":6},{"damage":26,"enemies":"Transient","floor":44,"turns":4}],"seed_played":"-3117705526367168176","potions_obtained":[{"floor":2,"key":"PowerPotion"},{"floor":6,"key":"Swift Potion"},{"floor":19,"key":"Ancient Potion"},{"floor":24,"key":"AttackPotion"},{"floor":28,"key":"SpeedPotion"},{"floor":31,"key":"FairyPotion"},{"floor":31,"key":"EntropicBrew"},{"floor":39,"key":"EssenceOfSteel"}],"is_trial":false,"path_per_floor":["M","M","$","?","?","E","$","E","T","M","?","R","?","?","R","B",null,"M","M","?","?","$","R","M","M","T","R","M","R","M","?","R","B",null,"M","$","M","$","?","R","M","?","T","M"],"character_chosen":"THE_SILENT","items_purchased":["Cloak And Dagger","Infinite Blades","Shuriken","Noxious Fumes","Cloak And Dagger","Dash","Noxious Fumes"],"campfire_rested":6,"item_purchase_floors":[3,3,22,22,36,36,38],"current_hp_per_floor":[63,63,63,63,63,63,63,11,11,11,28,49,49,42,63,45,64,54,49,49,49,49,49,29,6,6,27,3,24,12,12,33,11,55,51,51,40,40,24,45,21,21,21,0,0],"gold":186,"neow_bonus":"THREE_ENEMY_KILL","is_daily":false,"chose_seed":false,"campfire_upgraded":1,"win_rate":0.0,"timestamp":1613298110,"path_taken":["M","M","$","?","?","E","$","E","T","M","?","R","?","?","R","BOSS","M","M","?","?","$","R","M","M","T","R","M","R","M","?","R","BOSS","M","$","M","?","?","R","M","?","T","M"],"items_purchased_type":["Card","Card","Relic","Card","Card","Card","Card"],"build_version":"2020-12-22","purchased_purges":2,"victory":false,"max_hp_per_floor":[70,70,70,70,70,70,70,70,70,70,70,70,70,70,70,70,70,70,70,70,70,70,70,70,70,70,70,70,70,70,70,70,70,70,70,70,70,70,70,70,70,70,70,70,70],"relic_stats":{"counters":[18,105],"Shuriken":[39],"Prayer Wheel":1,"Juzu Bracelet":3,"Whetstone":["Strike_G","Strike_G"],"Orichalcum":[60],"Cursed Key":2,"obtain_stats":[{"NeowsBlessing":0,"Shuriken":22,"Ninja Scroll":43,"Vajra":26,"Philosopher\u0027s Stone":34,"Prayer Wheel":39,"Juzu Bracelet":6,"Whetstone":9,"Orichalcum":8,"Cursed Key":17,"Ring of the Snake":0},{"NeowsBlessing":0,"Shuriken":8,"Ninja Scroll":17,"Vajra":10,"Philosopher\u0027s Stone":13,"Prayer Wheel":16,"Juzu Bracelet":3,"Whetstone":4,"Orichalcum":4,"Cursed Key":6,"Ring of the Snake":0},{"NeowsBlessing":0,"Shuriken":41,"Ninja Scroll":101,"Vajra":56,"Philosopher\u0027s Stone":80,"Prayer Wheel":95,"Juzu Bracelet":4,"Whetstone":10,"Orichalcum":10,"Cursed Key":27,"Ring of the Snake":0}],"Ring of the Snake":[36]},"card_choices":[{"not_picked":["Bouncing Flask","Tactician"],"picked":"Backflip","floor":1},{"not_picked":["PiercingWail","Well Laid Plans"],"picked":"Footwork","floor":2},{"not_picked":["Outmaneuver","Deadly Poison"],"picked":"Backflip","floor":6},{"not_picked":["PiercingWail","Sucker Punch"],"picked":"Backflip","floor":8},{"not_picked":["Concentrate","Acrobatics"],"picked":"Deadly Poison","floor":10},{"not_picked":["Bullet Time","Grand Finale"],"picked":"Night Terror","floor":16},{"not_picked":["Dagger Throw","Poisoned Stab+1"],"picked":"Blade Dance+1","floor":18},{"not_picked":["Flying Knee","Dagger Throw"],"picked":"Cloak And Dagger","floor":19},{"not_picked":["Backstab+1","Slice+1","Outmaneuver"],"picked":"SKIP","floor":24},{"not_picked":["Flying Knee","Underhanded Strike+1"],"picked":"Deadly Poison+1","floor":25},{"not_picked":["Outmaneuver","Calculated Gamble+1","Sucker Punch"],"picked":"SKIP","floor":28},{"not_picked":["Outmaneuver+1","Flechettes"],"picked":"Prepared","floor":30},{"not_picked":["Grand Finale","Doppelganger"],"picked":"Wraith Form v2","floor":33},{"not_picked":["Calculated Gamble","Dagger Throw+1","Sucker Punch"],"picked":"SKIP","floor":35},{"not_picked":["Deflect","Choke","Outmaneuver+1"],"picked":"SKIP","floor":37},{"not_picked":["Crippling Poison+1","Sucker Punch"],"picked":"Accuracy","floor":39},{"not_picked":["Quick Slash","Deflect"],"picked":"Backflip+1","floor":41},{"not_picked":["Bouncing Flask+1","Dodge and Roll","Heel Hook+1"],"picked":"SKIP","floor":41}],"player_experience":335690,"relics_obtained":[{"floor":6,"key":"Juzu Bracelet"},{"floor":8,"key":"Orichalcum"},{"floor":9,"key":"Whetstone"},{"floor":26,"key":"Vajra"},{"floor":39,"key":"Prayer Wheel"},{"floor":43,"key":"Ninja Scroll"}],"event_choices":[{"damage_healed":0,"gold_gain":0,"player_choice":"Grow","damage_taken":0,"max_hp_gain":0,"max_hp_loss":0,"event_name":"Living Wall","floor":4,"gold_loss":0,"cards_upgraded":["Footwork"]},{"damage_healed":0,"gold_gain":0,"cards_transformed":["Strike_G"],"player_choice":"Transformed","damage_taken":0,"max_hp_gain":0,"max_hp_loss":0,"event_name":"Transmorgrifier","floor":5,"gold_loss":0,"cards_obtained":["Bouncing Flask"]},{"damage_healed":17,"gold_gain":0,"player_choice":"Healed and dodged fight","damage_taken":0,"max_hp_gain":0,"max_hp_loss":0,"event_name":"Mushrooms","floor":11,"gold_loss":0,"cards_obtained":["Parasite"]},{"damage_healed":0,"gold_gain":175,"player_choice":"AGREE","damage_taken":0,"max_hp_gain":0,"max_hp_loss":0,"event_name":"Liars Game","floor":13,"gold_loss":0,"cards_obtained":["Doubt"]},{"cards_removed":["Doubt"],"damage_healed":0,"gold_gain":0,"player_choice":"Card Removal","damage_taken":7,"max_hp_gain":0,"max_hp_loss":0,"event_name":"Golden Wing","floor":14,"gold_loss":0},{"damage_healed":0,"gold_gain":0,"player_choice":"Ignored","damage_taken":0,"max_hp_gain":0,"max_hp_loss":0,"event_name":"Vampires","floor":20,"gold_loss":0},{"damage_healed":0,"gold_gain":0,"player_choice":"Forge","damage_taken":0,"max_hp_gain":0,"max_hp_loss":0,"event_name":"Accursed Blacksmith","floor":21,"gold_loss":0,"cards_upgraded":["Night Terror"]},{"damage_healed":0,"gold_gain":0,"player_choice":"Got Potions","damage_taken":0,"max_hp_gain":0,"max_hp_loss":0,"event_name":"Lab","floor":31,"gold_loss":0},{"damage_healed":0,"gold_gain":0,"player_choice":"Fight","damage_taken":0,"max_hp_gain":0,"max_hp_loss":0,"event_name":"MindBloom","floor":39,"gold_loss":0},{"cards_removed":["Strike_G"],"damage_healed":0,"gold_gain":0,"player_choice":"Offered Basic","damage_taken":0,"max_hp_gain":0,"max_hp_loss":0,"event_name":"Bonfire Elementals","floor":42,"gold_loss":0}],"is_beta":false,"boss_relics":[{"not_picked":["Calling Bell","Sozu"],"picked":"Cursed Key"},{"not_picked":["HoveringKite","Coffee Dripper"],"picked":"Philosopher\u0027s Stone"}],"items_purged_floors":[22,36],"is_endless":false,"potions_floor_spawned":[2,6,19,24,28,39],"killed_by":"Transient","ascension_level":11}}