{"host":"gobyjzz6xbwq9f9i","time":1613277294,"event":{"mods":["AchievementEnabler","BaseMod","Bestiary","Colored Map","Minty Spire (QoL Compilation)","Relic Stats"],"gold_per_floor":[117,129,129,143,159,184,184,184,184],"floor_reached":8,"language":"ENG","playtime":230,"items_purged":[],"score":87,"play_id":"7cbad47f-911d-49d3-a827-344a05f8196b","local_time":"20210213203454","is_ascension_mode":true,"campfire_choices":[{"floor":7,"key":"REST"}],"circlet_count":0,"master_deck":["AscendersBane","Strike_B","Strike_B","Strike_B","Defend_B","Defend_B","Defend_B","Zap","Dualcast","Sweeping Beam","Ball Lightning","Cold Snap","Genetic Algorithm","Leap"],"relics":["Empty Cage","Pantograph"],"acts_visited":["Exordium"],"potions_floor_usage":[6],"damage_taken":[{"damage":17,"enemies":"Small Slimes","floor":1,"turns":4},{"damage":1,"enemies":"Cultist","floor":2,"turns":4},{"damage":2,"enemies":"Jaw Worm","floor":4,"turns":3},{"damage":14,"enemies":"Blue Slaver","floor":5,"turns":3},{"damage":16,"enemies":"3 Sentries","floor":6,"turns":7},{"damage":51,"enemies":"Gremlin Nob","floor":8,"turns":5}],"seed_played":"-7378756439063379361","potions_obtained":[{"floor":1,"key":"Dexterity Potion"}],"is_trial":false,"path_per_floor":["M","M","?","M","M","E","R","E"],"character_chosen":"DEFECT","items_purchased":[],"campfire_rested":1,"item_purchase_floors":[],"current_hp_per_floor":[51,50,50,48,34,18,40,0,0],"gold":184,"neow_bonus":"BOSS_RELIC","is_daily":false,"chose_seed":false,"campfire_upgraded":0,"win_rate":0.0,"timestamp":1613277294,"path_taken":["M","M","?","M","M","E","R","E"],"items_purchased_type":[],"build_version":"2020-12-22","purchased_purges":0,"victory":false,"max_hp_per_floor":[75,75,75,75,75,75,75,75,75],"relic_stats":{"counters":[6,26],"Pantograph":0,"obtain_stats":[{"Pantograph":6,"Cracked Core":0,"Empty Cage":0},{"Pantograph":5,"Cracked Core":0,"Empty Cage":0},{"Pantograph":21,"Cracked Core":0,"Empty Cage":0}]},"card_choices":[{"not_picked":["White Noise","Leap"],"picked":"Sweeping Beam","floor":1},{"not_picked":["Cold Snap","Hologram"],"picked":"Ball Lightning","floor":2},{"not_picked":["Redo","Sweeping Beam"],"picked":"Cold Snap","floor":4},{"not_picked":["Coolheaded","White Noise"],"picked":"Genetic Algorithm","floor":5},{"not_picked":["Creative AI","Gash"],"picked":"Leap","floor":6}],"player_experience":1358497,"relics_obtained":[{"floor":6,"key":"Pantograph"}],"event_choices":[{"damage_healed":0,"gold_gain":0,"player_choice":"Ignored","damage_taken":0,"max_hp_gain":0,"max_hp_loss":0,"event_name":"NoteForYourself","floor":3,"gold_loss":0}],"is_beta":false,"boss_relics":[],"items_purged_floors":[],"is_endless":false,"potions_floor_spawned":[1],"killed_by":"Gremlin Nob","ascension_level":10}}