{"host":"jlz4is0nf6zo9oab","time":1613328840,"event":{"mods":["AchievementEnabler","BaseMod","Colored Map","Colored Powertips","Highlight Path","Minty Spire (QoL Compilation)","StSLib"],"gold_per_floor":[112,129,129,58,21,21,53,53,78,106,71,71,71,87,87,187,187,218,230,212,212],"floor_reached":20,"language":"SPA","playtime":402,"items_purged":[],"score":405,"play_id":"e3a74115-f3e7-46fc-a603-ae6c7aad2be1","local_time":"20210214195400","is_ascension_mode":true,"campfire_choices":[{"data":"Rip and Tear","floor":6,"key":"SMITH"},{"data":"Leap","floor":8,"key":"SMITH"},{"data":"Echo Form","floor":13,"key":"SMITH"},{"data":"Lockon","floor":15,"key":"SMITH"}],"circlet_count":0,"master_deck":["AscendersBane","Strike_B","Strike_B","Strike_B","Strike_B","Defend_B","Defend_B","Defend_B","Defend_B","Zap","Dualcast+1","Melter","Ball Lightning","Capacitor","Rip and Tear+1","Leap+1","Echo Form+1","Lockon+1","Creative AI","CurseOfTheBell","Defragment"],"relics":["Cracked Core","NeowsBlessing","Lantern","Vajra","Blue Candle","Calling Bell","MawBank","Shuriken","Incense Burner"],"acts_visited":["Exordium","TheCity"],"potions_floor_usage":[10,10],"damage_taken":[{"damage":0,"enemies":"Small Slimes","floor":1,"turns":1},{"damage":0,"enemies":"Jaw Worm","floor":2,"turns":1},{"damage":0,"enemies":"Gremlin Nob","floor":7,"turns":1},{"damage":15,"enemies":"Lagavulin","floor":10,"turns":3},{"damage":2,"enemies":"2 Louse","floor":14,"turns":2},{"damage":0,"enemies":"Slime Boss","floor":16,"turns":6},{"damage":59,"enemies":"Shell Parasite","floor":18,"turns":9},{"damage":17,"enemies":"2 Thieves","floor":20,"turns":1}],"seed_played":"4170077163133529439","potions_obtained":[{"floor":1,"key":"BlessingOfTheForge"},{"floor":2,"key":"Strength Potion"},{"floor":7,"key":"FearPotion"}],"is_trial":false,"path_per_floor":["M","M","?","$","$","R","E","R","T","E","?","$","R","M","R","B",null,"M","$","M"],"character_chosen":"DEFECT","items_purchased":["Capacitor","Rip and Tear"],"campfire_rested":0,"item_purchase_floors":[4,5],"current_hp_per_floor":[68,68,68,68,68,68,68,68,68,53,71,71,71,69,69,69,74,15,15,0,0],"gold":212,"neow_bonus":"THREE_ENEMY_KILL","is_daily":false,"chose_seed":false,"campfire_upgraded":4,"win_rate":0.0,"timestamp":1613328840,"path_taken":["M","M","?","?","$","R","E","R","T","E","?","?","R","M","R","BOSS","M","$","M"],"items_purchased_type":["Card","Card"],"build_version":"2020-12-22","purchased_purges":0,"victory":false,"max_hp_per_floor":[75,75,75,75,75,75,75,75,75,75,75,75,75,75,75,75,75,75,75,75,75],"card_choices":[{"not_picked":["BootSequence","Darkness"],"picked":"Melter","floor":1},{"not_picked":["Go for the Eyes","Stack"],"picked":"Ball Lightning","floor":2},{"not_picked":["Coolheaded","Beam Cell"],"picked":"Leap","floor":7},{"not_picked":["Conserve Battery","Steam"],"picked":"Echo Form","floor":10},{"not_picked":["Steam Power","Force Field"],"picked":"Lockon","floor":14},{"not_picked":["Machine Learning","Amplify"],"picked":"Creative AI","floor":16},{"not_picked":["Melter","Redo"],"picked":"Defragment","floor":18}],"player_experience":967934,"relics_obtained":[{"floor":7,"key":"Lantern"},{"floor":9,"key":"Vajra"},{"floor":10,"key":"Blue Candle"},{"floor":17,"key":"MawBank"},{"floor":17,"key":"Shuriken"},{"floor":17,"key":"Incense Burner"}],"event_choices":[{"damage_healed":0,"gold_gain":0,"player_choice":"Grow","damage_taken":0,"max_hp_gain":0,"max_hp_loss":0,"event_name":"Living Wall","floor":3,"gold_loss":0,"cards_upgraded":["Dualcast"]},{"damage_healed":18,"gold_gain":0,"player_choice":"Healed","damage_taken":0,"max_hp_gain":0,"max_hp_loss":0,"event_name":"The Cleric","floor":11,"gold_loss":35}],"is_beta":false,"boss_relics":[{"not_picked":["Runic Dome","Ectoplasm"],"picked":"Calling Bell"}],"items_purged_floors":[],"is_endless":false,"potions_floor_spawned":[1,2,7],"killed_by":"2 Thieves","ascension_level":12}}