{"host":"bpnwh7vpv9k3tssc","time":1613307917,"event":{"mods":["BaseMod","Colored Map","Colored Powertips","Curses Come First","Highlight Path","Minty Spire (QoL Compilation)","Quick Restart","Random Character Button","Relic Sorter","StSLib"],"gold_per_floor":[109,109,34,34,47,47,74,74,98,98,111,125,158,158,158,158,158],"floor_reached":16,"language":"ENG","playtime":348,"items_purged":[],"score":239,"play_id":"eeefa7a0-1afe-4b7b-be80-840d976b0b2e","local_time":"20210214140517","is_ascension_mode":true,"campfire_choices":[{"data":"Armaments","floor":6,"key":"SMITH"},{"data":"Body Slam","floor":8,"key":"SMITH"},{"data":"Bash","floor":10,"key":"SMITH"},{"data":"Dual Wield","floor":15,"key":"SMITH"}],"circlet_count":0,"master_deck":["AscendersBane","Strike_R","Strike_R","Strike_R","Strike_R","Defend_R","Defend_R","Defend_R","Defend_R","Bash+1","Armaments+1","Ghostly Armor","Body Slam+1","Entrench","Shockwave","Dual Wield+1"],"relics":["Burning Blood","NeowsBlessing","Ginger","The Courier","Bronze Scales","Blue Candle","Golden Idol"],"acts_visited":["Exordium"],"potions_floor_usage":[16,16],"damage_taken":[{"damage":0,"enemies":"2 Louse","floor":1,"turns":1},{"damage":0,"enemies":"Small Slimes","floor":5,"turns":1},{"damage":0,"enemies":"Gremlin Nob","floor":7,"turns":1},{"damage":2,"enemies":"Jaw Worm","floor":11,"turns":4},{"damage":8,"enemies":"Blue Slaver","floor":12,"turns":3},{"damage":8,"enemies":"Lagavulin","floor":13,"turns":11},{"damage":52,"enemies":"Slime Boss","floor":16,"turns":9}],"seed_played":"645106678341384096","potions_obtained":[{"floor":7,"key":"LiquidMemories"},{"floor":11,"key":"Weak Potion"},{"floor":12,"key":"SteroidPotion"}],"is_trial":false,"path_per_floor":["M","?","?","$","M","R","E","R","T","R","M","M","E","?","R","B"],"character_chosen":"IRONCLAD","items_purchased":[],"campfire_rested":0,"item_purchase_floors":[],"current_hp_per_floor":[74,56,56,56,62,62,68,68,68,68,72,70,68,42,42,0,0],"gold":158,"neow_bonus":"THREE_ENEMY_KILL","is_daily":false,"chose_seed":false,"campfire_upgraded":4,"win_rate":0.0,"timestamp":1613307917,"path_taken":["M","?","?","$","M","R","E","R","T","R","M","M","E","?","R","BOSS"],"items_purchased_type":[],"build_version":"2020-12-22","purchased_purges":0,"victory":false,"max_hp_per_floor":[75,75,75,75,75,75,75,75,75,75,75,75,75,75,75,75,75],"card_choices":[{"not_picked":["Headbutt","Havoc"],"picked":"Armaments","floor":1},{"not_picked":["Seeing Red","Iron Wave"],"picked":"Ghostly Armor","floor":5},{"not_picked":["Heavy Blade","Sword Boomerang"],"picked":"Body Slam","floor":7},{"not_picked":["Sword Boomerang","True Grit"],"picked":"Entrench","floor":11},{"not_picked":["Clothesline","Iron Wave"],"picked":"Shockwave","floor":12},{"not_picked":["Heavy Blade","Thunderclap"],"picked":"Dual Wield","floor":13}],"player_experience":384655,"relics_obtained":[{"floor":7,"key":"The Courier"},{"floor":9,"key":"Bronze Scales"},{"floor":13,"key":"Blue Candle"}],"event_choices":[{"damage_healed":0,"gold_gain":0,"player_choice":"Success","damage_taken":18,"relics_obtained":["Ginger"],"max_hp_gain":0,"max_hp_loss":0,"event_name":"Scrap Ooze","floor":2,"gold_loss":0},{"cards_removed":["Strike_R"],"damage_healed":0,"gold_gain":0,"player_choice":"Card Removal","damage_taken":0,"max_hp_gain":0,"max_hp_loss":0,"event_name":"The Cleric","floor":3,"gold_loss":75},{"damage_healed":0,"gold_gain":0,"player_choice":"Take Damage","damage_taken":26,"relics_obtained":["Golden Idol"],"max_hp_gain":0,"max_hp_loss":0,"event_name":"Golden Idol","floor":14,"gold_loss":0}],"is_beta":false,"boss_relics":[],"items_purged_floors":[],"is_endless":false,"potions_floor_spawned":[7,11,12],"killed_by":"Slime Boss","ascension_level":16}}