{"host":"bg8va46pgqgvtzim","time":1613318119,"event":{"mods":["BaseMod","Minty Spire (QoL Compilation)","Quick Restart","StSLib","SuperFastMode"],"gold_per_floor":[12,12,27,102,116,141,66,85,110,110,10,51,74,74,74,118,118,118,118,134,152,152,277,277,301,99,99,115,115,138,188,527,527,563,583,618,643,643,669,685,725,725,725,752,842,859,859,859,959,959,979,995,1013,1027,1072,1072,1084,1084,1115,1115,1127,1127,1160,1160,1213,1248,1266,1266,1285,1335,1335,1353,1353,1353,1353,1353,370,405,405],"floor_reached":80,"language":"ZHS","playtime":2616,"items_purged":["Strike_B","Strike_B","Strike_B","Coolheaded"],"score":1853,"play_id":"f6d4055f-33d7-4ca3-834c-64f1f519bd4d","local_time":"20210214235519","is_ascension_mode":true,"campfire_choices":[{"data":"Dualcast","floor":10.0,"key":"SMITH"},{"data":"Turbo","floor":17.0,"key":"SMITH"},{"data":"Zap","floor":19.0,"key":"SMITH"},{"data":"Skim","floor":22.0,"key":"SMITH"},{"data":"Defragment","floor":33.0,"key":"SMITH"},{"data":"Strike_B","floor":42.0,"key":"PURGE"},{"data":"Defend_B","floor":47.0,"key":"PURGE"},{"data":"Defend_B","floor":48.0,"key":"PURGE"},{"data":"Heatsinks","floor":58,"key":"SMITH"},{"data":"Defend_B","floor":60,"key":"PURGE"},{"data":"Cold Snap","floor":62,"key":"PURGE"},{"data":"Defend_B","floor":68,"key":"PURGE"},{"floor":73,"key":"RECALL"},{"data":"Ball Lightning","floor":76,"key":"PURGE"}],"circlet_count":0,"master_deck":["Zap+1","Dualcast+1","Turbo+1","Hologram","Electrodynamics","Skim+1","Heatsinks+1","Echo Form","Defragment+1","Glacier+1","Genetic Algorithm","Double Energy+1","Coolheaded+1","Capacitor","Skim+1","Defragment","White Noise+1","Defragment","Defragment","Recycle+1","Loop","Impatience+1","Loop","Undo+1","Lockon","Backflip+1"],"relics":["Cracked Core","Pocketwatch","Bloody Idol","Toy Ornithopter","Prayer Wheel","Matryoshka","PreservedInsect","SacredBark","Orichalcum","MealTicket","Tiny Chest","Old Coin","Letter Opener","Toxic Egg 2","Gremlin Horn","Blood Vial","Peace Pipe","Anchor","Inserter","Bag of Preparation","Akabeko","Ornamental Fan","Symbiotic Virus","Du-Vu Doll","Mummified Hand","StrikeDummy","PrismaticShard","Oddly Smooth Stone","Cables","HornCleat"],"acts_visited":["Exordium","TheCity","TheBeyond","TheEnding"],"potions_floor_usage":[79,79],"damage_taken":[{"damage":1.0,"enemies":"Jaw Worm","floor":1.0,"turns":3.0},{"damage":8.0,"enemies":"Small Slimes","floor":3.0,"turns":2.0},{"damage":0.0,"enemies":"Cultist","floor":5.0,"turns":3.0},{"damage":15.0,"enemies":"Exordium Thugs","floor":6.0,"turns":5.0},{"damage":4.0,"enemies":"Exordium Wildlife","floor":8.0,"turns":4.0},{"damage":0.0,"enemies":"3 Louse","floor":9.0,"turns":3.0},{"damage":6.0,"enemies":"Lagavulin","floor":12.0,"turns":5.0},{"damage":2.0,"enemies":"Blue Slaver","floor":13.0,"turns":3.0},{"damage":13.0,"enemies":"3 Sentries","floor":16.0,"turns":5.0},{"damage":5.0,"enemies":"Gremlin Gang","floor":20.0,"turns":3.0},{"damage":0.0,"enemies":"2 Fungi Beasts","floor":21.0,"turns":1.0},{"damage":9.0,"enemies":"Hexaghost","floor":23.0,"turns":10.0},{"damage":0.0,"enemies":"3 Byrds","floor":25.0,"turns":2.0},{"damage":12.0,"enemies":"2 Thieves","floor":28.0,"turns":3.0},{"damage":0.0,"enemies":"3 Cultists","floor":30.0,"turns":2.0},{"damage":25.0,"enemies":"Slavers","floor":32.0,"turns":4.0},{"damage":20.0,"enemies":"Gremlin Leader","floor":34.0,"turns":6.0},{"damage":3.0,"enemies":"Snake Plant","floor":35.0,"turns":4.0},{"damage":12.0,"enemies":"Book of Stabbing","floor":36.0,"turns":6.0},{"damage":0.0,"enemies":"Cultist and Chosen","floor":37.0,"turns":4.0},{"damage":4.0,"enemies":"Chosen and Byrds","floor":40.0,"turns":2.0},{"damage":0.0,"enemies":"Slavers","floor":41.0,"turns":3.0},{"damage":2.0,"enemies":"Book of Stabbing","floor":44.0,"turns":4.0},{"damage":0.0,"enemies":"Centurion and Healer","floor":46.0,"turns":3.0},{"damage":4.0,"enemies":"Collector","floor":49.0,"turns":10.0},{"damage":0,"enemies":"3 Darklings","floor":51,"turns":3},{"damage":0,"enemies":"3 Shapes","floor":52,"turns":2},{"damage":2,"enemies":"Sphere and 2 Shapes","floor":53,"turns":4},{"damage":0,"enemies":"3 Darklings","floor":54,"turns":3},{"damage":4,"enemies":"Transient","floor":57,"turns":5},{"damage":0,"enemies":"Reptomancer","floor":59,"turns":3},{"damage":1,"enemies":"Spire Growth","floor":61,"turns":4},{"damage":0,"enemies":"Giant Head","floor":63,"turns":6},{"damage":0,"enemies":"2 Orb Walkers","floor":65,"turns":2},{"damage":0,"enemies":"Reptomancer","floor":66,"turns":2},{"damage":0,"enemies":"3 Darklings","floor":67,"turns":1},{"damage":0,"enemies":"4 Shapes","floor":69,"turns":1},{"damage":0,"enemies":"Mind Bloom Boss Battle","floor":70,"turns":1},{"damage":0,"enemies":"Transient","floor":72,"turns":5},{"damage":10,"enemies":"Donu and Deca","floor":74,"turns":2},{"damage":0,"enemies":"Shield and Spear","floor":78,"turns":1},{"damage":0,"enemies":"The Heart","floor":79,"turns":3}],"seed_played":"2957648460262106763","potions_obtained":[{"floor":8.0,"key":"PowerPotion"},{"floor":12.0,"key":"Fruit Juice"},{"floor":13.0,"key":"Explosive Potion"},{"floor":20.0,"key":"Strength Potion"},{"floor":25.0,"key":"Ancient Potion"},{"floor":28.0,"key":"Dexterity Potion"},{"floor":36.0,"key":"PotionOfCapacity"},{"floor":37.0,"key":"SkillPotion"},{"floor":49.0,"key":"FocusPotion"},{"floor":54,"key":"Weak Potion"},{"floor":63,"key":"GamblersBrew"}],"is_trial":false,"path_per_floor":["M","?","M","?","M","M","$","M","M","R","$","E","M","T","T","E","R","?","R","M","M","R","B",null,"M","$","?","M","?","M","T","E","R","E","M","E","M","T","T","M","E","R","?","E","?","M","R","R","B",null,"M","M","M","M","T","?","M","R","E","R","M","R","E","T","?","E","M","R","M","?","T","M","R","B",null,"R","$","E","B",null],"character_chosen":"DEFECT","items_purchased":["Defragment","PrismaticShard","Oddly Smooth Stone","Cables","Impatience+1","Loop","Undo+1","Lockon"],"campfire_rested":0,"item_purchase_floors":[26,77,77,77,77,77,77,77],"current_hp_per_floor":[74,56,48,41,41,26,26,22,22,22,22,16,14,14,14,16,16,21,21,16,16,16,12,85,85,85,85,73,73,73,73,48,48,28,25,23,23,23,23,21,28,28,28,33,26,33,33,33,36,85,85,85,85,85,85,81,81,81,81,81,81,81,81,81,81,81,81,81,81,81,81,81,81,71,81,81,81,81,81],"gold":405,"neow_bonus":"ONE_RARE_RELIC","is_daily":false,"chose_seed":false,"campfire_upgraded":6,"win_rate":0.0,"timestamp":1613318119,"path_taken":["M","?","M","?","M","?","$","M","M","R","?","E","M","T","T","E","R","?","R","M","M","R","BOSS","M","$","?","M","?","M","?","E","R","E","M","E","M","T","T","?","E","R","?","E","?","M","R","R","BOSS","M","M","M","M","?","?","M","R","E","R","M","R","E","T","?","E","M","R","M","?","?","M","R","BOSS","R","$","E","BOSS"],"items_purchased_type":["Card","Relic","Relic","Relic","Card","Card","Card","Card"],"build_version":"2020-12-22","purchased_purges":4,"victory":true,"max_hp_per_floor":[75,75,75,75,75,75,75,75,75,75,75,75,75,75,75,80,80,85,85,85,85,85,85,85,85,85,85,85,85,85,85,85,85,85,85,85,85,85,85,85,85,85,85,85,85,85,85,85,85,85,85,85,85,85,85,81,81,81,81,81,81,81,81,81,81,81,81,81,81,81,81,81,81,81,81,81,81,81,81],"card_choices":[{"not_picked":["Beam Cell","Redo"],"picked":"Cold Snap","floor":1.0},{"not_picked":["Beam Cell","Rebound","Steam"],"picked":"SKIP","floor":3.0},{"not_picked":["Sweeping Beam","Cold Snap","Hologram"],"picked":"SKIP","floor":5.0},{"not_picked":["Barrage","Aggregate"],"picked":"Ball Lightning","floor":6.0},{"not_picked":["Fusion","Leap"],"picked":"Turbo","floor":8.0},{"not_picked":["Amplify","Sweeping Beam","Rip and Tear"],"picked":"SKIP","floor":9.0},{"not_picked":["Rebound","Force Field","Go for the Eyes"],"picked":"SKIP","floor":12.0},{"not_picked":["FTL","Stack","Hologram"],"picked":"SKIP","floor":13.0},{"not_picked":["FTL","Stack"],"picked":"Hologram","floor":13.0},{"not_picked":["Amplify","Reprogram"],"picked":"Electrodynamics","floor":16.0},{"not_picked":["Turbo","Stack"],"picked":"Skim","floor":20.0},{"not_picked":["Streamline","Doom and Gloom","Turbo"],"picked":"SKIP","floor":20.0},{"not_picked":["Rebound","Hologram"],"picked":"Heatsinks","floor":21.0},{"not_picked":["Rebound","Ball Lightning","Sweeping Beam"],"picked":"SKIP","floor":21.0},{"not_picked":["All For One","Buffer"],"picked":"Echo Form","floor":23.0},{"not_picked":["Hello World","Reprogram","Tempest"],"picked":"SKIP","floor":25.0},{"not_picked":["Steam Power","Steam+1","Leap"],"picked":"SKIP","floor":25.0},{"not_picked":["Blizzard","Redo"],"picked":"Coolheaded","floor":28.0},{"not_picked":["Reboot","Stack"],"picked":"Glacier+1","floor":28.0},{"not_picked":["Force Field","Hologram"],"picked":"Genetic Algorithm","floor":30.0},{"not_picked":["Rebound","Compile Driver","Blizzard+1"],"picked":"SKIP","floor":30.0},{"not_picked":["Force Field+1","Beam Cell","Glacier"],"picked":"SKIP","floor":32.0},{"not_picked":["Amplify","Barrage","Undo"],"picked":"SKIP","floor":34.0},{"not_picked":["Conserve Battery","Rebound+1","Coolheaded"],"picked":"SKIP","floor":35.0},{"not_picked":["Force Field","Storm","Compile Driver+1"],"picked":"SKIP","floor":35.0},{"not_picked":["Hyperbeam","Leap+1","Steam+1"],"picked":"SKIP","floor":36.0},{"not_picked":["Hello World","Leap+1"],"picked":"Double Energy+1","floor":37.0},{"not_picked":["Stack+1","Conserve Battery+1"],"picked":"Coolheaded+1","floor":37.0},{"not_picked":["Conserve Battery+1","Barrage+1","Static Discharge"],"picked":"SKIP","floor":40.0},{"not_picked":["Conserve Battery+1","Leap+1","Barrage"],"picked":"SKIP","floor":40.0},{"not_picked":["Rebound","Double Energy+1","Ball Lightning"],"picked":"SKIP","floor":41.0},{"not_picked":["Go for the Eyes","Aggregate+1"],"picked":"Capacitor","floor":44.0},{"not_picked":["Ball Lightning","Glacier+1","Steam+1"],"picked":"SKIP","floor":46.0},{"not_picked":["Streamline","Hyperbeam","Force Field+1"],"picked":"SKIP","floor":46.0},{"not_picked":["Steam Power+1","Undo+1"],"picked":"Skim+1","floor":51},{"not_picked":["Auto Shields+1","Reprogram+1","Leap+1"],"picked":"SKIP","floor":51},{"not_picked":["Conserve Battery+1","Redo+1","Leap+1"],"picked":"SKIP","floor":52},{"not_picked":["Beam Cell+1","Go for the Eyes","Self Repair+1"],"picked":"SKIP","floor":52},{"not_picked":["All For One","Skim+1","Streamline+1"],"picked":"SKIP","floor":53},{"not_picked":["Conserve Battery+1","Coolheaded+1","Defragment"],"picked":"SKIP","floor":53},{"not_picked":["Conserve Battery+1","Coolheaded+1"],"picked":"Defragment","floor":53},{"not_picked":["All For One","Skim+1","Streamline+1"],"picked":"SKIP","floor":53},{"not_picked":["Capacitor+1","Beam Cell+1"],"picked":"White Noise+1","floor":54},{"not_picked":["Blizzard+1","Lockon","Hello World"],"picked":"SKIP","floor":54},{"not_picked":["Turbo+1","Stack+1","Heatsinks"],"picked":"SKIP","floor":57},{"not_picked":["Hologram+1","Defragment","Reinforced Body+1"],"picked":"SKIP","floor":57},{"not_picked":["Hologram+1","Reinforced Body+1"],"picked":"Defragment","floor":57},{"not_picked":["Turbo+1","Stack+1","Heatsinks"],"picked":"SKIP","floor":57},{"not_picked":["Cold Snap+1","Coolheaded+1","Undo+1"],"picked":"SKIP","floor":59},{"not_picked":["Auto Shields+1","Streamline+1","Leap+1"],"picked":"SKIP","floor":61},{"not_picked":["Go for the Eyes","Turbo+1","Rip and Tear"],"picked":"SKIP","floor":61},{"not_picked":["Rebound","Buffer","Undo+1"],"picked":"SKIP","floor":63},{"not_picked":["Barrage+1","Sweeping Beam"],"picked":"Defragment","floor":66},{"not_picked":["Ball Lightning+1","BootSequence+1","Beam Cell+1"],"picked":"SKIP","floor":67},{"not_picked":["Chaos+1","Multi-Cast+1","Undo+1"],"picked":"SKIP","floor":67},{"not_picked":["Go for the Eyes+1","Rebound","Coolheaded+1"],"picked":"SKIP","floor":69},{"not_picked":["Turbo+1","Redo+1","Cold Snap+1"],"picked":"SKIP","floor":69},{"not_picked":["Conserve Battery+1","Barrage+1"],"picked":"Recycle+1","floor":72},{"not_picked":["Redo+1","Rebound+1"],"picked":"Loop","floor":72},{"not_picked":["MasterReality","Iron Wave"],"picked":"Backflip+1","floor":78}],"player_experience":2449004,"relics_obtained":[{"floor":12.0,"key":"Toy Ornithopter"},{"floor":14.0,"key":"Prayer Wheel"},{"floor":15.0,"key":"Matryoshka"},{"floor":16.0,"key":"PreservedInsect"},{"floor":31.0,"key":"MealTicket"},{"floor":31.0,"key":"Tiny Chest"},{"floor":32.0,"key":"Old Coin"},{"floor":34.0,"key":"Letter Opener"},{"floor":36.0,"key":"Toxic Egg 2"},{"floor":38.0,"key":"Gremlin Horn"},{"floor":39.0,"key":"Blood Vial"},{"floor":41.0,"key":"Peace Pipe"},{"floor":44.0,"key":"Anchor"},{"floor":55,"key":"Bag of Preparation"},{"floor":59,"key":"Akabeko"},{"floor":63,"key":"Ornamental Fan"},{"floor":64,"key":"Symbiotic Virus"},{"floor":65,"key":"Du-Vu Doll"},{"floor":66,"key":"Mummified Hand"},{"floor":71,"key":"StrikeDummy"},{"floor":78,"key":"HornCleat"}],"event_choices":[{"damage_healed":0.0,"max_hp_gain":0.0,"max_hp_loss":0.0,"gold_gain":0.0,"event_name":"Golden Idol","player_choice":"Take Damage","floor":2.0,"gold_loss":0.0,"damage_taken":18.0,"relics_obtained":["Golden Idol"]},{"damage_healed":0.0,"max_hp_gain":0.0,"max_hp_loss":0.0,"gold_gain":75.0,"event_name":"FaceTrader","player_choice":"Touch","floor":4.0,"gold_loss":0.0,"damage_taken":7.0},{"damage_healed":0.0,"max_hp_gain":5.0,"max_hp_loss":0.0,"gold_gain":0.0,"event_name":"Big Fish","player_choice":"Donut","floor":18.0,"gold_loss":0.0,"damage_taken":0.0},{"damage_healed":0.0,"max_hp_gain":0.0,"max_hp_loss":0.0,"gold_gain":0.0,"event_name":"The Mausoleum","player_choice":"Opened","floor":27.0,"gold_loss":0.0,"damage_taken":0.0,"relics_obtained":["Orichalcum"]},{"damage_healed":0.0,"max_hp_gain":0.0,"max_hp_loss":0.0,"gold_gain":0.0,"event_name":"Vampires","player_choice":"Ignored","floor":29.0,"gold_loss":0.0,"damage_taken":0.0},{"damage_healed":0.0,"max_hp_gain":0.0,"max_hp_loss":0.0,"gold_gain":0.0,"event_name":"Forgotten Altar","player_choice":"Gave Idol","floor":43.0,"relics_lost":["Golden Idol"],"gold_loss":0.0,"damage_taken":0.0,"relics_obtained":["Bloody Idol"]},{"damage_healed":0.0,"max_hp_gain":0.0,"max_hp_loss":0.0,"gold_gain":90.0,"event_name":"Knowing Skull","player_choice":"GOLD ","floor":45.0,"potions_obtained":[],"gold_loss":0.0,"damage_taken":12.0,"cards_obtained":[]},{"damage_healed":0,"gold_gain":0,"player_choice":"Max HP","damage_taken":0,"max_hp_gain":0,"max_hp_loss":4,"event_name":"Winding Halls","floor":56,"gold_loss":0},{"damage_healed":0,"gold_gain":0,"player_choice":"Fight","damage_taken":0,"max_hp_gain":0,"max_hp_loss":0,"event_name":"Mysterious Sphere","floor":65,"gold_loss":0},{"damage_healed":0,"gold_gain":0,"player_choice":"Fight","damage_taken":0,"max_hp_gain":0,"max_hp_loss":0,"event_name":"MindBloom","floor":70,"gold_loss":0}],"is_beta":false,"boss_relics":[{"not_picked":["Sozu","Ectoplasm"],"picked":"SacredBark"},{"not_picked":["Pandora\u0027s Box","SlaversCollar"],"picked":"Inserter"}],"items_purged_floors":[7,11,26,77],"is_endless":false,"potions_floor_spawned":[8,12,13,20,25,28,35,36,37,49,51,54,63,66,69,78],"ascension_level":1}}