{"host":"iy54rgx5egu9t31x","time":1613289220,"event":{"mods":["2.2 Compatiblity","Act Like it!","Always Whale","BaseMod","Downfall","Gensokyo","Marisa¡]Ãú«B¡@Å]²z¨F¡^","Minty Spire (QoL Compilation)","Quick Restart","StSLib","SuperFastMode"],"gold_per_floor":[99,118,118,13,31,31,31,363,379,379,590,290,303,303,318,418,418,418,528,556,556,568,626,649,661,691,93,117,156,168,194,542,660,672,684,925,972,668,685,57,57,76,76,120,120,165,165,165,205,209,209,240,8,8,9,9],"floor_reached":57,"language":"ZHS","playtime":2645,"items_purged":["Clumsy"],"score":1566,"play_id":"a41708c3-873b-45bc-9dff-11585f223254","local_time":"20210214155340","is_ascension_mode":true,"campfire_choices":[{"floor":1.0,"key":"RECALL"},{"data":"sneckomod:UnknownClassLunar","floor":12.0,"key":"SMITH"},{"data":"sneckomod:GlitteringGambit","floor":18.0,"key":"SMITH"},{"data":"1","floor":30,"key":"LIFT"},{"data":"2","floor":35,"key":"LIFT"},{"data":"3","floor":47,"key":"LIFT"},{"data":"Gensokyo:SpontaneousHumanCombustion","floor":54,"key":"SMITH"}],"circlet_count":0,"master_deck":["sneckomod:Strike","sneckomod:Strike","sneckomod:Strike+1","sneckomod:Defend","sneckomod:TailWhip+1","sneckomod:SnekBite","sneckomod:Unknown","sneckomod:Unknown","sneckomod:PureSnecko","sneckomod:Unknown2Cost","sneckomod:UnknownCommonAttack+1","sneckomod:UnknownUncommonPower","sneckomod:UnknownClassLunar+1","sneckomod:UnknownClassLunar","sneckomod:SoulCleanse","sneckomod:SerpentIdol","sneckomod:GlitteringGambit+1","sneckomod:UnknownClassLunar","sneckomod:UnknownDraw","sneckomod:UnknownVulnerable","sneckomod:UnknownClassHEXA_GHOST_PURPLE","Gensokyo:SpontaneousHumanCombustion+1","sneckomod:Unknown1Cost","sneckomod:UnendingSupply+1","sneckomod:UnknownClassSLIMEBOUND+1","sneckomod:UnknownExhaust+1","sneckomod:CheapStock+1","sneckomod:IronFang+1","sneckomod:UnknownRarePower","sneckomod:UnknownClassLunar","sneckomod:UnknownClassLunar","sneckomod:UnknownClassLunar+1","sneckomod:UnknownClassLunar","sneckomod:UnknownClassLunar","Gensokyo:UnlikelyAid","sneckomod:UnknownClassLunar+1","sneckomod:SoulCleanse+1","Gensokyo:LifeSpringInfinity","sneckomod:SlitherStrike+1","sneckomod:DiceBoulder+1","Gensokyo:Dawn","sneckomod:UnknownRareAttack+1","Gensokyo:BuddhistDiamond","sneckomod:RainOfDice+1","sneckomod:UnknownClassHEXA_GHOST_PURPLE+1","Gensokyo:MorningStar","sneckomod:UnknownBlock+1","Gensokyo:UnlikelyAid","sneckomod:UnknownClassSLIMEBOUND+1","Gensokyo:PrivateSquare","Gensokyo:LifeSpringInfinity","sneckomod:Unknown2Cost+1","Gensokyo:Taser","Gensokyo:UnhurriedMind","sneckomod:Unknown0Cost+1","Gensokyo:RainbowDanmaku","sneckomod:SoulRoll+1","expansioncontent:InvincibleStrength+1"],"relics":["Velvet Choker","Gensokyo:Justice","Matryoshka","sneckomod:SneckoCommon","downfall:HeartBlessingRed","downfall:HeartBlessingGreen","downfall:HeartBlessingBlue","Gensokyo:NagashiBinaDoll","SlaversCollar","Gambling Chip","Girya","Gensokyo:DirgeOfMelancholy","hexamod:CandleOfCauterizing","MealTicket","MawBank","ClockworkSouvenir","OrangePellets","Chemical X","sneckomod:LoadedDie","sneckomod:SneckoBoss","FossilizedHelix","Whetstone","Ornamental Fan","TheAbacus","Mummified Hand","Sling","HandDrill","Frozen Egg 2","Art of War","Omamori","Bottled Tornado","Pen Nib"],"acts_visited":["Gensokyo:Gensokyo","Gensokyo:Gensokyoer","Gensokyo:Gensokyoest","TheEnding"],"potions_floor_usage":[28,29,36,42,49,52,55,56,56],"damage_taken":[{"damage":0.0,"enemies":"Gensokyo:3_Fairies","floor":2.0,"turns":3.0},{"damage":11.0,"enemies":"Gensokyo:Gryphon","floor":5.0,"turns":5.0},{"damage":0.0,"enemies":"Gensokyo:Cirno","floor":8.0,"turns":4.0},{"damage":2.0,"enemies":"Gensokyo:Python","floor":9.0,"turns":3.0},{"damage":12.0,"enemies":"Gensokyo:VengefulSpirit","floor":11.0,"turns":3.0},{"damage":5.0,"enemies":"Gensokyo:5_Fairies","floor":13.0,"turns":3.0},{"damage":15.0,"enemies":"Gensokyo:Gryphon_and_Rabbit","floor":15.0,"turns":3.0},{"damage":23.0,"enemies":"IC_STATUS_ARCHETYPE","floor":16.0,"turns":5.0},{"damage":0.0,"enemies":"IC_STATUS_ARCHETYPE","floor":19.0,"turns":6.0},{"damage":4.0,"enemies":"Gensokyo:2_Gloops","floor":20.0,"turns":4.0},{"damage":0.0,"enemies":"Gensokyo:AngelMirror","floor":22.0,"turns":1.0},{"damage":8.0,"enemies":"Gensokyo:Tenshi","floor":23.0,"turns":4.0},{"damage":6.0,"enemies":"Gensokyo:Wraith","floor":26.0,"turns":3.0},{"damage":7,"enemies":"Gensokyo:Swordslinger","floor":28,"turns":2},{"damage":24,"enemies":"Gensokyo:Slime_Group","floor":29,"turns":4},{"damage":3,"enemies":"downfall:FleeingMerchant","floor":31,"turns":4},{"damage":21,"enemies":"Gensokyo:Mirror_and_Dog","floor":32,"turns":5},{"damage":10,"enemies":"WA_ARCHETYPE_CALM","floor":33,"turns":4},{"damage":10,"enemies":"Gensokyo:3_Bats","floor":36,"turns":4},{"damage":23,"enemies":"Gensokyo:3_Boulders","floor":37,"turns":5},{"damage":0,"enemies":"downfall:FleeingMerchant","floor":38,"turns":4},{"damage":0,"enemies":"Gensokyo:Sharpion","floor":39,"turns":2},{"damage":0,"enemies":"Gensokyo:Rafflesia","floor":42,"turns":5},{"damage":0,"enemies":"Gensokyo:3_Boulders","floor":44,"turns":3},{"damage":0,"enemies":"Gensokyo:SeedOfUnknown","floor":46,"turns":3},{"damage":0,"enemies":"Gensokyo:4_Bats","floor":49,"turns":5},{"damage":21,"enemies":"DF_ARCHETYPE_ORBS","floor":50,"turns":4},{"damage":0,"enemies":"downfall:CharBossMerchant","floor":52,"turns":5},{"damage":4,"enemies":"downfall:NeowBoss","floor":55,"turns":11},{"damage":10,"enemies":"downfall:NeowBossFinal","floor":56,"turns":6}],"seed_played":"-8803072911806365006","potions_obtained":[{"floor":5.0,"key":"ColorlessPotion"},{"floor":11.0,"key":"Block Potion"},{"floor":13.0,"key":"Fire Potion"},{"floor":15.0,"key":"Fruit Juice"},{"floor":19.0,"key":"Fire Potion"},{"floor":20.0,"key":"Swift Potion"},{"floor":31,"key":"Energy Potion"},{"floor":32,"key":"Dexterity Potion"},{"floor":36,"key":"bronze:BurnAndBuffPotion"},{"floor":37,"key":"AttackPotion"},{"floor":44,"key":"AttackPotion"},{"floor":46,"key":"Regen Potion"},{"floor":49,"key":"SteroidPotion"},{"floor":52,"key":"SteroidPotion"}],"is_trial":false,"path_per_floor":["R","M","?","COS","M","?","T","E","M","M","M","R","M","?","M","B",null,"R","?","M","?","M","E","T","?","M","COS","M","M","R","$","M","B",null,"R","M","M","$","M","COS","T","M","?","M","?","M","R","?","M","B",null,"E","$","R","B","B",null],"character_chosen":"THE_SNECKO","items_purchased":["Whetstone","Ornamental Fan","TheAbacus","Pen Nib","expansioncontent:InvincibleStrength"],"campfire_rested":0,"item_purchase_floors":[38,38,38,53,53],"current_hp_per_floor":[90,90,90,90,79,79,79,79,77,77,65,75,70,70,60,37,105,105,105,101,101,104,99,99,99,93,93,93,69,69,81,60,60,100,100,90,67,82,82,82,82,82,82,82,82,82,82,82,96,75,100,100,100,100,96,86],"gold":9,"neow_bonus":"BOSS_RELIC","is_daily":false,"chose_seed":false,"campfire_upgraded":3,"win_rate":0.0,"timestamp":1613289220,"path_taken":["R","M","?","COS","M","?","T","E","M","M","M","R","M","?","M","BOSS","R","?","M","?","?","E","T","?","M","COS","M","M","R","$","M","BOSS","R","M","M","$","M","COS","T","M","?","?","?","M","R","?","M","BOSS","E","$","R","BOSS","BOSS"],"items_purchased_type":["Relic","Relic","Relic","Relic","Card"],"build_version":"2020-12-22","purchased_purges":1,"victory":true,"max_hp_per_floor":[90,90,90,90,90,90,90,90,90,90,90,100,100,100,105,105,105,105,105,105,105,108,111,111,100,100,100,100,100,100,100,100,100,100,100,100,100,100,100,100,100,100,100,100,100,100,100,100,100,100,100,100,100,100,100,100],"card_choices":[{"not_picked":["sneckomod:IronFang","sneckomod:Nope"],"picked":"sneckomod:PureSnecko","floor":2.0},{"not_picked":["sneckomod:DiceCrush","sneckomod:Nope"],"picked":"sneckomod:UnknownUncommonSkill","floor":5.0},{"not_picked":["sneckomod:IronFang","sneckomod:QuickMove"],"picked":"sneckomod:Unknown2Cost","floor":8.0},{"not_picked":["sneckomod:PureSnecko","sneckomod:DiceCrush"],"picked":"sneckomod:UnknownCommonAttack","floor":9.0},{"not_picked":["sneckomod:SoulCleanse","sneckomod:Nope"],"picked":"sneckomod:UnknownUncommonPower","floor":9.0},{"not_picked":["sneckomod:UnknownCommonAttack","sneckomod:RainOfDice"],"picked":"sneckomod:UnknownClassLunar","floor":11.0},{"not_picked":["sneckomod:Nope","sneckomod:SoulRoll"],"picked":"sneckomod:SoulCleanse","floor":13.0},{"not_picked":["sneckomod:Nope","sneckomod:Mudshield"],"picked":"sneckomod:SerpentIdol","floor":15.0},{"not_picked":["sneckomod:DangerNoodle","sneckomod:Unknown3Cost"],"picked":"sneckomod:GlitteringGambit","floor":16.0},{"not_picked":["sneckomod:WideSting","sneckomod:SoulCleanse"],"picked":"sneckomod:UnknownClassLunar","floor":19.0},{"not_picked":["sneckomod:UnknownClassHEXA_GHOST_PURPLE","sneckomod:PureSnecko"],"picked":"sneckomod:UnknownDraw","floor":20.0},{"not_picked":["sneckomod:UnknownClassSLIMEBOUND","sneckomod:DiceCrush"],"picked":"sneckomod:UnknownVulnerable","floor":22.0},{"not_picked":["sneckomod:DiceCrush","sneckomod:IronFang"],"picked":"sneckomod:UnknownClassHEXA_GHOST_PURPLE","floor":23.0},{"not_picked":["Gensokyo:HAARP","Gensokyo:Doppelganger"],"picked":"Gensokyo:SpontaneousHumanCombustion","floor":25.0},{"not_picked":["sneckomod:DefensiveFlair","sneckomod:UnknownBlock"],"picked":"sneckomod:Unknown1Cost","floor":26.0},{"not_picked":["sneckomod:UnknownClassHEXA_GHOST_PURPLE","sneckomod:Unknown0Cost"],"picked":"sneckomod:UnendingSupply+1","floor":26.0},{"not_picked":["sneckomod:DiceBoulder","sneckomod:UnknownVulnerable"],"picked":"sneckomod:UnknownClassSLIMEBOUND+1","floor":28},{"not_picked":["sneckomod:UnknownUncommonSkill","sneckomod:IronFang"],"picked":"sneckomod:UnknownExhaust+1","floor":29},{"not_picked":["sneckomod:DiceCrush","sneckomod:IronFang"],"picked":"sneckomod:CheapStock+1","floor":31},{"not_picked":["sneckomod:MasterEye","sneckomod:RainOfDice"],"picked":"sneckomod:IronFang+1","floor":32},{"not_picked":["sneckomod:UnknownBoss","sneckomod:Cheat"],"picked":"sneckomod:UnknownRarePower","floor":33},{"not_picked":["Gensokyo:BuddhistDiamond","Gensokyo:LifeSpringInfinity"],"picked":"Gensokyo:UnlikelyAid","floor":36},{"not_picked":["sneckomod:SoulRoll","sneckomod:UnknownColorless"],"picked":"sneckomod:UnknownClassLunar+1","floor":36},{"not_picked":["sneckomod:Unknown0Cost","sneckomod:Unknown1Cost"],"picked":"sneckomod:SoulCleanse+1","floor":36},{"not_picked":["Gensokyo:MorningMist","Gensokyo:RisingWorld"],"picked":"Gensokyo:LifeSpringInfinity","floor":37},{"not_picked":["sneckomod:IronFang","sneckomod:ImprovisedGuard"],"picked":"sneckomod:SlitherStrike+1","floor":37},{"not_picked":["sneckomod:ImprovisedAttack+1","sneckomod:UnknownBlock+1"],"picked":"sneckomod:DiceBoulder+1","floor":37},{"not_picked":["Gensokyo:MorningStar","Gensokyo:BrilliantDragonBullet"],"picked":"Gensokyo:Dawn","floor":38},{"not_picked":["sneckomod:UnknownClassLunar","sneckomod:Unknown2Cost+1"],"picked":"sneckomod:UnknownRareAttack","floor":38},{"not_picked":["Gensokyo:Dawn","Gensokyo:RainbowDanmaku"],"picked":"Gensokyo:BuddhistDiamond","floor":39},{"not_picked":["sneckomod:UnknownExhaust","sneckomod:IronFang+1"],"picked":"sneckomod:RainOfDice+1","floor":39},{"not_picked":["sneckomod:SoulDraw+1","sneckomod:UnknownCommonSkill+1"],"picked":"sneckomod:UnknownClassHEXA_GHOST_PURPLE+1","floor":42},{"not_picked":["Gensokyo:MorningMist","Gensokyo:RisingWorld"],"picked":"Gensokyo:MorningStar","floor":42},{"not_picked":["sneckomod:SnekBeam","sneckomod:UnknownDraw"],"picked":"sneckomod:UnknownBlock+1","floor":42},{"not_picked":["Gensokyo:BuddhistDiamond","Gensokyo:BrilliantDragonBullet"],"picked":"Gensokyo:UnlikelyAid","floor":44},{"not_picked":["sneckomod:UnknownCommonAttack+1","sneckomod:QuickMove+1"],"picked":"sneckomod:UnknownClassSLIMEBOUND+1","floor":44},{"not_picked":["Gensokyo:SalamanderShield","Gensokyo:DreamlikeParadise"],"picked":"Gensokyo:LifeSpringInfinity","floor":46},{"not_picked":["sneckomod:UnknownClassLunar","sneckomod:SoulDraw"],"picked":"sneckomod:Unknown2Cost+1","floor":46},{"not_picked":["Gensokyo:UnlikelyAid","Gensokyo:Dawn"],"picked":"Gensokyo:UnhurriedMind","floor":49},{"not_picked":["sneckomod:TrashToTreasure","sneckomod:QuickMove+1"],"picked":"sneckomod:Unknown0Cost+1","floor":49},{"not_picked":["Gensokyo:BuddhistDiamond","Gensokyo:NewMoon"],"picked":"Gensokyo:RainbowDanmaku","floor":52},{"not_picked":["sneckomod:DiceBoulder","sneckomod:RainOfDice"],"picked":"sneckomod:SoulRoll+1","floor":52}],"player_experience":1094512,"relics_obtained":[{"floor":8.0,"key":"Matryoshka"},{"floor":19.0,"key":"Gambling Chip"},{"floor":19.0,"key":"Girya"},{"floor":23.0,"key":"hexamod:CandleOfCauterizing"},{"floor":24.0,"key":"MealTicket"},{"floor":24.0,"key":"MawBank"},{"floor":41,"key":"Frozen Egg 2"},{"floor":41,"key":"Art of War"},{"floor":52,"key":"Bottled Tornado"}],"event_choices":[],"is_beta":false,"boss_relics":[{"not_picked":["SacredBark","Snecko Eye"],"picked":"SlaversCollar"},{"not_picked":["bronze:MakeshiftBattery","Runic Dome"],"picked":"sneckomod:SneckoBoss"}],"items_purged_floors":[38],"is_endless":false,"potions_floor_spawned":[5,11,13,15,22,23,32,36,44,46,49,52],"ascension_level":3}}