{"host":"nb0njn8rev1rbh86","time":1613264908,"event":{"mods":["100% Spire Juice","BaseMod","Colored Map","Colored Powertips","Minty Spire (QoL Compilation)","Reliquary","StSLib"],"gold_per_floor":[116,67,83,94,94,94,123,123,123,123,123],"floor_reached":10,"language":"ENG","playtime":370,"items_purged":[],"score":66,"play_id":"9ad60814-eb21-4316-a9fb-167476f8599f","local_time":"20210214020828","is_ascension_mode":false,"campfire_choices":[{"data":"Moonworks:CloudOfSeagulls","floor":6,"key":"SMITH"},{"floor":8,"key":"REST"}],"circlet_count":0,"master_deck":["Moonworks:Strike","Moonworks:Strike","Moonworks:Strike","Moonworks:Defend","Moonworks:Defend","Moonworks:Defend","Moonworks:Ambush","Moonworks:LongDistanceShot","Moonworks:JonathanRush","Moonworks:CloudOfSeagulls+1","Moonworks:EvilSpyWorkPreparation","Moonworks:DeployBits","Moonworks:NicePresent"],"relics":["Moonworks:BrokenBomb","Moonworks:Homemark","reliquary:IridiumChain","Dead Branch"],"acts_visited":["Exordium"],"potions_floor_usage":[4],"damage_taken":[{"damage":0,"enemies":"2 Louse","floor":1,"turns":2},{"damage":7,"enemies":"Jaw Worm","floor":3,"turns":3},{"damage":0,"enemies":"Small Slimes","floor":4,"turns":3},{"damage":25,"enemies":"Lagavulin","floor":7,"turns":6},{"damage":58,"enemies":"Gremlin Nob","floor":10,"turns":5}],"seed_played":"3659539085952974880","potions_obtained":[{"floor":3,"key":"GamblersBrew"}],"is_trial":false,"path_per_floor":["M","$","M","M","?","R","E","R","T","E"],"character_chosen":"THE_STARBREAKER","items_purchased":["Moonworks:CloudOfSeagulls"],"campfire_rested":1,"item_purchase_floors":[2],"current_hp_per_floor":[54,54,47,47,52,52,27,44,44,0,0],"gold":123,"neow_bonus":"REMOVE_TWO","is_daily":false,"chose_seed":false,"campfire_upgraded":1,"win_rate":0.0,"timestamp":1613264908,"path_taken":["M","$","M","M","?","R","E","R","T","E"],"items_purchased_type":["Card"],"build_version":"2020-12-22","purchased_purges":0,"victory":false,"max_hp_per_floor":[54,54,54,54,59,59,59,59,59,59,59],"card_choices":[{"not_picked":["Moonworks:IndiscriminateFireSupport","Moonworks:LulusLuckyEgg"],"picked":"Moonworks:JonathanRush","floor":1},{"not_picked":["Moonworks:LulusLuckyEgg","Moonworks:SakisCookie"],"picked":"Moonworks:EvilSpyWorkPreparation","floor":3},{"not_picked":["Moonworks:ImOnFire","Moonworks:NicePresent"],"picked":"Moonworks:DeployBits","floor":4},{"not_picked":["Moonworks:FullSpeedAlicianrone","Moonworks:LuckyCharm"],"picked":"Moonworks:NicePresent","floor":7}],"player_experience":396433,"relics_obtained":[{"floor":7,"key":"reliquary:IridiumChain"},{"floor":9,"key":"Dead Branch"}],"event_choices":[{"damage_healed":0,"gold_gain":0,"player_choice":"Donut","damage_taken":0,"max_hp_gain":5,"max_hp_loss":0,"event_name":"Big Fish","floor":5,"gold_loss":0}],"is_beta":false,"boss_relics":[],"items_purged_floors":[],"is_endless":false,"potions_floor_spawned":[3],"killed_by":"Gremlin Nob","ascension_level":0}}