{"host":"8d3fefv2347kqkpz","time":1613336890,"event":{"mods":["AchievementEnabler","Act Like it!","BaseMod","Better Vampires","Colored Map","Colored Powertips","Downfall","GifTheSpireLib","Highlight Path","Minty Spire (QoL Compilation)","Quick Restart","Rare Cards Sparkle","Relic Stats","Replay The Spire","Spicy Shops","StSLib","Waifu the Spire"],"gold_per_floor":[99,113,23,37,37,37,37,47,47,61,61,61,72,105,117,221,221,221,221,254,354,133,69,120,120,139,139,153,153,172,182,201,201,201,201],"floor_reached":33,"language":"ZHS","playtime":1232,"items_purged":["Slimebound:Tackle","Replay:Hysterical Blindness"],"score":287,"play_id":"0e38a3a4-5424-4c45-8bbb-6b63bc2e1efe","local_time":"20210215050810","is_ascension_mode":false,"campfire_choices":[{"data":"Slimebound:Split","floor":1,"key":"SMITH"},{"data":"Slimebound:SlimeTap","floor":12,"key":"SMITH"},{"data":"Slimebound:Darklings","floor":18,"key":"SMITH"},{"floor":29,"key":"REST"}],"circlet_count":0,"master_deck":["Slimebound:Strike_Slimebound","Slimebound:Strike_Slimebound","Slimebound:Defend_Slimebound","Slimebound:Defend_Slimebound","Slimebound:Defend_Slimebound","Slimebound:Split+1","Slimebound:CorrosiveSpit","Slimebound:SlimeTap+1","Slimebound:GrowthPunch","Slimebound:SplitMire","Slimebound:SplitLeeching","Slimebound:Darklings+1","Writhe","Doubt","Slimebound:SplitBruiser","Slimebound:Nibble+1","Slimebound:PrepareCrush+1","Slimebound:SplitLeeching","RitualDagger+1","Slimebound:SelfFormingGoo+1","Slimebound:SlimeBarrage+1","Slimebound:SplitSpecialist","Slimebound:SplitAcid"],"relics":["Slimebound:AbsorbEndCombat","Shovel","CaptainsWheel","Replay:Ancient Bell","Oddly Smooth Stone","Frozen Egg 2","Prayer Wheel","Red Mask","Anchor","Ice Cream"],"acts_visited":["Exordium","TheCity"],"potions_floor_usage":[],"damage_taken":[{"damage":2,"enemies":"Jaw Worm","floor":2,"turns":5},{"damage":0,"enemies":"downfall:FleeingMerchant","floor":3,"turns":4},{"damage":2,"enemies":"Small Slimes","floor":4,"turns":5},{"damage":2,"enemies":"2 Louse","floor":8,"turns":3},{"damage":9,"enemies":"Blue Slaver","floor":10,"turns":4},{"damage":0,"enemies":"2 Fungi Beasts","floor":13,"turns":4},{"damage":7,"enemies":"Exordium Wildlife","floor":15,"turns":5},{"damage":0,"enemies":"SI_SHIV_ARCHETYPE","floor":16,"turns":9},{"damage":0,"enemies":"Chosen","floor":19,"turns":1},{"damage":61,"enemies":"Masked Bandits","floor":20,"turns":7},{"damage":9,"enemies":"downfall:FleeingMerchant","floor":22,"turns":4},{"damage":3,"enemies":"downfall:FleeingMerchant","floor":23,"turns":4},{"damage":0,"enemies":"Spheric Guardian","floor":26,"turns":4},{"damage":7,"enemies":"Centurion and Healer","floor":28,"turns":6},{"damage":19,"enemies":"Shelled Parasite and Fungi","floor":30,"turns":5},{"damage":9,"enemies":"Snecko","floor":31,"turns":5},{"damage":9,"enemies":"Centurion and Healer","floor":32,"turns":4},{"damage":33,"enemies":"DF_ARCHETYPE_CLAW","floor":33,"turns":5}],"seed_played":"-9044671247066032962","potions_obtained":[{"floor":2,"key":"Swift Potion"},{"floor":8,"key":"AttackPotion"},{"floor":16,"key":"SteroidPotion"},{"floor":25,"key":"CultistPotion"}],"is_trial":false,"path_per_floor":["R","M","$","M","?","?","T","M","?","M","?","R","M","?","M","B",null,"R","M","?","?","$","$","T","?","M","T","M","R","M","M","M","B"],"character_chosen":"SLIMEBOUND","items_purchased":["Slimebound:PrepareCrush+1","Slimebound:SplitLeeching"],"campfire_rested":1,"item_purchase_floors":[22,23],"current_hp_per_floor":[71,71,71,71,71,71,71,70,70,67,67,67,71,54,53,61,71,71,71,18,18,17,22,22,22,22,22,23,44,33,32,27,0,0,0],"gold":201,"neow_bonus":"TEN_PERCENT_HP_BONUS","is_daily":false,"chose_seed":false,"campfire_upgraded":3,"win_rate":0.0,"timestamp":1613336890,"path_taken":["R","M","$","M","?","?","T","M","?","M","?","R","M","?","M","BOSS","R","M","?","?","?","$","T","?","M","?","?","R","M","M","M","BOSS"],"items_purchased_type":["Card","Card"],"build_version":"2020-12-22","purchased_purges":2,"victory":false,"max_hp_per_floor":[71,71,71,71,71,71,71,71,71,71,71,71,71,71,71,71,71,71,71,71,71,71,71,71,71,71,71,71,71,71,71,71,71,71,71],"relic_stats":{"Shovel":0,"counters":[18,82],"Prayer Wheel":6,"obtain_stats":[{"Ice Cream":27,"CaptainsWheel":14,"Anchor":24,"Shovel":7,"downfall:BrokenWingStatue":9,"Oddly Smooth Stone":17,"Prayer Wheel":17,"Slimebound:AbsorbEndCombat":0,"Replay:Ancient Bell":17,"Red Mask":20,"Frozen Egg 2":17},{"Ice Cream":13,"CaptainsWheel":6,"Anchor":12,"Shovel":3,"downfall:BrokenWingStatue":4,"Oddly Smooth Stone":8,"Prayer Wheel":8,"Slimebound:AbsorbEndCombat":0,"Replay:Ancient Bell":8,"Red Mask":10,"Frozen Egg 2":8},{"Ice Cream":58,"CaptainsWheel":24,"Anchor":54,"Shovel":13,"downfall:BrokenWingStatue":16,"Oddly Smooth Stone":38,"Prayer Wheel":38,"Slimebound:AbsorbEndCombat":0,"Replay:Ancient Bell":38,"Red Mask":46,"Frozen Egg 2":38}]},"card_choices":[{"not_picked":["Slimebound:Equalize","Slimebound:GoopSpray","Slimebound:RollThrough"],"picked":"SKIP","floor":2},{"not_picked":["Slimebound:TongueLash","Slimebound:LeechEnergy","Slimebound:ForwardTackle"],"picked":"SKIP","floor":3},{"not_picked":["Slimebound:ItLooksTasty","Slimebound:AcidTongue","Slimebound:FlameTackle"],"picked":"SKIP","floor":4},{"not_picked":["Slimebound:GrowthPunch","Slimebound:ForwardTackle"],"picked":"Slimebound:SlimeTap","floor":8},{"not_picked":["Slimebound:ComboTackle","Slimebound:GoopTackle","Slimebound:SlimeSpikes"],"picked":"SKIP","floor":10},{"not_picked":["Slimebound:ItLooksTasty","Slimebound:Schlurp"],"picked":"Slimebound:GrowthPunch","floor":13},{"not_picked":["Slimebound:TongueLash","Slimebound:ForwardTackle"],"picked":"Slimebound:SplitMire","floor":14},{"not_picked":["Slimebound:LeechingTouch","Slimebound:FinishingTackle"],"picked":"Slimebound:SplitLeeching","floor":15},{"not_picked":["Slimebound:DuplicatedForm","Slimebound:OozeBath"],"picked":"Slimebound:Darklings","floor":16},{"not_picked":["Parasite","Normality"],"picked":"Replay:Hysterical Blindness","floor":17},{"not_picked":["downfall:Aged","Regret"],"picked":"Writhe","floor":17},{"not_picked":["Delirium","Pain"],"picked":"Doubt","floor":17},{"not_picked":["Slimebound:Schlurp","Slimebound:LeechingTouch"],"picked":"Slimebound:SplitBruiser","floor":19},{"not_picked":["Slimebound:GrowthPunch","Slimebound:HauntingLick"],"picked":"Slimebound:Nibble+1","floor":19},{"not_picked":["Slimebound:GoopTackle","Slimebound:ProtectTheBoss+1","Slimebound:Schlurp"],"picked":"SKIP","floor":22},{"not_picked":["Slimebound:HauntingLick+1","Slimebound:SamplingLick","Slimebound:SplitMire"],"picked":"SKIP","floor":23},{"not_picked":["Slimebound:GoopSpray","Slimebound:ForwardTackle"],"picked":"Slimebound:SelfFormingGoo+1","floor":26},{"not_picked":["Slimebound:GoopTackle+1","Slimebound:MegaLick","Slimebound:GoopSpray"],"picked":"SKIP","floor":26},{"not_picked":["Slimebound:LeechingTouch+1","Slimebound:Chomp"],"picked":"Slimebound:SlimeBarrage+1","floor":28},{"not_picked":["Slimebound:RainOfGoop+1","Slimebound:FormOfPuddle","Slimebound:RollThrough+1"],"picked":"SKIP","floor":28},{"not_picked":["Slimebound:LeechEnergy","Slimebound:GoopTackle"],"picked":"Slimebound:SplitSpecialist","floor":30},{"not_picked":["Slimebound:LeadByExample+1","Slimebound:GoopTackle+1","Slimebound:SplitBruiser+1"],"picked":"SKIP","floor":30},{"not_picked":["Slimebound:Schlurp","Slimebound:LeechingTouch+1","Slimebound:SplitBruiser"],"picked":"SKIP","floor":31},{"not_picked":["Slimebound:ServeAndProtect","Slimebound:Dissolve+1","Slimebound:LivingWall"],"picked":"SKIP","floor":31},{"not_picked":["Slimebound:LeechingTouch","Slimebound:GrowthPunch"],"picked":"Slimebound:SplitAcid","floor":32},{"not_picked":["Slimebound:MassFeed","Slimebound:SlimeSpikes","Slimebound:GoopTackle"],"picked":"SKIP","floor":32}],"player_experience":374064,"relics_obtained":[{"floor":7,"key":"Shovel"},{"floor":14,"key":"CaptainsWheel"},{"floor":20,"key":"Red Mask"},{"floor":24,"key":"Anchor"},{"floor":27,"key":"Ice Cream"}],"event_choices":[{"damage_healed":0,"gold_gain":0,"player_choice":"Fought Bandits","damage_taken":0,"max_hp_gain":0,"max_hp_loss":0,"event_name":"Masked Bandits","floor":20,"gold_loss":0}],"is_beta":false,"boss_relics":[{"not_picked":["Replay:Wanted Poster","Philosopher\u0027s Stone"],"picked":"Replay:Ancient Bell"},{"not_picked":["Potion Belt","Slimebound:AggressiveSlimeRelic"],"picked":"Oddly Smooth Stone"},{"not_picked":["Iron Hammer","ReplayTheSpireMod:Ninjato"],"picked":"Frozen Egg 2"},{"not_picked":["FossilizedHelix","Replay:PocketPolymizer"],"picked":"Prayer Wheel"}],"items_purged_floors":[3,22],"is_endless":false,"potions_floor_spawned":[2,8,16,26,28,30,31],"killed_by":"DF_ARCHETYPE_CLAW","ascension_level":0}}