{"host":"i73ch23exsqar74a","time":1613338169,"event":{"mods":["AchievementEnabler","Aspiration","Astrologer","Bard","Bartender","BaseMod","Beaked The Cultist","Better Sensory Stone","CCEM2","CapriCore","Challenge The Spire","ChefMod","Chen","Colored Map","Colored Powertips","Conjunction","Conspire","Downfall","Fireblade Mod","FutureSeer","GifTheSpireLib","Glutton Mod","Gremlin Mod","Halation","Hermit","Highlight Path","HololiveMod","Hubris","Infinite Spire","Jedi Mod","Lobotomy","LobotomyExtend","Luminous","Marked Mod","Minty Spire (QoL Compilation)","Prisma Mod","Quarter Circle Forward PUNCH!","Quick Restart","Random Character Button","RatMod","Relic Sorter","Reliquary","Replay The Spire","SOS???????","Shade Mod","Spicy Shops","Spikes Relics","Spire Arcade","StSLib","Stuff the Spire","The Alterego","The Animator","The Bug Knight","The Construct","The Cursed","The Druid","The Exalted","The Immortal","The Judge","The Poker Player","The Sage","The Wild Card","TheHero","TheSwordswoman","TheVacant","TheVelvet","Thieving Mod","Yuri Mod","???Mod??????Boss","???mod?????"],"gold_per_floor":[109,109,125,136,154,154,183,206,206,226,226,260,260,260,260,376,376,392,409,420,435,452,452,477,477,500,527,545,559,559,570,570,667,667,684,684,704,719,719,751,113,113,113,140,154,188,208,226,226,226,226,226,226,517,567,622,702,702,118,193,273,273,273,368,444,294,37,152,152,152],"floor_reached":71,"language":"ENG","playtime":5719,"items_purged":[],"score":1216,"play_id":"2aa6575c-7a92-449c-9720-4f7679f62562","local_time":"20210215012929","is_ascension_mode":true,"campfire_choices":[{"data":"animator:NagisaMomoe","floor":6.0,"key":"SMITH"},{"data":"animator:SayakaMiki","floor":11.0,"key":"SMITH"},{"floor":13.0,"key":"REST"},{"data":"animator:KyokoSakura","floor":15.0,"key":"SMITH"},{"data":"animator:Tet","floor":23.0,"key":"SMITH"},{"data":"animator:Vesta","floor":25.0,"key":"SMITH"},{"data":"animator:Kaijin","floor":32.0,"key":"SMITH"},{"data":"beaked:AwakenedForm","floor":42.0,"key":"SMITH"},{"data":"animator:Kyubey","floor":49.0,"key":"SMITH"},{"data":"animator:PinaCoLada","floor":53,"key":"SMITH"},{"floor":63,"key":"REST"},{"data":"animator:Kuribayashi","floor":69,"key":"SMITH"}],"circlet_count":0,"master_deck":["animator:Strike_Konosuba+1","animator:Defend_Konosuba+1","animator:Defend+1","animator:Defend+1","animator:Kazuma+1","animator:Aqua+1","animator:SayakaMiki+1","animator:OrikoMikuni+1","animator:YuiTsuruno+1","animator:NagisaMomoe+1","animator:Vesta+1","animator:Mitsurugi+1","animator:KyokoSakura+1","animator:Eve+1","animator:KyokoSakura+1","animator:OrikoMikuni+1","animator:YuiTsuruno+1","animator:Mitsurugi+1","animator:YuiTsuruno+1","animator:Tet+1","animator:SayakaMiki+1","animator:Kuribayashi+1","animator:Mitsurugi","animator:Kyubey+1","animator:Benimaru+1","animator:Tyuule","animator:Kaijin+1","animator:HomuraAkemi+1","beaked:AwakenedForm+1","animator:Shion+1","animator:MamiTomoe+1","animator:IrohaTamaki+1","animator:Shuna+1","animator:NononJakuzure","animator:HomuraAkemi+1","animator:SayakaMiki+1","animator:Aqua+1","animator:PinaCoLada+1","animator:NagisaMomoe+1","animator:Kaijin","animator:DolaStephanie+1","animator:Shimakaze+1","animator:Hibiki+1","animator:ChlammyZell+1","animator:Raven+1","animator:Shiro+1"],"relics":["animator:TheWolleyCore","animator:AncientMedallion"],"acts_visited":["Exordium","TheCity","TheBeyond","TheEnding","EYB:TheUnnamedReign"],"potions_floor_usage":[60,64,64,70,70,70],"damage_taken":[{"damage":0.0,"enemies":"conspire:RoseBush","floor":1.0,"turns":5.0},{"damage":0.0,"enemies":"Cultist","floor":3.0,"turns":7.0},{"damage":0.0,"enemies":"Jaw Worm","floor":4.0,"turns":6.0},{"damage":0.0,"enemies":"Looter","floor":5.0,"turns":3.0},{"damage":10.0,"enemies":"Replay:BlueRogue","floor":7.0,"turns":5.0},{"damage":26.0,"enemies":"Exordium Wildlife","floor":8.0,"turns":7.0},{"damage":2.0,"enemies":"2 Fungi Beasts","floor":10.0,"turns":5.0},{"damage":0.0,"enemies":"3 Sentries","floor":12.0,"turns":6.0},{"damage":0.0,"enemies":"Gremlin Nob","floor":14.0,"turns":1.0},{"damage":0.0,"enemies":"Gremlin Nob","floor":14.0,"turns":1.0},{"damage":13.0,"enemies":"Slime Boss","floor":16.0,"turns":4.0},{"damage":0.0,"enemies":"Spheric Guardian","floor":18.0,"turns":1.0},{"damage":5.0,"enemies":"conspire:FuzzyDice","floor":19.0,"turns":4.0},{"damage":7.0,"enemies":"Centurion and Healer","floor":20.0,"turns":6.0},{"damage":2.0,"enemies":"Cultist and Chosen","floor":21.0,"turns":4.0},{"damage":12.0,"enemies":"Snake Plant","floor":22.0,"turns":3.0},{"damage":35.0,"enemies":"HollowMod:Nosk","floor":24.0,"turns":5.0},{"damage":13.0,"enemies":"Book of Stabbing","floor":27.0,"turns":5.0},{"damage":22.0,"enemies":"Snecko","floor":28.0,"turns":5.0},{"damage":10.0,"enemies":"Shelled Parasite and Fungi","floor":29.0,"turns":4.0},{"damage":0.0,"enemies":"conspire:HollyBat","floor":31.0,"turns":7.0},{"damage":21.0,"enemies":"Collector","floor":33.0,"turns":7.0},{"damage":3.0,"enemies":"3 Darklings","floor":35.0,"turns":4.0},{"damage":0.0,"enemies":"3 Shapes","floor":37.0,"turns":4.0},{"damage":6.0,"enemies":"Jaw Worm Horde","floor":38.0,"turns":5.0},{"damage":0.0,"enemies":"Giant Head","floor":40.0,"turns":5.0},{"damage":36.0,"enemies":"Nemesis","floor":44.0,"turns":4.0},{"damage":23.0,"enemies":"Writhing Mass","floor":45.0,"turns":4.0},{"damage":12.0,"enemies":"Reptomancer","floor":46.0,"turns":4.0},{"damage":5.0,"enemies":"Jaw Worm Horde","floor":47.0,"turns":3.0},{"damage":0.0,"enemies":"Transient","floor":48.0,"turns":6.0},{"damage":12,"enemies":"Replay:Hell Engine","floor":50,"turns":7},{"damage":0,"enemies":"animator:UNNAMED_HAT","floor":55,"turns":3},{"damage":0,"enemies":"animator:UNNAMED_CULTIST_1","floor":56,"turns":5},{"damage":30,"enemies":"animator:TRIPLE_LAGAVULIN","floor":60,"turns":4},{"damage":9,"enemies":"animator:UNNAMED_CULTIST_2","floor":61,"turns":4},{"damage":3,"enemies":"animator:ULTIMATE_CRYSTAL","floor":64,"turns":5},{"damage":4,"enemies":"animator:ULTIMATE_CUBE","floor":68,"turns":4}],"seed_played":"5199718153155528004","potions_obtained":[{"floor":1.0,"key":"FearPotion"},{"floor":8.0,"key":"Block Potion"},{"floor":12.0,"key":"sagemod:Wine"},{"floor":21.0,"key":"champ:CounterPotion"},{"floor":22.0,"key":"Block Potion"},{"floor":24.0,"key":"SpeedPotion"},{"floor":27.0,"key":"jedi:tentaclejuice"},{"floor":47.0,"key":"jedi:tentaclejuice"},{"floor":55,"key":"animator:FalseLifePotion"},{"floor":56,"key":"animator:FalseLifePotion"},{"floor":60,"key":"animator:FalseLifePotion"},{"floor":64,"key":"animator:FalseLifePotion"},{"floor":68,"key":"animator:FalseLifePotion"}],"is_trial":false,"path_per_floor":["M","?","M","M","M","R","E","M","T","M","R","E","R","E","R","B",null,"M","M","M","M","M","R","E","R","T","E","M","M","?","M","R","B",null,"M","?","M","M","T","E","$","R","T","E","M","E","M","M","R","B",null,null,"R","??","M","M","T","?","$","M","M","?","R","E","T","?","$","E","R","B",null],"character_chosen":"THE_ANIMATOR","items_purchased":["Bottled Flame","Centennial Puzzle","qcfpunch:Not_Strongest_Fighting_Style_Guidebook","animator:NononJakuzure","animator:AncientMedallion","animator:AncientMedallion","animator:FalseLifePotion","animator:AncientMedallion"],"campfire_rested":2,"item_purchase_floors":[41,41,41,41,59,59,59,67],"current_hp_per_floor":[66,66,66,66,66,66,56,33,33,34,34,37,56,16,66,53,66,66,61,57,58,49,66,31,66,66,53,36,28,28,33,66,47,66,66,66,66,65,65,66,66,66,66,34,20,17,21,31,66,64,64,66,66,98,98,98,98,98,98,68,81,76,99,98,98,98,98,95,95,99],"gold":152,"neow_bonus":"RANDOM_EVENT","is_daily":false,"chose_seed":false,"campfire_upgraded":10,"win_rate":0.0,"timestamp":1613338169,"path_taken":["M","?","?","M","?","R","E","?","T","M","R","E","R","E","R","BOSS","M","M","M","M","M","R","E","R","T","E","M","M","?","M","R","BOSS","M","?","M","M","?","E","$","R","T","E","M","E","M","M","R","BOSS","R","??","M","M","T","?","$","M","M","?","R","E","T","?","$","E","R","BOSS"],"items_purchased_type":["Relic","Relic","Relic","Card","Relic","Relic","Potion","Relic"],"build_version":"2020-12-22","purchased_purges":0,"victory":true,"max_hp_per_floor":[66,66,66,66,66,66,66,66,66,66,66,66,66,66,66,66,66,66,66,66,66,66,66,66,66,66,66,66,66,66,66,66,66,66,66,66,66,66,66,66,66,66,66,66,66,66,66,66,66,66,66,66,66,98,98,98,98,98,98,98,99,99,99,99,99,99,99,99,99,99],"card_choices":[{"not_picked":["animator:YunYun","animator:Vanir"],"picked":"animator:SayakaMiki","floor":1.0},{"not_picked":["animator:Kazuma","animator:SuzuneAmano"],"picked":"animator:OrikoMikuni","floor":3.0},{"not_picked":["animator:Shigure","animator:RoryMercury"],"picked":"animator:YuiTsuruno","floor":4.0},{"not_picked":["animator:YuiTsuruno","animator:SayakaMiki"],"picked":"animator:NagisaMomoe","floor":5.0},{"not_picked":["animator:Arpeggio","animator:PinaCoLada"],"picked":"animator:Vesta","floor":7.0},{"not_picked":["animator:Chung","animator:Shion"],"picked":"animator:Mitsurugi","floor":8.0},{"not_picked":["animator:DolaRiku","animator:YaoHaDucy","animator:CrowleyEusford"],"picked":"SKIP","floor":10.0},{"not_picked":["animator:OrikoMikuni","animator:SuzuneAmano"],"picked":"animator:KyokoSakura","floor":12.0},{"not_picked":["animator:PinaCoLada","animator:ItamiYouji"],"picked":"animator:Eve","floor":16.0},{"not_picked":["animator:Yoichi","animator:Verdia+1"],"picked":"animator:Mitsurugi","floor":18.0},{"not_picked":["animator:Benimaru","animator:Verdia"],"picked":"animator:YuiTsuruno","floor":19.0},{"not_picked":["animator:Shion","animator:Bozes+1"],"picked":"animator:Tet","floor":20.0},{"not_picked":["animator:KyokoSakura","animator:NagisaMomoe"],"picked":"animator:SayakaMiki","floor":21.0},{"not_picked":["animator:LeleiLaLalena+1","animator:OrikoMikuni"],"picked":"animator:Kuribayashi+1","floor":22.0},{"not_picked":["animator:Chung","animator:Kazuma"],"picked":"animator:Mitsurugi","floor":24.0},{"not_picked":["animator:Souei+1","animator:Raven"],"picked":"animator:Kyubey","floor":27.0},{"not_picked":["animator:Souei","animator:Shuna"],"picked":"animator:Benimaru","floor":28.0},{"not_picked":["animator:Rena","animator:CrowleyEusford"],"picked":"animator:Tyuule","floor":29.0},{"not_picked":["animator:Verdia","animator:Lu+1"],"picked":"animator:Kaijin","floor":31.0},{"not_picked":["animator:Eve","animator:Eris"],"picked":"animator:HomuraAkemi","floor":33.0},{"not_picked":["animator:Vesta+1","animator:Souei+1"],"picked":"animator:Shion","floor":35.0},{"not_picked":["animator:OrikoMikuni","animator:SuzuneAmano"],"picked":"animator:MamiTomoe","floor":37.0},{"not_picked":["animator:Elsword+1","animator:Jibril"],"picked":"animator:IrohaTamaki","floor":38.0},{"not_picked":["animator:FielNirvalen","animator:Kuribayashi"],"picked":"animator:Shuna+1","floor":40.0},{"not_picked":["animator:Vanir","animator:Souei+1"],"picked":"animator:HomuraAkemi","floor":44.0},{"not_picked":["animator:YuiTsuruno","animator:OrikoMikuni"],"picked":"animator:SayakaMiki","floor":45.0},{"not_picked":["animator:Millim","animator:Mikaela+1"],"picked":"animator:Aqua","floor":46.0},{"not_picked":["animator:Millim","animator:Vesta"],"picked":"animator:PinaCoLada","floor":47.0},{"not_picked":["animator:Aisha","animator:CrowleyEusford+1"],"picked":"animator:NagisaMomoe+1","floor":48.0},{"not_picked":["animator:Verdia","animator:YachiyoNanami+1"],"picked":"animator:Kaijin","floor":55},{"not_picked":["animator:IrohaTamaki","animator:Elsword"],"picked":"animator:DolaStephanie","floor":56},{"not_picked":["animator:HououinKyouma","animator:MisaKurobane"],"picked":"animator:Shimakaze","floor":58},{"not_picked":["animator:HarukoHaruhara","animator:HououinKyouma"],"picked":"animator:Hibiki","floor":58},{"not_picked":["animator:Jibril","animator:Mikaela+1"],"picked":"animator:ChlammyZell+1","floor":60},{"not_picked":["animator:Ciel","animator:Jibril+1"],"picked":"animator:Raven","floor":61},{"not_picked":["animator:Ciel","animator:Add+1","animator:Ain"],"picked":"SKIP","floor":64},{"not_picked":["animator:Elesis+1","animator:Guren+1"],"picked":"animator:Shiro+1","floor":66},{"not_picked":["animator:Rena","animator:HiiragiShinya+1","animator:YachiyoNanami"],"picked":"SKIP","floor":68}],"player_experience":1458326,"relics_obtained":[{"floor":1.0,"key":"LetterFromLob"},{"floor":7.0,"key":"reliquary:HotPoker"},{"floor":9.0,"key":"aspiration:SeaSaltIceCream"},{"floor":12.0,"key":"halation:AfternoonTea"},{"floor":24.0,"key":"Bird Faced Urn"},{"floor":26.0,"key":"Simple Rune"},{"floor":27.0,"key":"Mirror"},{"floor":39.0,"key":"Mercury Hourglass"},{"floor":40.0,"key":"Omamori"},{"floor":43.0,"key":"qcfpunch:Black_Training_Shirt"},{"floor":44.0,"key":"reliquary:FerryPass"},{"floor":46.0,"key":"CCEMRelics:TeddyBear"},{"floor":54,"key":"animator:TheWolleyCore"},{"floor":54,"key":"animator:AncientMedallion"},{"floor":55,"key":"LetterFromLob"},{"floor":56,"key":"LetterFromLob"},{"floor":57,"key":"animator:AncientMedallion"},{"floor":60,"key":"LetterFromLob"},{"floor":61,"key":"LetterFromLob"},{"floor":64,"key":"animator:AncientMedallion"},{"floor":64,"key":"LetterFromLob"},{"floor":65,"key":"animator:AncientMedallion"},{"floor":68,"key":"animator:AncientMedallion"},{"floor":68,"key":"LetterFromLob"}],"event_choices":[{"damage_healed":0.0,"max_hp_gain":0.0,"max_hp_loss":0.0,"gold_gain":0.0,"event_name":"Living Wall","player_choice":"Grow","floor":0.0,"gold_loss":0.0,"damage_taken":0.0,"cards_upgraded":["animator:Aqua"]},{"cards_removed":["animator:Strike"],"damage_healed":0.0,"max_hp_gain":0.0,"max_hp_loss":0.0,"gold_gain":0.0,"event_name":"Bonfire Elementals","player_choice":"Offered Basic","floor":2.0,"gold_loss":0.0,"damage_taken":0.0},{"damage_healed":0,"gold_gain":4,"player_choice":"1","damage_taken":0,"max_hp_gain":0,"max_hp_loss":0,"event_name":"betterStone:BetterStone","floor":58,"gold_loss":0}],"is_beta":false,"boss_relics":[{"not_picked":["aspiration:IroncladSkillbook","Calling Bell"],"picked":"animator:RacePiece"},{"not_picked":["Philosopher\u0027s Stone","Replay:Wanted Poster"],"picked":"beaked:SacredDeck"}],"items_purged_floors":[],"is_endless":false,"potions_floor_spawned":[1,8,12,14,14,21,22,24,27,33,37,40,47,48,64,68],"ascension_level":1}}