{"host":"y76clbnovzmw9ubx","time":1613346560,"event":{"mods":["AchievementEnabler","BaseMod","Minty Spire (QoL Compilation)","Permanent Neow","Relic Stats"],"gold_per_floor":[114,72,89,106,122,150,150,150,225,252,252,14,25,54,54,126,126,144,159,159,159,169,169,204,204,204,204,204,215,244,259,259,259,259],"floor_reached":33,"language":"ENG","playtime":2143,"items_purged":["Strike_G"],"score":710,"play_id":"00c1b911-8cfd-44d6-babb-304ad1b725e7","local_time":"20210214184920","is_ascension_mode":true,"campfire_choices":[{"floor":7.0,"key":"REST"},{"data":"Caltrops","floor":11.0,"key":"SMITH"},{"data":"Dagger Spray","floor":15,"key":"SMITH"},{"floor":23,"key":"REST"},{"data":"Ghostly","floor":25,"key":"SMITH"},{"data":"Ghostly","floor":27,"key":"SMITH"},{"data":"Burst","floor":32,"key":"SMITH"}],"circlet_count":0,"master_deck":["AscendersBane","Strike_G","Strike_G","Defend_G","Defend_G","Defend_G","Defend_G","Defend_G","Survivor","Neutralize","Caltrops+1","Dash","Blade Dance+1","Backstab","After Image","Backstab","Dagger Spray+1","Burst+1","Blur","Ghostly","Ghostly+1","Ghostly+1","Slice+1","Dodge and Roll","Blur","PiercingWail","Cloak And Dagger"],"relics":["Ring of the Snake","FossilizedHelix","HornCleat","Pen Nib","ClockworkSouvenir","Bottled Lightning","Empty Cage","Kunai","Ninja Scroll","Bag of Marbles"],"acts_visited":["Exordium","TheCity"],"potions_floor_usage":[14,16,24,29],"damage_taken":[{"damage":0.0,"enemies":"2 Louse","floor":1.0,"turns":4.0},{"damage":0.0,"enemies":"Small Slimes","floor":3.0,"turns":4.0},{"damage":0.0,"enemies":"Cultist","floor":4.0,"turns":4.0},{"damage":0.0,"enemies":"3 Louse","floor":5.0,"turns":2.0},{"damage":36.0,"enemies":"Lagavulin","floor":6.0,"turns":10.0},{"damage":0.0,"enemies":"Gremlin Nob","floor":10.0,"turns":4.0},{"damage":0.0,"enemies":"Blue Slaver","floor":13.0,"turns":2.0},{"damage":0,"enemies":"Lagavulin","floor":14,"turns":4},{"damage":8,"enemies":"Slime Boss","floor":16,"turns":13},{"damage":0,"enemies":"Spheric Guardian","floor":18,"turns":1},{"damage":8,"enemies":"Shell Parasite","floor":19,"turns":5},{"damage":0,"enemies":"Chosen and Byrds","floor":22,"turns":7},{"damage":2,"enemies":"Book of Stabbing","floor":24,"turns":5},{"damage":0,"enemies":"Snake Plant","floor":29,"turns":5},{"damage":7,"enemies":"Slavers","floor":30,"turns":5},{"damage":0,"enemies":"Snecko","floor":31,"turns":4},{"damage":20,"enemies":"Collector","floor":33,"turns":6}],"seed_played":"-2603895318439059699","potions_obtained":[{"floor":3.0,"key":"SpeedPotion"},{"floor":10.0,"key":"AttackPotion"},{"floor":13.0,"key":"CunningPotion"},{"floor":19,"key":"LiquidBronze"},{"floor":24,"key":"EssenceOfSteel"},{"floor":30,"key":"SpeedPotion"}],"is_trial":false,"path_per_floor":["M","$","M","M","M","E","R","?","T","E","R","$","M","E","R","B",null,"M","M","?","?","M","R","E","R","T","R","?","M","E","M","R","B"],"character_chosen":"THE_SILENT","items_purchased":["Dash","ClockworkSouvenir"],"campfire_rested":2,"item_purchase_floors":[2,12],"current_hp_per_floor":[56,56,56,56,56,20,43,43,43,43,43,43,43,43,43,35,67,67,59,39,18,18,29,27,27,27,27,27,27,20,20,20,0,0],"gold":259,"neow_bonus":"TWENTY_PERCENT_HP_BONUS","is_daily":false,"chose_seed":false,"campfire_upgraded":5,"win_rate":0.0,"timestamp":1613346560,"path_taken":["M","$","M","M","M","E","R","?","T","E","R","$","M","E","R","BOSS","M","M","?","?","M","R","E","R","T","R","?","M","E","M","R","BOSS"],"items_purchased_type":["Card","Relic"],"build_version":"2020-12-22","purchased_purges":1,"victory":false,"max_hp_per_floor":[78,78,78,78,78,78,78,78,78,78,78,78,78,78,78,78,78,78,78,39,39,39,39,39,39,39,39,39,39,39,39,39,39,39],"relic_stats":{"counters":[17,85],"Pen Nib":[17],"Kunai":[15],"obtain_stats":[{"HornCleat":9,"Ninja Scroll":26,"Pen Nib":10,"Bag of Marbles":30,"Bottled Lightning":14,"Kunai":24,"Empty Cage":17,"FossilizedHelix":6,"Ring of the Snake":0,"ClockworkSouvenir":12},{"HornCleat":5,"Ninja Scroll":13,"Pen Nib":6,"Bag of Marbles":15,"Bottled Lightning":8,"Kunai":13,"Empty Cage":9,"FossilizedHelix":5,"Ring of the Snake":0,"ClockworkSouvenir":6},{"HornCleat":24,"Ninja Scroll":65,"Pen Nib":28,"Bag of Marbles":75,"Bottled Lightning":34,"Kunai":65,"Empty Cage":47,"FossilizedHelix":24,"Ring of the Snake":0,"ClockworkSouvenir":28}],"Ring of the Snake":[34]},"card_choices":[{"not_picked":["Backflip","All Out Attack"],"picked":"Caltrops","floor":1.0},{"not_picked":["Calculated Gamble","Deadly Poison"],"picked":"Blade Dance","floor":3.0},{"not_picked":["Outmaneuver","Dagger Spray"],"picked":"Backstab","floor":4.0},{"not_picked":["Cloak And Dagger","Acrobatics"],"picked":"After Image","floor":5.0},{"not_picked":["All Out Attack","Terror"],"picked":"Backstab","floor":6.0},{"not_picked":["Dodge and Roll","Deadly Poison"],"picked":"Dagger Spray","floor":10.0},{"not_picked":["Flying Knee","Quick Slash","Slice"],"picked":"SKIP","floor":13.0},{"not_picked":["Dagger Spray","Expertise","Setup"],"picked":"SKIP","floor":14},{"not_picked":["Unload","Phantasmal Killer"],"picked":"Burst","floor":16},{"not_picked":["Flying Knee","Deflect"],"picked":"Blur","floor":18},{"not_picked":["Dagger Spray","Calculated Gamble","Flying Knee"],"picked":"SKIP","floor":19},{"not_picked":["Endless Agony","All Out Attack"],"picked":"Slice+1","floor":22},{"not_picked":["Deadly Poison","Noxious Fumes"],"picked":"Dodge and Roll","floor":24},{"not_picked":["Accuracy","Masterful Stab"],"picked":"Blur","floor":29},{"not_picked":["Deflect","Flechettes"],"picked":"PiercingWail","floor":30},{"not_picked":["Quick Slash","PiercingWail"],"picked":"Cloak And Dagger","floor":31}],"player_experience":3240757,"relics_obtained":[{"floor":6.0,"key":"FossilizedHelix"},{"floor":9.0,"key":"HornCleat"},{"floor":10.0,"key":"Pen Nib"},{"floor":14,"key":"Bottled Lightning"},{"floor":24,"key":"Kunai"},{"floor":26,"key":"Ninja Scroll"},{"floor":30,"key":"Bag of Marbles"}],"event_choices":[{"damage_healed":0.0,"max_hp_gain":0.0,"max_hp_loss":0.0,"gold_gain":0.0,"event_name":"Living Wall","player_choice":"Grow","floor":8.0,"gold_loss":0.0,"damage_taken":0.0,"cards_upgraded":["Blade Dance"]},{"damage_healed":0,"gold_gain":0,"player_choice":"Became a Ghost","damage_taken":0,"max_hp_gain":0,"max_hp_loss":39,"event_name":"Ghosts","floor":20,"gold_loss":0,"cards_obtained":["Ghostly","Ghostly","Ghostly"]},{"damage_healed":0,"gold_gain":0,"player_choice":"Obtained Book","damage_taken":21,"max_hp_gain":0,"max_hp_loss":0,"event_name":"Cursed Tome","floor":21,"gold_loss":0},{"damage_healed":0,"gold_gain":0,"player_choice":"Ignored","damage_taken":0,"max_hp_gain":0,"max_hp_loss":0,"event_name":"The Mausoleum","floor":28,"gold_loss":0}],"is_beta":false,"boss_relics":[{"not_picked":["Ring of the Serpent","Runic Dome"],"picked":"Empty Cage"}],"items_purged_floors":[12],"is_endless":false,"potions_floor_spawned":[3,10,13,19,24,30],"killed_by":"Collector","ascension_level":20}}