{"host":"pbf6u3tyx46snqc7","time":1613330740,"event":{"mods":["AchievementEnabler","BaseMod","Colored Map","Minty Spire (QoL Compilation)","Rare Cards Sparkle","SuperFastMode"],"gold_per_floor":[118,118,43,53,53,81,94,125,196,196,207,207,226,246,246,246,246],"floor_reached":16,"language":"KOR","playtime":460,"items_purged":["Defend_R"],"score":206,"play_id":"6249ab0f-09b5-44b7-ab58-2be54f07359c","local_time":"20210215042540","is_ascension_mode":true,"campfire_choices":[{"floor":15.0,"key":"REST"}],"circlet_count":0,"master_deck":["AscendersBane","Strike_R","Strike_R","Strike_R","Strike_R","Defend_R","Defend_R","Defend_R","Bash+1","Armaments","Searing Blow+1","Dropkick"],"relics":["Burning Blood","NeowsBlessing","Prayer Wheel","MealTicket","Eternal Feather"],"acts_visited":["Exordium"],"potions_floor_usage":[16],"damage_taken":[{"damage":0.0,"enemies":"2 Louse","floor":1.0,"turns":1.0},{"damage":0.0,"enemies":"Small Slimes","floor":4.0,"turns":1.0},{"damage":0.0,"enemies":"Lagavulin","floor":6.0,"turns":1.0},{"damage":1.0,"enemies":"Cultist","floor":7.0,"turns":3.0},{"damage":39.0,"enemies":"3 Sentries","floor":8.0,"turns":11.0},{"damage":23.0,"enemies":"Exordium Thugs","floor":11.0,"turns":6.0},{"damage":10.0,"enemies":"Gremlin Gang","floor":13.0,"turns":5.0},{"damage":1.0,"enemies":"2 Fungi Beasts","floor":14.0,"turns":4.0},{"damage":48,"enemies":"Hexaghost","floor":16,"turns":9}],"seed_played":"8074094505846723467","potions_obtained":[{"floor":6.0,"key":"Fire Potion"},{"floor":7.0,"key":"Energy Potion"},{"floor":12.0,"key":"CultistPotion"},{"floor":12.0,"key":"Energy Potion"},{"floor":12.0,"key":"DuplicationPotion"}],"is_trial":false,"path_per_floor":["M","?","$","M","$","E","M","E","T","?","M","?","M","M","R","B"],"character_chosen":"IRONCLAD","items_purchased":[],"campfire_rested":1,"item_purchase_floors":[],"current_hp_per_floor":[78,78,78,80,80,80,80,47,47,31,14,14,10,15,45,0,0],"gold":246,"neow_bonus":"THREE_ENEMY_KILL","is_daily":false,"chose_seed":false,"campfire_upgraded":0,"win_rate":0.0,"timestamp":1613330740,"path_taken":["M","?","$","M","$","E","M","E","T","?","M","?","M","M","R","BOSS"],"items_purchased_type":[],"build_version":"2020-12-22","purchased_purges":1,"victory":false,"max_hp_per_floor":[80,80,80,80,80,80,80,80,80,80,80,80,80,80,80,80,80],"card_choices":[{"not_picked":["Headbutt","Thunderclap"],"picked":"Armaments","floor":1.0},{"not_picked":["Searing Blow","Disarm","Iron Wave"],"picked":"SKIP","floor":4.0},{"not_picked":["Disarm","Iron Wave"],"picked":"Searing Blow","floor":4.0},{"not_picked":["Evolve","Searing Blow","Armaments"],"picked":"SKIP","floor":6.0},{"not_picked":["Inflame","Power Through","Thunderclap"],"picked":"SKIP","floor":7.0},{"not_picked":["Headbutt","Rage","Carnage"],"picked":"SKIP","floor":7.0},{"not_picked":["Sword Boomerang","Fire Breathing"],"picked":"Dropkick","floor":8.0},{"not_picked":["Anger","Entrench","Body Slam"],"picked":"SKIP","floor":11.0},{"not_picked":["Twin Strike","Metallicize","Rupture"],"picked":"SKIP","floor":11.0},{"not_picked":["Hemokinesis","Shrug It Off","Flex"],"picked":"SKIP","floor":13.0},{"not_picked":["Body Slam","Armaments","Metallicize"],"picked":"SKIP","floor":13.0},{"not_picked":["Demon Form","Thunderclap","Seeing Red"],"picked":"SKIP","floor":14.0},{"not_picked":["Rampage","Burning Pact","Body Slam"],"picked":"SKIP","floor":14.0}],"player_experience":426438,"relics_obtained":[{"floor":6.0,"key":"Prayer Wheel"},{"floor":8.0,"key":"MealTicket"},{"floor":9.0,"key":"Eternal Feather"}],"event_choices":[{"cards_removed":["Strike_R"],"damage_healed":0.0,"max_hp_gain":0.0,"max_hp_loss":0.0,"gold_gain":0.0,"event_name":"Living Wall","player_choice":"Forget","floor":2.0,"gold_loss":0.0,"damage_taken":0.0},{"damage_healed":0.0,"max_hp_gain":0.0,"max_hp_loss":0.0,"gold_gain":0.0,"event_name":"Shining Light","player_choice":"Entered Light","floor":10.0,"gold_loss":0.0,"damage_taken":16.0,"cards_upgraded":["Bash","Searing Blow"]},{"damage_healed":0.0,"max_hp_gain":0.0,"max_hp_loss":0.0,"gold_gain":0.0,"event_name":"Lab","player_choice":"Got Potions","floor":12.0,"gold_loss":0.0,"damage_taken":0.0}],"is_beta":false,"boss_relics":[],"items_purged_floors":[3],"is_endless":false,"potions_floor_spawned":[6,7],"killed_by":"Hexaghost","ascension_level":10}}