{"host":"rylkjufw9dlhr07b","time":1613261517,"event":{"mods":["AchievementEnabler","BaseMod","Better Note","BetterRewards","Hubris","Minty Spire (QoL Compilation)","Quick Restart","StSLib"],"gold_per_floor":[112,112,128,128,428,428,440,457,457,457,88,108,130,130,130,207,207,224,499,574,132,145,172,190,208,208,222,250,250,264,264,264,343,343,358,96,113,113,113,138,138,149,176,211,211,211,211,225,225,225],"floor_reached":51,"language":"FRA","playtime":1999,"items_purged":["Regret"],"score":1363,"play_id":"7b08fec3-db99-42bf-bc98-4b4d5618283c","local_time":"20210214011157","is_ascension_mode":true,"campfire_choices":[{"floor":6,"key":"REST"},{"floor":15,"key":"REST"},{"floor":29,"key":"REST"},{"floor":32,"key":"REST"},{"floor":41,"key":"REST"},{"floor":49,"key":"REST"}],"circlet_count":0,"master_deck":["AscendersBane","Strike_B","Strike_B","Strike_B","Defend_B","Defend_B","Defend_B","Defend_B","Zap","Dualcast","Stack+1","Cold Snap","Ball Lightning","Capacitor","Coolheaded","Auto Shields+1","Static Discharge","Defragment","Conserve Battery","BootSequence","Rainbow","Static Discharge","hubris:DuctTapeCard+2","Storm","Stack","Darkness","Barrage","Barrage+1","Ball Lightning","Barrage","Echo Form","Capacitor","Loop","Redo","Master of Strategy","Swift Strike","Coolheaded","Streamline","Stack","Barrage"],"relics":["FrozenCore","hubris:GlazedTorus","Medical Kit","Old Coin","hubris:PeanutButter","Art of War","Lantern","Odd Mushroom","hubris:DuctTape","Oddly Smooth Stone","Tiny Chest","Shuriken","InkBottle","Bag of Preparation","Sozu","HandDrill","Bottled Tornado","Happy Flower","hubris:SlimyHat","Strawberry","hubris:Icosahedron"],"acts_visited":["Exordium","TheCity","TheBeyond"],"potions_floor_usage":[12,16,18,23,28,28,48],"damage_taken":[{"damage":5,"enemies":"Jaw Worm","floor":1,"turns":2},{"damage":0,"enemies":"2 Louse","floor":3,"turns":2},{"damage":0,"enemies":"Small Slimes","floor":7,"turns":2},{"damage":0,"enemies":"2 Fungi Beasts","floor":8,"turns":3},{"damage":0,"enemies":"3 Louse","floor":12,"turns":3},{"damage":0,"enemies":"The Mushroom Lair","floor":13,"turns":3},{"damage":0,"enemies":"Slime Boss","floor":16,"turns":8},{"damage":0,"enemies":"Spheric Guardian","floor":18,"turns":5},{"damage":1,"enemies":"3 Byrds","floor":22,"turns":5},{"damage":17,"enemies":"Gremlin Leader","floor":23,"turns":5},{"damage":0,"enemies":"Centurion and Healer","floor":24,"turns":7},{"damage":5,"enemies":"Sentry and Sphere","floor":25,"turns":5},{"damage":0,"enemies":"Shelled Parasite and Fungi","floor":27,"turns":5},{"damage":9,"enemies":"Slavers","floor":28,"turns":6},{"damage":0,"enemies":"Snecko","floor":30,"turns":5},{"damage":11,"enemies":"Champ","floor":33,"turns":8},{"damage":4,"enemies":"3 Darklings","floor":35,"turns":4},{"damage":0,"enemies":"3 Shapes","floor":37,"turns":6},{"damage":10,"enemies":"Reptomancer","floor":40,"turns":6},{"damage":12,"enemies":"Maw","floor":42,"turns":6},{"damage":25,"enemies":"Nemesis","floor":44,"turns":5},{"damage":0,"enemies":"Spire Growth","floor":48,"turns":4},{"damage":41,"enemies":"Donu and Deca","floor":50,"turns":7}],"seed_played":"5020006453702675119","potions_obtained":[{"floor":8,"key":"Block Potion"},{"floor":12,"key":"PowerPotion"},{"floor":16,"key":"Explosive Potion"},{"floor":18,"key":"EssenceOfSteel"},{"floor":25,"key":"FocusPotion"},{"floor":30,"key":"Weak Potion"},{"floor":33,"key":"Ancient Potion"}],"is_trial":false,"path_per_floor":["M","?","M","?","T","R","M","M","T","?","$","M","?","?","R","B",null,"M","?","T","$","M","E","M","M","T","M","E","R","M","?","R","B",null,"M","$","M","?","?","E","R","M","T","E","T","?","?","M","R","B",null],"character_chosen":"DEFECT","items_purchased":["Apotheosis","hubris:GlazedTorus","Medical Kit","Stack","Cold Snap","Dramatic Entrance","Explosive Potion","EssenceOfDarkness","Art of War","Lantern","Static Discharge","Oddly Smooth Stone","Tiny Chest","Storm","Loop","Redo","HandDrill"],"campfire_rested":6,"item_purchase_floors":[0,0,0,0,0,0,0,0,11,11,11,21,21,21,36,36,36],"current_hp_per_floor":[28,31,31,31,31,54,54,54,54,38,38,38,38,38,61,61,74,74,74,74,74,73,56,56,51,51,51,42,65,65,65,78,67,75,71,71,71,71,66,56,78,66,66,41,48,48,48,48,72,31],"gold":225,"neow_bonus":"","is_daily":false,"chose_seed":false,"campfire_upgraded":0,"win_rate":0.0,"timestamp":1613261517,"path_taken":["M","?","M","?","?","R","M","M","T","?","$","M","?","?","R","BOSS","M","?","?","?","M","E","M","M","T","M","E","R","M","?","R","BOSS","M","$","M","?","?","E","R","M","T","E","?","?","?","M","R","BOSS"],"items_purchased_type":["Card","Relic","Relic","Card","Card","Card","Potion","Potion","Relic","Relic","Card","Relic","Relic","Card","Card","Card","Relic"],"build_version":"2020-12-22","purchased_purges":1,"victory":true,"max_hp_per_floor":[75,78,78,78,78,78,78,78,78,78,78,78,78,78,78,78,78,78,78,78,78,78,78,78,78,78,78,78,78,78,78,78,78,78,78,78,78,78,78,78,78,78,78,78,85,85,81,81,81,81],"card_choices":[{"not_picked":["BootSequence","Compile Driver"],"picked":"Ball Lightning","floor":1},{"not_picked":["Conserve Battery","FTL"],"picked":"Capacitor","floor":3},{"not_picked":["Compile Driver","Redo"],"picked":"Coolheaded","floor":7},{"not_picked":["Capacitor","Skim"],"picked":"Auto Shields","floor":8},{"not_picked":["Scrape","Stack"],"picked":"Defragment","floor":12},{"not_picked":["Rebound","Turbo"],"picked":"Conserve Battery","floor":13},{"not_picked":["Meteor Strike","Reboot"],"picked":"Rainbow","floor":16},{"not_picked":["Gash+1","Aggregate"],"picked":"Static Discharge","floor":18},{"not_picked":["Chill","Conserve Battery+1"],"picked":"Stack","floor":22},{"not_picked":["Go for the Eyes","Compile Driver"],"picked":"Darkness","floor":23},{"not_picked":["Core Surge","Rebound"],"picked":"Barrage","floor":24},{"not_picked":["Go for the Eyes","Gash"],"picked":"Barrage+1","floor":25},{"not_picked":["Aggregate","Sunder"],"picked":"Melter","floor":27},{"not_picked":["Recycle","Undo"],"picked":"Ball Lightning","floor":28},{"not_picked":["Steam","Gash"],"picked":"Barrage","floor":30},{"not_picked":["hubris:Prefetch","Biased Cognition"],"picked":"Echo Form","floor":33},{"not_picked":["FTL","Stack"],"picked":"Capacitor","floor":35},{"not_picked":["Conserve Battery","Aggregate","Beam Cell"],"picked":"SKIP","floor":37},{"not_picked":["Violence","Good Instincts"],"picked":"Master of Strategy","floor":39},{"not_picked":["Secret Technique","hubris:Insight"],"picked":"Swift Strike","floor":39},{"not_picked":["Reinforced Body","Cold Snap"],"picked":"Coolheaded","floor":40},{"not_picked":["Gash","Compile Driver"],"picked":"Streamline","floor":42},{"not_picked":["hubris:DoWhile","Blizzard"],"picked":"Stack","floor":44},{"not_picked":["Compile Driver+1","Sweeping Beam"],"picked":"Barrage","floor":48}],"player_experience":590387,"relics_obtained":[{"floor":5,"key":"Old Coin"},{"floor":9,"key":"hubris:PeanutButter"},{"floor":13,"key":"Odd Mushroom"},{"floor":20,"key":"hubris:DuctTape"},{"floor":23,"key":"Shuriken"},{"floor":26,"key":"InkBottle"},{"floor":28,"key":"Bag of Preparation"},{"floor":40,"key":"Bottled Tornado"},{"floor":43,"key":"Happy Flower"},{"floor":44,"key":"hubris:SlimyHat"},{"floor":45,"key":"Strawberry"}],"event_choices":[{"damage_healed":0,"gold_gain":0,"player_choice":"Ignored","damage_taken":0,"max_hp_gain":0,"max_hp_loss":0,"event_name":"Golden Wing","floor":4,"gold_loss":0},{"damage_healed":0,"gold_gain":0,"player_choice":"Entered Light","damage_taken":16,"max_hp_gain":0,"max_hp_loss":0,"event_name":"Shining Light","floor":10,"gold_loss":0,"cards_upgraded":["Auto Shields","Stack"]},{"damage_healed":0,"gold_gain":0,"player_choice":"Fought Mushrooms","damage_taken":0,"max_hp_gain":0,"max_hp_loss":0,"event_name":"Mushrooms","floor":13,"gold_loss":0},{"damage_healed":0,"gold_gain":0,"cards_transformed":["Strike_B"],"player_choice":"Change","damage_taken":0,"max_hp_gain":0,"max_hp_loss":0,"event_name":"Living Wall","floor":14,"gold_loss":0,"cards_obtained":["BootSequence"]},{"damage_healed":0,"gold_gain":275,"player_choice":"Desecrate","damage_taken":0,"max_hp_gain":0,"max_hp_loss":0,"event_name":"Golden Shrine","floor":19,"gold_loss":0,"cards_obtained":["Regret"]},{"damage_healed":0,"gold_gain":0,"player_choice":"Upgraded","damage_taken":0,"max_hp_gain":0,"max_hp_loss":0,"event_name":"Upgrade Shrine","floor":31,"gold_loss":0,"cards_upgraded":["hubris:DuctTapeCard"]},{"cards_removed":["Melter"],"damage_healed":0,"gold_gain":0,"player_choice":"Removed Attack","damage_taken":0,"max_hp_gain":0,"max_hp_loss":0,"event_name":"Falling","floor":38,"gold_loss":0},{"damage_healed":0,"gold_gain":0,"player_choice":"Memory 2","damage_taken":5,"max_hp_gain":0,"max_hp_loss":0,"event_name":"SensoryStone","floor":39,"gold_loss":0},{"damage_healed":0,"gold_gain":0,"player_choice":"Max HP","damage_taken":0,"max_hp_gain":0,"max_hp_loss":4,"event_name":"Winding Halls","floor":47,"gold_loss":0}],"is_beta":false,"boss_relics":[{"not_picked":["hubris:RunicObelisk","Cursed Key"],"picked":"FrozenCore"},{"not_picked":["Velvet Choker","Runic Dome"],"picked":"Sozu"}],"items_purged_floors":[21],"is_endless":false,"potions_floor_spawned":[8,12,16,18,22,25,30,33,40,42,48],"ascension_level":13}}