{"host":"1n4zh8skucxnzijq","time":1613327243,"event":{"mods":["BaseMod","Minty Spire (QoL Compilation)","Quick Restart"],"gold_per_floor":[607,118,137,137,210,223,223,257,257,257,257,432,463,232,247,247,348,348,366,379,379,329,345,373,383,136,136,146,172,172,201,217,217,217,217],"floor_reached":33,"language":"ENG","playtime":1957,"items_purged":["Doubt","Strike_P"],"score":347,"play_id":"93ee0b2b-ae85-4f4b-ac29-7d60c4b0881c","local_time":"20210214182723","is_ascension_mode":true,"campfire_choices":[{"data":"Eruption","floor":6,"key":"SMITH"},{"data":"Discovery","floor":8,"key":"SMITH"},{"data":"Adaptation","floor":10,"key":"SMITH"},{"data":"FollowUp","floor":15,"key":"SMITH"},{"data":"ForeignInfluence","floor":29,"key":"SMITH"},{"data":"LikeWater","floor":32,"key":"SMITH"}],"circlet_count":0,"master_deck":["Strike_P","Strike_P+1","Strike_P+1","Defend_P","Defend_P","Defend_P+1","Eruption+1","Vigilance+1","Discovery+1","EmptyFist+1","FollowUp+1","Adaptation+1","FearNoEvil+1","Tantrum","LessonLearned+1","Adaptation+1","Parasite","ForeignInfluence+1","LikeWater","LikeWater+1"],"relics":["PureWater","InkBottle","Blood Vial","Meat on the Bone","Ornamental Fan","HandDrill","Cursed Key","Bottled Tornado","Whetstone","Regal Pillow","Mercury Hourglass","Dead Branch"],"acts_visited":["Exordium","TheCity"],"potions_floor_usage":[7,7,18,28,30,33],"damage_taken":[{"damage":0,"enemies":"Small Slimes","floor":1,"turns":5},{"damage":0,"enemies":"Jaw Worm","floor":2,"turns":3},{"damage":1,"enemies":"2 Louse","floor":5,"turns":2},{"damage":5,"enemies":"3 Sentries","floor":7,"turns":4},{"damage":14,"enemies":"Gremlin Nob","floor":12,"turns":3},{"damage":0,"enemies":"Looter","floor":14,"turns":1},{"damage":26,"enemies":"The Guardian","floor":16,"turns":9},{"damage":2,"enemies":"Chosen","floor":18,"turns":2},{"damage":0,"enemies":"Spheric Guardian","floor":19,"turns":2},{"damage":6,"enemies":"Snecko","floor":22,"turns":3},{"damage":13,"enemies":"Book of Stabbing","floor":23,"turns":4},{"damage":0,"enemies":"Chosen and Byrds","floor":24,"turns":3},{"damage":0,"enemies":"Centurion and Healer","floor":27,"turns":2},{"damage":23,"enemies":"Slavers","floor":28,"turns":4},{"damage":34,"enemies":"Gremlin Leader","floor":30,"turns":7},{"damage":0,"enemies":"Snecko","floor":31,"turns":3},{"damage":47,"enemies":"Automaton","floor":33,"turns":6}],"seed_played":"4728080490922256635","potions_obtained":[{"floor":2,"key":"Fruit Juice"},{"floor":5,"key":"ColorlessPotion"},{"floor":14,"key":"SteroidPotion"},{"floor":16,"key":"SmokeBomb"},{"floor":24,"key":"SkillPotion"},{"floor":27,"key":"DuplicationPotion"},{"floor":28,"key":"FearPotion"}],"is_trial":false,"path_per_floor":["M","M","?","T","M","R","E","R","T","R","?","E","$","M","R","B",null,"M","M","?","?","M","E","M","$","T","M","E","R","E","M","R","B"],"character_chosen":"WATCHER","items_purchased":["HandDrill","Whetstone"],"campfire_rested":0,"item_purchase_floors":[13,25],"current_hp_per_floor":[16,72,72,65,65,64,64,64,64,64,64,64,52,52,54,54,42,77,75,77,77,77,71,60,62,62,62,64,43,43,23,37,37,0,0],"gold":217,"neow_bonus":"RANDOM_COLORLESS","is_daily":false,"chose_seed":false,"campfire_upgraded":6,"win_rate":0.0,"timestamp":1613327243,"path_taken":["M","M","?","?","M","R","E","R","T","R","?","E","?","?","R","BOSS","M","?","?","?","?","E","M","$","T","M","E","R","E","?","R","BOSS"],"items_purchased_type":["Relic","Relic"],"build_version":"2020-12-22","purchased_purges":2,"victory":false,"max_hp_per_floor":[77,72,72,72,72,72,72,77,77,77,77,77,77,77,77,77,77,77,77,77,77,77,77,77,77,77,77,77,77,77,77,77,77,77,77],"card_choices":[{"not_picked":["Finesse","Panacea"],"picked":"Discovery","floor":0},{"not_picked":["Nirvana","WreathOfFlame","Protect"],"picked":"SKIP","floor":1},{"not_picked":["Wireheading","DeceiveReality"],"picked":"EmptyFist","floor":2},{"not_picked":["ThirdEye","Halt"],"picked":"FollowUp","floor":5},{"not_picked":["Protect","EmptyBody"],"picked":"Adaptation","floor":7},{"not_picked":["SashWhip","LikeWater"],"picked":"FearNoEvil","floor":12},{"not_picked":["EmptyFist","Meditate"],"picked":"Tantrum","floor":14},{"not_picked":["Devotion","Brilliance"],"picked":"LessonLearned","floor":16},{"not_picked":["DeceiveReality","ClearTheMind","Consecrate"],"picked":"SKIP","floor":18},{"not_picked":["FlurryOfBlows+1","Prostrate","ClearTheMind+1"],"picked":"SKIP","floor":19},{"not_picked":["JustLucky+1","Prostrate+1","Halt"],"picked":"SKIP","floor":22},{"not_picked":["BowlingBash","DeusExMachina"],"picked":"Adaptation+1","floor":23},{"not_picked":["Protect","Consecrate+1","EmptyBody"],"picked":"SKIP","floor":24},{"not_picked":["Evaluate","WreathOfFlame"],"picked":"ForeignInfluence","floor":27},{"not_picked":["JustLucky","Fasting2+1","Evaluate"],"picked":"SKIP","floor":28},{"not_picked":["CutThroughFate","PathToVictory"],"picked":"LikeWater","floor":30},{"not_picked":["JustLucky+1","ClearTheMind"],"picked":"LikeWater","floor":31}],"player_experience":1051000,"relics_obtained":[{"floor":4,"key":"InkBottle"},{"floor":7,"key":"Blood Vial"},{"floor":9,"key":"Meat on the Bone"},{"floor":12,"key":"Ornamental Fan"},{"floor":23,"key":"Bottled Tornado"},{"floor":26,"key":"Regal Pillow"},{"floor":28,"key":"Mercury Hourglass"},{"floor":30,"key":"Dead Branch"}],"event_choices":[{"cards_removed":["Defend_P"],"damage_healed":0,"gold_gain":0,"player_choice":"Card Removal","damage_taken":7,"max_hp_gain":0,"max_hp_loss":0,"event_name":"Golden Wing","floor":3,"gold_loss":0},{"damage_healed":0,"gold_gain":175,"player_choice":"AGREE","damage_taken":0,"max_hp_gain":0,"max_hp_loss":0,"event_name":"Liars Game","floor":11,"gold_loss":0,"cards_obtained":["Doubt"]},{"damage_healed":0,"gold_gain":0,"player_choice":"Ignored","damage_taken":0,"max_hp_gain":0,"max_hp_loss":0,"event_name":"Ghosts","floor":20,"gold_loss":0},{"damage_healed":0,"gold_gain":0,"player_choice":"Bet on Murderer","damage_taken":0,"max_hp_gain":0,"max_hp_loss":0,"event_name":"The Joust","floor":21,"gold_loss":50}],"is_beta":false,"boss_relics":[{"not_picked":["Ectoplasm","Tiny House"],"picked":"Cursed Key"}],"items_purged_floors":[13,25],"is_endless":false,"potions_floor_spawned":[2,5,14,16,24,27,28],"killed_by":"Automaton","ascension_level":2}}