{"host":"8jwrv7sn1174lfer","time":1613296432,"event":{"mods":["BaseMod","Colored Map","Colored Powertips","Downfall","Highlight Path","Minty Spire (QoL Compilation)","StSLib"],"gold_per_floor":[99,99,29,29,29,61,61,46,81,95,95,107,7,7,27,127,127,127,145,145,160,160,185,185,198,209,209,209,209],"floor_reached":27,"language":"ENG","playtime":1315,"items_purged":[],"score":263,"play_id":"b6b65e92-fa71-4ccb-a099-72b8d93b1cdf","local_time":"20210214045352","is_ascension_mode":true,"campfire_choices":[{"data":"bronze:Goto","floor":1,"key":"SMITH"},{"floor":11,"key":"REST"},{"data":"bronze:InfiniteBeams","floor":13,"key":"SMITH"},{"data":"bronze:Turbo","floor":18,"key":"SMITH"}],"circlet_count":0,"master_deck":["bronze:Strike","bronze:Strike","bronze:Strike","bronze:Defend","bronze:Defend","bronze:Defend","bronze:Defend","bronze:Replicate","bronze:Goto+1","bronze:OilSpill","bronze:BronzeOrb","bronze:InfiniteBeams+1","bronze:Goto","bronze:Branch","bronze:Shell","bronze:OilSpill","bronze:Turbo+1","bronze:Spike","bronze:DazingPulse","bronze:Virus","Writhe","Pain","bronze:BronzeOrb"],"relics":["bronze:BronzeCore","downfall:HeartsMalice","Boot","Pantograph","HornCleat","downfall:HeartBlessingGreen","Black Star","MealTicket","WarpedTongs","TungstenRod","Blood Vial","Frozen Egg 2"],"acts_visited":["Exordium","TheCity"],"potions_floor_usage":[23,26],"damage_taken":[{"damage":0,"enemies":"Cultist","floor":2,"turns":1},{"damage":0,"enemies":"downfall:FleeingMerchant","floor":3,"turns":1},{"damage":0,"enemies":"2 Louse","floor":5,"turns":1},{"damage":38,"enemies":"3 Sentries","floor":6,"turns":8},{"damage":2,"enemies":"downfall:FleeingMerchant","floor":8,"turns":4},{"damage":13,"enemies":"Gremlin Nob","floor":9,"turns":4},{"damage":1,"enemies":"Jaw Worm","floor":10,"turns":3},{"damage":5,"enemies":"Exordium Thugs","floor":12,"turns":4},{"damage":19,"enemies":"Exordium Thugs","floor":14,"turns":4},{"damage":1,"enemies":"2 Fungi Beasts","floor":15,"turns":3},{"damage":20,"enemies":"SI_SHIV_ARCHETYPE","floor":16,"turns":7},{"damage":7,"enemies":"Shell Parasite","floor":19,"turns":3},{"damage":20,"enemies":"downfall:LooterAlt2","floor":21,"turns":4},{"damage":40,"enemies":"Slavers","floor":23,"turns":4},{"damage":0,"enemies":"Shelled Parasite and Fungi","floor":25,"turns":3},{"damage":4,"enemies":"Chosen and Byrds","floor":26,"turns":4},{"damage":29,"enemies":"Snecko","floor":27,"turns":4}],"seed_played":"1926588812244904768","potions_obtained":[{"floor":6,"key":"bronze:BurnAndBuffPotion"},{"floor":9,"key":"SpeedPotion"},{"floor":12,"key":"GamblersBrew"},{"floor":16,"key":"Fire Potion"},{"floor":25,"key":"bronze:FreeFunctionsPotion"}],"is_trial":false,"path_per_floor":["R","M","$","?","M","E","T","$","E","M","R","M","R","?","M","B",null,"R","M","?","M","?","E","T","M","M","M"],"character_chosen":"THE_AUTOMATON","items_purchased":["bronze:InfiniteBeams"],"campfire_rested":1,"item_purchase_floors":[3],"current_hp_per_floor":[70,70,70,70,70,32,32,30,17,16,37,32,32,13,12,17,70,70,63,63,43,43,3,3,5,3,0,0,0],"gold":209,"neow_bonus":"THREE_ENEMY_KILL","is_daily":false,"chose_seed":false,"campfire_upgraded":3,"win_rate":0.0,"timestamp":1613296432,"path_taken":["R","M","?","?","M","E","T","?","E","M","R","?","R","?","M","BOSS","R","M","?","M","?","E","T","M","M","?"],"items_purchased_type":["Card"],"build_version":"2020-12-22","purchased_purges":0,"victory":false,"max_hp_per_floor":[70,70,70,70,70,70,70,70,70,70,70,70,70,70,70,70,70,70,70,70,70,70,70,70,70,70,70,70,70],"card_choices":[{"not_picked":["bronze:Overheat","bronze:Separator"],"picked":"bronze:OilSpill","floor":2},{"not_picked":["bronze:Flail","bronze:CloningBeam"],"picked":"bronze:BronzeOrb","floor":3},{"not_picked":["bronze:WildBeam","bronze:WhirlingStrike"],"picked":"bronze:Branch","floor":5},{"not_picked":["bronze:NullPointer","bronze:DigitalCarnage"],"picked":"bronze:Shell","floor":6},{"not_picked":["bronze:Repair","bronze:ItsAFeature"],"picked":"bronze:OilSpill","floor":8},{"not_picked":["bronze:Overheat","bronze:OilSpill","bronze:Deprecate"],"picked":"SKIP","floor":9},{"not_picked":["bronze:Separator","bronze:Boost","bronze:WhirlingStrike"],"picked":"SKIP","floor":10},{"not_picked":["bronze:DelayedSlice","bronze:WildBeam"],"picked":"bronze:Turbo","floor":12},{"not_picked":[],"picked":"bronze:Spike","floor":14},{"not_picked":[],"picked":"bronze:DazingPulse","floor":14},{"not_picked":["bronze:Backtrace","bronze:BronzeArmor","bronze:DelayedSlice"],"picked":"SKIP","floor":15},{"not_picked":["bronze:BurnOut","bronze:HyperBeam"],"picked":"bronze:Virus","floor":16},{"not_picked":["bronze:ChosenStrike","bronze:Overheat","bronze:CutThrough+1"],"picked":"SKIP","floor":19},{"not_picked":["bronze:Constructor","bronze:Backtrace","bronze:WhirlingStrike"],"picked":"SKIP","floor":21},{"not_picked":["bronze:ChosenStrike","bronze:Invalidate","bronze:Shield"],"picked":"SKIP","floor":23},{"not_picked":["bronze:Philosophize","bronze:Shield","bronze:BugBarrage"],"picked":"SKIP","floor":25},{"not_picked":["bronze:Constructor","bronze:Invalidate"],"picked":"bronze:BronzeOrb","floor":26}],"player_experience":765314,"relics_obtained":[{"floor":6,"key":"Boot"},{"floor":7,"key":"Pantograph"},{"floor":9,"key":"HornCleat"},{"floor":23,"key":"TungstenRod"},{"floor":23,"key":"Blood Vial"},{"floor":24,"key":"Frozen Egg 2"}],"event_choices":[],"is_beta":false,"boss_relics":[{"not_picked":["Velvet Choker","Runic Dome"],"picked":"Black Star"}],"items_purged_floors":[],"is_endless":false,"potions_floor_spawned":[6,9,12,14,16,25],"killed_by":"Snecko","ascension_level":2}}