{"host":"i4d8tgqbnmcnjm0a","time":1613325530,"event":{"mods":["BaseMod","Keyboard Shortcuts","Minty Spire (QoL Compilation)"],"gold_per_floor":[119,131,150,70,23,50,68,68,68,97,107,122,148,168,168,271,271,288,307,324,336,10,10,10,10],"floor_reached":24,"language":"ENG","playtime":2269,"items_purged":[],"score":290,"play_id":"a499b3ea-8ef4-49b3-8d82-5013aefd79aa","local_time":"20210214125850","is_ascension_mode":true,"campfire_choices":[{"floor":8,"key":"DIG"},{"floor":15,"key":"REST"},{"floor":23,"key":"REST"}],"circlet_count":0,"master_deck":["Strike_R","Strike_R","Strike_R","Strike_R","Strike_R","Defend_R","Defend_R","Defend_R","Defend_R","Bash","Ghostly Armor","Ghostly Armor","Pommel Strike","Thunderclap","Thunderclap","Body Slam","Blood for Blood","Feed","Metallicize","Berserk","Battle Trance","Master of Strategy","Battle Trance"],"relics":["Burning Blood","Shovel","Torii","Ancient Tea Set","FossilizedHelix","Odd Mushroom","Pear","Mark of Pain","DollysMirror"],"acts_visited":["Exordium","TheCity"],"potions_floor_usage":[6,12,16,18,20,21,24],"damage_taken":[{"damage":5,"enemies":"Small Slimes","floor":1,"turns":4},{"damage":0,"enemies":"Cultist","floor":2,"turns":4},{"damage":0,"enemies":"2 Louse","floor":3,"turns":3},{"damage":25,"enemies":"3 Sentries","floor":6,"turns":8},{"damage":7,"enemies":"2 Fungi Beasts","floor":7,"turns":4},{"damage":26,"enemies":"The Mushroom Lair","floor":10,"turns":5},{"damage":12,"enemies":"Gremlin Gang","floor":11,"turns":6},{"damage":1,"enemies":"Exordium Thugs","floor":12,"turns":4},{"damage":28,"enemies":"Lagavulin","floor":13,"turns":8},{"damage":1,"enemies":"Large Slime","floor":14,"turns":5},{"damage":38,"enemies":"The Guardian","floor":16,"turns":14},{"damage":6,"enemies":"Chosen","floor":18,"turns":4},{"damage":20,"enemies":"Spheric Guardian","floor":19,"turns":6},{"damage":53,"enemies":"Snake Plant","floor":20,"turns":6},{"damage":3,"enemies":"Snecko","floor":21,"turns":7},{"damage":60,"enemies":"Book of Stabbing","floor":24,"turns":7}],"seed_played":"8845556007042493872","potions_obtained":[{"floor":1,"key":"DuplicationPotion"},{"floor":7,"key":"EssenceOfSteel"},{"floor":11,"key":"Fire Potion"},{"floor":16,"key":"SteroidPotion"},{"floor":19,"key":"DistilledChaos"},{"floor":20,"key":"LiquidMemories"},{"floor":21,"key":"Weak Potion"}],"is_trial":false,"path_per_floor":["M","M","M","?","$","E","M","R","T","?","M","M","E","M","R","B",null,"M","M","M","M","$","R","E"],"character_chosen":"IRONCLAD","items_purchased":["Thunderclap","DollysMirror","Master of Strategy"],"campfire_rested":2,"item_purchase_floors":[5,22,22],"current_hp_per_floor":[88,88,88,88,88,69,68,68,68,48,42,47,35,40,69,40,86,86,72,25,28,28,58,0,0],"gold":10,"neow_bonus":"TEN_PERCENT_HP_BONUS","is_daily":false,"chose_seed":false,"campfire_upgraded":0,"win_rate":0.0,"timestamp":1613325530,"path_taken":["M","M","M","?","?","E","M","R","T","?","M","M","E","M","R","BOSS","M","M","M","M","$","R","E"],"items_purchased_type":["Card","Relic","Card"],"build_version":"2020-12-22","purchased_purges":0,"victory":false,"max_hp_per_floor":[88,88,88,88,88,88,88,88,88,88,88,88,98,98,98,101,101,101,101,101,101,101,101,101,101],"card_choices":[{"not_picked":["Flex","Pommel Strike"],"picked":"Ghostly Armor","floor":1},{"not_picked":["Heavy Blade","Intimidate"],"picked":"Ghostly Armor","floor":2},{"not_picked":["Warcry","Wild Strike"],"picked":"Pommel Strike","floor":3},{"not_picked":["Evolve","Havoc","Pommel Strike"],"picked":"SKIP","floor":6},{"not_picked":["Fire Breathing","Second Wind"],"picked":"Thunderclap","floor":7},{"not_picked":["True Grit","Rupture"],"picked":"Body Slam","floor":11},{"not_picked":["Heavy Blade","Disarm"],"picked":"Blood for Blood","floor":12},{"not_picked":["Anger","Rampage"],"picked":"Feed","floor":13},{"not_picked":["Anger","Blood for Blood"],"picked":"Metallicize","floor":14},{"not_picked":["Brutality","Exhume"],"picked":"Berserk","floor":16},{"not_picked":["Rampage","Perfected Strike","Ghostly Armor"],"picked":"SKIP","floor":18},{"not_picked":["Cleave","Iron Wave"],"picked":"Battle Trance","floor":19},{"not_picked":["Thunderclap+1","Havoc","Flex+1"],"picked":"SKIP","floor":20},{"not_picked":["Inflame","Sword Boomerang","Clash+1"],"picked":"SKIP","floor":21}],"player_experience":343149,"relics_obtained":[{"floor":6,"key":"Torii"},{"floor":8,"key":"Ancient Tea Set"},{"floor":9,"key":"FossilizedHelix"},{"floor":10,"key":"Odd Mushroom"},{"floor":13,"key":"Pear"}],"event_choices":[{"damage_healed":0,"gold_gain":0,"player_choice":"Paid Gold","damage_taken":0,"relics_obtained":["Shovel"],"max_hp_gain":0,"max_hp_loss":0,"event_name":"WeMeetAgain","floor":4,"gold_loss":80},{"damage_healed":0,"gold_gain":0,"player_choice":"Fought Mushrooms","damage_taken":0,"max_hp_gain":0,"max_hp_loss":0,"event_name":"Mushrooms","floor":10,"gold_loss":0}],"is_beta":false,"boss_relics":[{"not_picked":["Pandora\u0027s Box","Runic Cube"],"picked":"Mark of Pain"}],"items_purged_floors":[],"is_endless":false,"potions_floor_spawned":[1,7,11,16,19,20,21],"killed_by":"Book of Stabbing","ascension_level":5}}