{"host":"08xvxt5w1s7zc7e5","time":1613295645,"event":{"mods":["AchievementEnabler","BaseMod","DeckTracker","Minty Spire (QoL Compilation)","Quick Restart","StSLib","SuperFastMode"],"gold_per_floor":[115,65,82,82,82,82,82,82,161,161,181,215,228,23,23,142,142,155,170,170,170],"floor_reached":20,"language":"KOR","playtime":2936,"items_purged":["Strike_G"],"score":215,"play_id":"1a3d0178-dc38-4b45-96ca-60e470fa59b5","local_time":"20210214184045","is_ascension_mode":true,"campfire_choices":[{"data":"Dagger Spray","floor":6,"key":"SMITH"},{"data":"Neutralize","floor":10,"key":"SMITH"},{"data":"Riddle With Holes","floor":15,"key":"SMITH"}],"circlet_count":0,"master_deck":["Strike_G","Strike_G+1","Strike_G+1","Defend_G","Defend_G","Defend_G","Defend_G","Defend_G","Survivor","Neutralize+1","Dagger Spray","Dagger Spray+1","Deflect","Riddle With Holes+1","PiercingWail","Acrobatics","Die Die Die","Predator"],"relics":["HoveringKite","Golden Idol","The Courier","Shuriken","Lizard Tail","Philosopher\u0027s Stone"],"acts_visited":["Exordium","TheCity"],"potions_floor_usage":[],"damage_taken":[{"damage":1,"enemies":"Jaw Worm","floor":1,"turns":6},{"damage":0,"enemies":"Small Slimes","floor":3,"turns":2},{"damage":6,"enemies":"2 Louse","floor":11,"turns":2},{"damage":12,"enemies":"Lagavulin","floor":12,"turns":5},{"damage":11,"enemies":"Exordium Thugs","floor":13,"turns":4},{"damage":37,"enemies":"Hexaghost","floor":16,"turns":14},{"damage":5,"enemies":"Chosen","floor":18,"turns":5},{"damage":32,"enemies":"Shell Parasite","floor":19,"turns":8},{"damage":27,"enemies":"Sentry and Sphere","floor":20,"turns":3}],"seed_played":"-3040984810165322017","potions_obtained":[{"floor":3,"key":"GhostInAJar"},{"floor":16,"key":"FearPotion"},{"floor":19,"key":"BlessingOfTheForge"}],"is_trial":false,"path_per_floor":["M","?","M","?","?","R","?","?","T","R","M","E","M","$","R","B",null,"M","M","M"],"character_chosen":"THE_SILENT","items_purchased":["Riddle With Holes","PiercingWail","Acrobatics"],"campfire_rested":0,"item_purchase_floors":[14,14,14],"current_hp_per_floor":[69,69,69,55,55,55,55,55,55,55,49,37,26,26,26,24,55,50,18,0,0],"gold":170,"neow_bonus":"BOSS_RELIC","is_daily":false,"chose_seed":false,"campfire_upgraded":3,"win_rate":0.0,"timestamp":1613295645,"path_taken":["M","?","M","?","?","R","?","?","T","R","?","E","M","?","R","BOSS","M","?","M"],"items_purchased_type":["Card","Card","Card"],"build_version":"2020-12-22","purchased_purges":1,"victory":false,"max_hp_per_floor":[70,70,70,70,65,65,65,65,65,65,65,65,65,65,65,65,65,65,65,65,65],"card_choices":[{"not_picked":["Acrobatics","Flying Knee"],"picked":"Dagger Spray","floor":1},{"not_picked":["Underhanded Strike","Crippling Poison"],"picked":"Dagger Spray","floor":3},{"not_picked":["Catalyst","Flying Knee","Dagger Spray"],"picked":"SKIP","floor":11},{"not_picked":["Dagger Spray","Prepared","Sucker Punch"],"picked":"SKIP","floor":12},{"not_picked":["Dagger Spray","A Thousand Cuts"],"picked":"Deflect","floor":13},{"not_picked":["Bullet Time","Tools of the Trade"],"picked":"Die Die Die","floor":16},{"not_picked":["Flying Knee","Prepared"],"picked":"Predator","floor":18},{"not_picked":["Flechettes+1","Sucker Punch+1","Distraction"],"picked":"SKIP","floor":19}],"player_experience":364915,"relics_obtained":[{"floor":9,"key":"Shuriken"},{"floor":12,"key":"Lizard Tail"}],"event_choices":[{"cards_removed":["Strike_G"],"damage_healed":0,"gold_gain":0,"player_choice":"Card Removal","damage_taken":0,"max_hp_gain":0,"max_hp_loss":0,"event_name":"The Cleric","floor":2,"gold_loss":50},{"damage_healed":0,"gold_gain":0,"player_choice":"Entered Light","damage_taken":14,"max_hp_gain":0,"max_hp_loss":0,"event_name":"Shining Light","floor":4,"gold_loss":0,"cards_upgraded":["Strike_G","Strike_G"]},{"damage_healed":0,"gold_gain":0,"player_choice":"Lose Max HP","damage_taken":0,"relics_obtained":["Golden Idol"],"max_hp_gain":0,"max_hp_loss":5,"event_name":"Golden Idol","floor":5,"gold_loss":0},{"damage_healed":0,"gold_gain":0,"player_choice":"Searched \u00271\u0027 times","damage_taken":0,"relics_obtained":["The Courier"],"max_hp_gain":0,"max_hp_loss":0,"event_name":"Dead Adventurer","floor":7,"gold_loss":0},{"damage_healed":0,"gold_gain":0,"player_choice":"Ignored","damage_taken":0,"max_hp_gain":0,"max_hp_loss":0,"event_name":"Liars Game","floor":8,"gold_loss":0}],"is_beta":false,"boss_relics":[{"not_picked":["SlaversCollar","Coffee Dripper"],"picked":"Philosopher\u0027s Stone"}],"items_purged_floors":[14],"is_endless":false,"potions_floor_spawned":[3,16,19],"killed_by":"Sentry and Sphere","ascension_level":5}}