{"host":"tod","time":1613302068,"event":{"mods":["Act Like it!","BaseMod","CapriCore","Highlight Path","Lobotomy","Luminous","Marisa£®ÏF”Í°°ƒß¿Ì…≥£©","Minty Spire (QoL Compilation)","Quick Restart","Reimu£®≤©¿ˆ¡È√Œ£©","Relic Stats","Remilia£®¿Ÿ√◊¿Ú—«£©","Shop Mod","StSLib","The Cursed","The Immortal","Yakumo Yukari mod","Youmu£®ªÍ∆«—˝√Œ£©"],"gold_per_floor":[114,114,124,124,142,170,170,186,186,198,214,247,257,219,219,279,279,265,265,565,581,581,581,597,597,623,638,671,0,0,0,0,103,103,116,133,145,159,179,208,208,241,241,254,272,272,291,307,307,307],"floor_reached":51,"language":"ZHS","playtime":4462,"items_purged":["Greed_TH"],"score":824,"play_id":"50c5ae8b-8c3c-47a7-9ef0-bca7baa48deb","local_time":"20210214192748","is_ascension_mode":false,"campfire_choices":[{"data":"MiserableFate","floor":15.0,"key":"SMITH"},{"data":"CurseOfVladTepes","floor":23,"key":"SMITH"},{"data":"TransientEternity","floor":25,"key":"SMITH"},{"floor":32,"key":"REST"},{"floor":41,"key":"REST"},{"floor":49,"key":"REST"}],"circlet_count":0,"master_deck":["Strike_RM","Strike_RM","Strike_RM","Strike_RM","Defend_RM","Defend_RM+1","Defend_RM","RedMoon","ScarletShoot","CrumblingArmor","Stigmanizer","CENSORED","MHz","LongBird","FieryBird","FairyFestival","HunterOfTheNight","LittleHelper","UltimateOffering","Freischutz","MiserableFate+1","SingingMachine","BombardNight","PunishingBird","NakedNest","CurseOfVladTepes+1","Mercenary","OldLady","TransientEternity+1","ShyLook","FitfulNightmare+1","BlackSwan","EndlessAdversity+1","Variant","Decay","VampireSweep","BlueStar","BodiesMountain","SilentOrchestra","LaLuna","BombardNight+1","BlasphemousPunishment+1","BlackArmy","BigBadWolf"],"relics":["ScarletHat","CogitoBucket","PreservedInsect","Toy Ornithopter","BehaviorAdjustment","Mummified Hand","Philosopher\u0027s Stone","LuminousBracelet","Art of War","Bottled Flame","AtMidnight","FleshIdol","Fusion Hammer","Oddly Smooth Stone","Shuriken","Gungnir"],"acts_visited":["Exordium","TheCity","TheBeyond"],"potions_floor_usage":[29,31,40],"damage_taken":[{"damage":1.0,"enemies":"Jaw Worm","floor":1.0,"turns":4.0},{"damage":0.0,"enemies":"2 Louse","floor":3.0,"turns":3.0},{"damage":1.0,"enemies":"Small Slimes","floor":5.0,"turns":4.0},{"damage":38.0,"enemies":"Gremlin Nob","floor":6.0,"turns":5.0},{"damage":13.0,"enemies":"3 Louse","floor":8.0,"turns":5.0},{"damage":11.0,"enemies":"2 Fungi Beasts","floor":10.0,"turns":3.0},{"damage":25.0,"enemies":"Exordium Wildlife","floor":11.0,"turns":5.0},{"damage":29.0,"enemies":"Lagavulin","floor":12.0,"turns":4.0},{"damage":6.0,"enemies":"Looter","floor":13.0,"turns":3.0},{"damage":3.0,"enemies":"Large Slime","floor":14.0,"turns":4.0},{"damage":59.0,"enemies":"The Guardian","floor":16.0,"turns":6.0},{"damage":185.0,"enemies":"Chosen","floor":18.0,"turns":11.0},{"damage":82,"enemies":"3 Byrds","floor":21,"turns":5},{"damage":59,"enemies":"Sentry and Sphere","floor":24,"turns":4},{"damage":59,"enemies":"Snecko","floor":27,"turns":6},{"damage":13,"enemies":"Book of Stabbing","floor":28,"turns":3},{"damage":109,"enemies":"Cultist and Chosen","floor":31,"turns":11},{"damage":78,"enemies":"Automaton","floor":33,"turns":8},{"damage":77,"enemies":"Orb Walker","floor":35,"turns":4},{"damage":14,"enemies":"3 Shapes","floor":36,"turns":2},{"damage":38,"enemies":"3 Darklings","floor":37,"turns":5},{"damage":45,"enemies":"Transient","floor":38,"turns":5},{"damage":73,"enemies":"Maw","floor":39,"turns":8},{"damage":86,"enemies":"Nemesis","floor":40,"turns":7},{"damage":70,"enemies":"Giant Head","floor":42,"turns":7},{"damage":12,"enemies":"3 Darklings","floor":44,"turns":3},{"damage":38,"enemies":"Sphere and 2 Shapes","floor":45,"turns":3},{"damage":50,"enemies":"4 Shapes","floor":47,"turns":4},{"damage":59,"enemies":"Transient","floor":48,"turns":5},{"damage":352,"enemies":"Donu and Deca","floor":50,"turns":15}],"seed_played":"-4106247723865059686","potions_obtained":[{"floor":1.0,"key":"ColorlessPotion"},{"floor":6.0,"key":"DistilledChaos"},{"floor":11.0,"key":"AttackPotion"},{"floor":12.0,"key":"Explosive Potion"},{"floor":13.0,"key":"Explosive Potion"},{"floor":14.0,"key":"FairyPotion"},{"floor":27,"key":"Dexterity Potion"},{"floor":31,"key":"FearPotion"},{"floor":33,"key":"GrandPatriotsElixir:ReiMu"},{"floor":36,"key":"Energy Potion"},{"floor":38,"key":"Block Potion"},{"floor":42,"key":"ColorlessPotion"},{"floor":44,"key":"PanachePotion"}],"is_trial":false,"path_per_floor":["M","?","M","?","M","E","?","M","T","M","M","E","M","M","R","B",null,"M","?","?","M","?","R","M","R","T","M","E","$","?","M","R","B",null,"M","M","M","M","M","E","R","E","T","M","M","?","M","M","R","B",null],"character_chosen":"REMILIA","items_purchased":["Fruit Juice","Bottled Flame"],"campfire_rested":3,"item_purchase_floors":[29,29],"current_hp_per_floor":[75,60,60,65,78,67,67,61,61,55,40,30,27,39,39,27,80,42,105,105,71,71,71,40,40,40,25,29,24,24,36,69,65,110,69,60,55,67,43,33,66,60,60,60,54,54,57,73,105,79],"gold":307,"neow_bonus":"","is_daily":false,"chose_seed":false,"campfire_upgraded":3,"win_rate":0.0,"timestamp":1613302068,"path_taken":["M","?","M","?","M","E","?","M","T","M","M","E","M","M","R","BOSS","M","?","?","M","?","R","M","R","T","M","E","$","?","M","R","BOSS","M","M","?","M","M","E","R","E","T","M","M","?","M","M","R","BOSS"],"items_purchased_type":["Potion","Relic"],"build_version":"2020-12-18","purchased_purges":1,"victory":true,"max_hp_per_floor":[75,75,75,80,80,80,80,80,80,80,80,80,80,80,80,80,80,95,105,105,105,105,105,105,105,105,105,105,110,110,110,110,110,110,110,110,110,110,110,110,110,110,110,110,110,110,110,107,107,107],"relic_stats":{"counters":[34,166],"Mummified Hand":[38],"Shuriken":[6],"PreservedInsect":241,"Art of War":[15],"obtain_stats":[{"LuminousBracelet":18,"Oddly Smooth Stone":40,"FleshIdol":31,"PreservedInsect":6,"ScarletHat":0,"Gungnir":43,"CogitoBucket":0,"Bottled Flame":29,"Mummified Hand":12,"Shuriken":42,"AtMidnight":31,"Philosopher\u0027s Stone":17,"BehaviorAdjustment":10,"Fusion Hammer":34,"Art of War":28,"Toy Ornithopter":9},{"LuminousBracelet":14,"Oddly Smooth Stone":27,"FleshIdol":20,"PreservedInsect":4,"ScarletHat":0,"Gungnir":28,"CogitoBucket":0,"Bottled Flame":18,"Mummified Hand":9,"Shuriken":28,"AtMidnight":20,"Philosopher\u0027s Stone":12,"BehaviorAdjustment":7,"Fusion Hammer":21,"Art of War":18,"Toy Ornithopter":5},{"LuminousBracelet":59,"Oddly Smooth Stone":128,"FleshIdol":89,"PreservedInsect":16,"ScarletHat":0,"Gungnir":135,"CogitoBucket":0,"Bottled Flame":77,"Mummified Hand":34,"Shuriken":135,"AtMidnight":89,"Philosopher\u0027s Stone":47,"BehaviorAdjustment":25,"Fusion Hammer":97,"Art of War":77,"Toy Ornithopter":21}],"Toy Ornithopter":25},"card_choices":[{"not_picked":["BeautyBeast","WallGazer"],"picked":"CrumblingArmor","floor":1.0},{"not_picked":["FavorOfDestiny","ScarletGensokyo"],"picked":"Stigmanizer","floor":1.0},{"not_picked":["MeatLantern","MHz"],"picked":"CENSORED","floor":3.0},{"not_picked":["DevilSight","UnderTheZenith","ForbiddenFruit"],"picked":"SKIP","floor":3.0},{"not_picked":["Murderer","DespairKnight"],"picked":"MHz","floor":5.0},{"not_picked":["BloodHunter","RedRainbow","TwelveNightmare"],"picked":"SKIP","floor":5.0},{"not_picked":["BloodHunter","RedRainbow","TwelveNightmare"],"picked":"SKIP","floor":5.0},{"not_picked":["Bloodbath","OldLady"],"picked":"LongBird","floor":6.0},{"not_picked":["FavorOfDestiny","StarOfDavid","UnstableMagic"],"picked":"SKIP","floor":6.0},{"not_picked":["Wellcheers","BeautyBeast"],"picked":"FieryBird","floor":8.0},{"not_picked":["CeilingFear","NightLord","MillenniumVampire"],"picked":"SKIP","floor":8.0},{"not_picked":["CeilingFear","NightLord","MillenniumVampire"],"picked":"SKIP","floor":8.0},{"not_picked":["SpiderBud","BeautyBeast"],"picked":"FairyFestival","floor":10.0},{"not_picked":["BloodAndWine","GlobalNightmare"],"picked":"HunterOfTheNight","floor":10.0},{"not_picked":["ShyLook","Wellcheers"],"picked":"LittleHelper","floor":11.0},{"not_picked":["VampireKiss","StarOfDavid"],"picked":"UltimateOffering","floor":11.0},{"not_picked":["MeatLantern","Rudolta"],"picked":"Freischutz","floor":12.0},{"not_picked":["RedRainbow","ChainGang","MiserableFate"],"picked":"SKIP","floor":12.0},{"not_picked":["RedRainbow","ChainGang"],"picked":"MiserableFate","floor":12.0},{"not_picked":["CherryBlossoms","DespairKnight"],"picked":"SingingMachine","floor":13.0},{"not_picked":["StarOfDavid","MiserableFate"],"picked":"BombardNight","floor":13.0},{"not_picked":["VoidDream","GalaxyChild"],"picked":"PunishingBird","floor":14.0},{"not_picked":["StarOfDavid","RedRainbow","MiserableFate"],"picked":"SKIP","floor":14.0},{"not_picked":["Rudolta","CherryBlossoms"],"picked":"NakedNest","floor":16.0},{"not_picked":["ForecastOfChange","HellCatastrophe"],"picked":"CurseOfVladTepes","floor":16.0},{"not_picked":["BigBird","SpiderBud"],"picked":"Mercenary","floor":18.0},{"not_picked":["CharismaGuard","BlasphemousPunishment","NightDance"],"picked":"SKIP","floor":18.0},{"not_picked":["SpiderBud","ShyLook"],"picked":"OldLady","floor":21},{"not_picked":["StarOfDavid","TwelveNightmare","ScarletSymphony"],"picked":"SKIP","floor":21},{"not_picked":["QueenBee","Scorched"],"picked":"ShyLook","floor":24},{"not_picked":["Stigmanizer","MastersStateliness"],"picked":"FitfulNightmare+1","floor":24},{"not_picked":["DespairKnight","Scorched"],"picked":"BlackSwan","floor":27},{"not_picked":["ScarletImprint+1","BlasphemousPunishment+1"],"picked":"EndlessAdversity+1","floor":27},{"not_picked":["HappyTeddy","Porccubus"],"picked":"Variant","floor":28},{"not_picked":["BloodHunter+1","DemonKingCradle","ScarletDevil"],"picked":"SKIP","floor":28},{"not_picked":["Ultimatum+1","EndlessAdversity"],"picked":"VampireSweep","floor":31},{"not_picked":["GreedKing","Porccubus"],"picked":"BlueStar","floor":33},{"not_picked":["ChainGang","UnderTheZenith","ScarletGensokyo+1"],"picked":"SKIP","floor":35},{"not_picked":["UniverseFragment","CherryBlossoms"],"picked":"BodiesMountain","floor":36},{"not_picked":["LeisurelyOfLord+1","AfternoonTea","ChainGang+1"],"picked":"SKIP","floor":36},{"not_picked":["StarOfDavid","MastersStateliness+1","ReincarnationDial"],"picked":"SKIP","floor":37},{"not_picked":["ChainGang","BloodAndWine","UnstableMagic"],"picked":"SKIP","floor":38},{"not_picked":["NothingThere","Rudolta"],"picked":"SilentOrchestra","floor":39},{"not_picked":["UnderTheZenith+1","VampireSweep","ScarletGensokyo"],"picked":"SKIP","floor":39},{"not_picked":["FitfulNightmare+1","VampireKiss+1","EternalNight"],"picked":"SKIP","floor":40},{"not_picked":["BigBird","WhitesApple"],"picked":"LaLuna","floor":42},{"not_picked":["MiserableFate+1","DiffusionOfMisfortune+1"],"picked":"BombardNight+1","floor":42},{"not_picked":["EternalNight","CharismaGuard+1"],"picked":"BlasphemousPunishment+1","floor":44},{"not_picked":["NothingThere","BeautyBeast"],"picked":"BlackArmy","floor":45},{"not_picked":["EndlessAdversity","ForbiddenFruit+1","ScarletImprint"],"picked":"SKIP","floor":45},{"not_picked":["NothingThere","MeltingLove"],"picked":"BigBadWolf","floor":47},{"not_picked":["RedRainbow+1","EternalNight","Maim+1"],"picked":"SKIP","floor":47},{"not_picked":["FavorOfDestiny+1","NightDance","MastersStateliness+1"],"picked":"SKIP","floor":48}],"player_experience":374092,"relics_obtained":[{"floor":6.0,"key":"PreservedInsect"},{"floor":9.0,"key":"Toy Ornithopter"},{"floor":12.0,"key":"Mummified Hand"},{"floor":28,"key":"Art of War"},{"floor":31,"key":"AtMidnight"},{"floor":40,"key":"Oddly Smooth Stone"},{"floor":42,"key":"Shuriken"},{"floor":43,"key":"Gungnir"}],"event_choices":[{"damage_healed":0.0,"max_hp_gain":0.0,"max_hp_loss":0.0,"gold_gain":0.0,"event_name":"Shining Light","player_choice":"Entered Light","floor":2.0,"gold_loss":0.0,"damage_taken":15.0,"cards_upgraded":["Defend_RM","Defend_RM"]},{"damage_healed":0.0,"max_hp_gain":5.0,"max_hp_loss":0.0,"gold_gain":0.0,"event_name":"Big Fish","player_choice":"Donut","floor":4.0,"gold_loss":0.0,"damage_taken":0.0},{"damage_healed":0.0,"max_hp_gain":0.0,"max_hp_loss":0.0,"gold_gain":0.0,"event_name":"Liars Game","player_choice":"Ignored","floor":7.0,"gold_loss":0.0,"damage_taken":0.0},{"damage_healed":0,"gold_gain":0,"player_choice":"Read","damage_taken":0,"max_hp_gain":0,"max_hp_loss":0,"event_name":"The Library","floor":22,"gold_loss":0,"cards_obtained":["TransientEternity"]},{"damage_healed":0,"gold_gain":0,"player_choice":"Smashed Altar","damage_taken":0,"max_hp_gain":0,"max_hp_loss":0,"event_name":"Forgotten Altar","floor":30,"gold_loss":0,"cards_obtained":["Decay"]},{"cards_removed":["Defend_RM"],"damage_healed":0,"gold_gain":0,"player_choice":"Removed Skill","damage_taken":0,"max_hp_gain":0,"max_hp_loss":0,"event_name":"Falling","floor":46,"gold_loss":0}],"is_beta":true,"boss_relics":[{"not_picked":["Calling Bell","SlaversCollar"],"picked":"Philosopher\u0027s Stone"},{"not_picked":["Runic Dome","Snecko Eye"],"picked":"Fusion Hammer"}],"items_purged_floors":[29],"is_endless":false,"potions_floor_spawned":[1,6,11,12,13,14,27,31,33,36,38,42,44,45,48],"ascension_level":0}}