{"host":"8d3fefv2347kqkpz","time":1613262209,"event":{"mods":["AchievementEnabler","Act Like it!","BaseMod","Better Vampires","Colored Map","Colored Powertips","Downfall","GifTheSpireLib","Highlight Path","Minty Spire (QoL Compilation)","Quick Restart","Rare Cards Sparkle","Relic Stats","Replay The Spire","Spicy Shops","StSLib","Waifu the Spire"],"gold_per_floor":[99,113,130,149,208,220,272,272,283,299,299,23,40,40,60,158,158,58,73,90,90,100,100,126,126,153,153,153,38,64,64,64,64],"floor_reached":31,"language":"ZHS","playtime":914,"items_purged":["Slimebound:CorrosiveSpit","Slimebound:Strike_Slimebound"],"score":247,"play_id":"cf4390d5-bfa3-4895-801d-f7edd121025b","local_time":"20210214082329","is_ascension_mode":false,"campfire_choices":[{"data":"Slimebound:OneTwoCombo","floor":1.0,"key":"SMITH"},{"floor":11.0,"key":"REST"},{"data":"Slimebound:MinionMaster","floor":18,"key":"SMITH"},{"data":"Slimebound:Recycling","floor":23,"key":"SMITH"}],"circlet_count":0,"master_deck":["Slimebound:Strike_Slimebound","Slimebound:Defend_Slimebound","Slimebound:Defend_Slimebound","Slimebound:Defend_Slimebound","Slimebound:Defend_Slimebound","Slimebound:Split","Slimebound:OneTwoCombo+1","Slimebound:SplitBruiser","Slimebound:SplitAcid","Slimebound:Repurpose","Slimebound:SplitBruiser","Slimebound:SplitAcid","Slimebound:MinionMaster+1","Slimebound:SlimeBarrage","Slimebound:SplitSpecialist","Slimebound:SplitMire","Slimebound:Recycling+1","Slimebound:SplitMire","Slimebound:SplitLeeching"],"relics":["Slimebound:AbsorbEndCombat","Bronze Scales","SlaversCollar","downfall:HeartBlessingBlue","Bag of Marbles","Art of War"],"acts_visited":["Exordium","TheCity"],"potions_floor_usage":[16,16,26],"damage_taken":[{"damage":5.0,"enemies":"2 Louse","floor":2.0,"turns":3.0},{"damage":3.0,"enemies":"Small Slimes","floor":3.0,"turns":3.0},{"damage":0.0,"enemies":"Jaw Worm","floor":4.0,"turns":3.0},{"damage":18.0,"enemies":"Lagavulin Event","floor":5.0,"turns":5.0},{"damage":3.0,"enemies":"Lots of Slimes","floor":6.0,"turns":2.0},{"damage":8.0,"enemies":"Large Slime","floor":9.0,"turns":3.0},{"damage":1.0,"enemies":"Exordium Wildlife","floor":10.0,"turns":2.0},{"damage":0.0,"enemies":"downfall:FleeingMerchant","floor":12.0,"turns":4.0},{"damage":2,"enemies":"Blue Slaver","floor":13,"turns":2},{"damage":1,"enemies":"Large Slime","floor":15,"turns":4},{"damage":41,"enemies":"WA_ARCHETYPE_RETAIN","floor":16,"turns":5},{"damage":0,"enemies":"Spheric Guardian","floor":19,"turns":4},{"damage":11,"enemies":"Chosen","floor":20,"turns":4},{"damage":17,"enemies":"Sentry and Sphere","floor":22,"turns":4},{"damage":25,"enemies":"Book of Stabbing","floor":26,"turns":4},{"damage":0,"enemies":"downfall:FleeingMerchant","floor":29,"turns":4},{"damage":32,"enemies":"Slavers","floor":31,"turns":1}],"seed_played":"3714420403250459874","potions_obtained":[{"floor":5.0,"key":"Milkshake"},{"floor":6.0,"key":"Guardian:BlockOnCardUsePotion"},{"floor":13,"key":"Fire Potion"},{"floor":15,"key":"ColorlessPotion"},{"floor":19,"key":"Dexterity Potion"}],"is_trial":false,"path_per_floor":["R","M","M","M","?","M","T","?","M","M","R","$","M","?","M","B",null,"R","M","M","?","M","R","T","?","E","?","?","$","T","E"],"character_chosen":"SLIMEBOUND","items_purchased":["Slimebound:MinionMaster","Slimebound:SlimeBarrage"],"campfire_rested":1,"item_purchase_floors":[12,12],"current_hp_per_floor":[65,64,63,63,49,46,46,46,38,39,58,60,58,58,57,22,65,75,75,66,66,49,49,49,49,28,28,28,32,32,0,0,0],"gold":64,"neow_bonus":"ONE_RANDOM_RARE_CARD","is_daily":false,"chose_seed":false,"campfire_upgraded":3,"win_rate":0.0,"timestamp":1613262209,"path_taken":["R","M","M","M","?","M","T","?","M","M","R","$","M","?","M","BOSS","R","M","M","?","M","R","T","?","E","?","?","?","?","E"],"items_purchased_type":["Card","Card"],"build_version":"2020-12-22","purchased_purges":2,"victory":false,"max_hp_per_floor":[65,65,65,65,65,65,65,65,65,65,65,65,65,65,65,65,65,75,75,75,75,75,75,75,75,75,75,75,75,75,75,75,75],"relic_stats":{"counters":[17,56],"Bronze Scales":[92],"Art of War":[0],"obtain_stats":[{"SlaversCollar":17,"downfall:HeartBlessingBlue":18,"Bronze Scales":5,"Slimebound:AbsorbEndCombat":0,"Bag of Marbles":26,"Art of War":30},{"SlaversCollar":11,"downfall:HeartBlessingBlue":11,"Bronze Scales":4,"Slimebound:AbsorbEndCombat":0,"Bag of Marbles":15,"Art of War":16},{"SlaversCollar":36,"downfall:HeartBlessingBlue":36,"Bronze Scales":14,"Slimebound:AbsorbEndCombat":0,"Bag of Marbles":51,"Art of War":55}]},"card_choices":[{"not_picked":["Slimebound:ItLooksTasty","Slimebound:LivingWall"],"picked":"Slimebound:SplitBruiser","floor":2.0},{"not_picked":["Slimebound:LivingWall","Slimebound:TongueLash","Slimebound:GoopSpray"],"picked":"SKIP","floor":3.0},{"not_picked":["Slimebound:LivingWall","Slimebound:FlameTackle"],"picked":"Slimebound:SplitAcid","floor":4.0},{"not_picked":["Slimebound:ComboTackle","Slimebound:Nibble"],"picked":"Slimebound:Repurpose","floor":6.0},{"not_picked":["Slimebound:HauntingLick","Slimebound:ProtectTheBoss"],"picked":"Slimebound:SplitBruiser","floor":9.0},{"not_picked":["Slimebound:SplitBruiser","Slimebound:ProtectTheBoss","Slimebound:LeechingTouch"],"picked":"SKIP","floor":10.0},{"not_picked":["Slimebound:SlimeTap","Slimebound:LeechEnergy"],"picked":"Slimebound:SplitAcid","floor":12.0},{"not_picked":["Slimebound:LeechLife","Slimebound:SlimeBarrage"],"picked":"Slimebound:SplitSpecialist","floor":13},{"not_picked":["Slimebound:SlimeBrawl","Slimebound:FinishingTackle"],"picked":"Slimebound:SplitMire","floor":15},{"not_picked":["Slimebound:SlimeSlap","Slimebound:MassFeed"],"picked":"Slimebound:Recycling","floor":16},{"not_picked":["Slimebound:Dissolve","Slimebound:RollThrough","Slimebound:HauntingLick"],"picked":"SKIP","floor":19},{"not_picked":["Slimebound:LeechingTouch","Slimebound:ViciousTackle+1","Slimebound:PressTheAttack"],"picked":"SKIP","floor":20},{"not_picked":["Slimebound:Overexert","Slimebound:SplitAcid"],"picked":"Slimebound:SplitMire","floor":22},{"not_picked":["Slimebound:RollThrough","Slimebound:MinionMaster","Slimebound:SlimeSpikes"],"picked":"SKIP","floor":26},{"not_picked":["Slimebound:RainOfGoop+1","Slimebound:ServeAndProtect"],"picked":"Slimebound:SplitLeeching","floor":29}],"player_experience":371825,"relics_obtained":[{"floor":5.0,"key":"Bronze Scales"},{"floor":26,"key":"Bag of Marbles"},{"floor":30,"key":"Art of War"}],"event_choices":[{"cards_removed":["Slimebound:Tackle"],"damage_healed":0.0,"max_hp_gain":0.0,"max_hp_loss":0.0,"gold_gain":0.0,"event_name":"The Cleric","player_choice":"Card Removal","floor":8.0,"gold_loss":0.0,"damage_taken":0.0},{"cards_removed":["Slimebound:Strike_Slimebound"],"damage_healed":0,"gold_gain":0,"player_choice":"Forget","damage_taken":0,"max_hp_gain":0,"max_hp_loss":0,"event_name":"Living Wall","floor":14,"gold_loss":0},{"damage_healed":0,"gold_gain":0,"player_choice":"Ignored","damage_taken":0,"max_hp_gain":0,"max_hp_loss":0,"event_name":"Ghosts","floor":21,"gold_loss":0},{"damage_healed":0,"gold_gain":0,"player_choice":"Ignored","damage_taken":0,"max_hp_gain":0,"max_hp_loss":0,"event_name":"Vampires","floor":27,"gold_loss":0}],"is_beta":false,"boss_relics":[{"not_picked":["ChewingGum","Slimebound:AbsorbEndCombatUpgraded"],"picked":"SlaversCollar"}],"items_purged_floors":[12,29],"is_endless":false,"potions_floor_spawned":[5,6,13,15,19,22],"killed_by":"Slavers","ascension_level":0}}