{"host":"jwpp8hxpigr0nknu","time":1613331324,"event":{"mods":["BaseMod","BetterRewards","Colored Map","Colored Powertips","Minty Spire (QoL Compilation)","Rare Cards Sparkle","Shop Mod","StSLib"],"gold_per_floor":[112,112,112,128,142,182,226,255,255,281,281],"floor_reached":10,"language":"ENG","playtime":899,"items_purged":[],"score":146,"play_id":"ad366b7f-77bb-4c64-bde7-f56a26f1f1a5","local_time":"20210214133524","daily_mods":["Draft","Heirloom","Flight","DeadlyEvents","Elite Swarm"],"is_ascension_mode":false,"campfire_choices":[],"circlet_count":0,"master_deck":["Undo","Glacier","Hello World","Hologram","Coolheaded","Conserve Battery","Coolheaded","Blizzard+1","Redo","BootSequence","Glacier","Blizzard","Go for the Eyes","White Noise","Cold Snap","Fusion","Regret","Glacier","Leap","Reboot","Machine Learning"],"relics":["Cracked Core","Calipers","Bronze Scales","CeramicFish","Matryoshka","Pocketwatch","Bottled Lightning","Omamori","Oddly Smooth Stone"],"acts_visited":["Exordium"],"potions_floor_usage":[],"damage_taken":[{"damage":0.0,"enemies":"Small Slimes","floor":1.0,"turns":4.0},{"damage":0.0,"enemies":"Cultist","floor":4.0,"turns":3.0},{"damage":0.0,"enemies":"Jaw Worm","floor":5.0,"turns":3.0},{"damage":2.0,"enemies":"Lagavulin","floor":6.0,"turns":6.0},{"damage":37.0,"enemies":"Gremlin Nob","floor":7.0,"turns":7.0},{"damage":6.0,"enemies":"Lagavulin","floor":8.0,"turns":7.0},{"damage":25,"enemies":"Gremlin Nob","floor":10,"turns":5}],"seed_played":"-4021723094775803155","potions_obtained":[{"floor":1.0,"key":"ColorlessPotion"},{"floor":4.0,"key":"Dexterity Potion"},{"floor":10,"key":"LiquidMemories"}],"is_trial":true,"path_per_floor":["M","?","?","M","M","E","E","E","T","E"],"character_chosen":"DEFECT","items_purchased":[],"campfire_rested":0,"item_purchase_floors":[],"current_hp_per_floor":[75,75,75,75,75,73,36,30,30,5,5],"gold":281,"neow_bonus":"","is_daily":false,"chose_seed":false,"campfire_upgraded":0,"win_rate":0.0,"timestamp":1613331324,"path_taken":["M","?","?","?","?","E","?","E","T","E"],"items_purchased_type":[],"build_version":"2020-12-22","purchased_purges":0,"victory":false,"max_hp_per_floor":[75,75,75,75,75,75,75,75,75,75,75],"card_choices":[{"not_picked":["Hello World","Steam"],"picked":"Undo","floor":0.0},{"not_picked":["Genetic Algorithm","Ball Lightning"],"picked":"Glacier","floor":0.0},{"not_picked":["Compile Driver","Redo"],"picked":"Hello World","floor":0.0},{"not_picked":["Rip and Tear","Coolheaded"],"picked":"Hologram","floor":0.0},{"not_picked":["Rip and Tear","Tempest"],"picked":"Coolheaded","floor":0.0},{"not_picked":["Coolheaded","Streamline"],"picked":"Conserve Battery","floor":0.0},{"not_picked":["Rebound","Compile Driver"],"picked":"Coolheaded","floor":0.0},{"not_picked":["FTL","Steam Power"],"picked":"Blizzard","floor":0.0},{"not_picked":["Gash","Barrage"],"picked":"Redo","floor":0.0},{"not_picked":["Barrage","Gash"],"picked":"BootSequence","floor":0.0},{"not_picked":["Rebound","Redo"],"picked":"Glacier","floor":0.0},{"not_picked":["Coolheaded","Stack"],"picked":"Blizzard","floor":0.0},{"not_picked":["Melter","Streamline"],"picked":"Go for the Eyes","floor":0.0},{"not_picked":["Gash","Ball Lightning"],"picked":"White Noise","floor":0.0},{"not_picked":["Sweeping Beam","Double Energy"],"picked":"Cold Snap","floor":0.0},{"not_picked":["Cold Snap","Auto Shields"],"picked":"Fusion","floor":1.0},{"not_picked":["Rip and Tear","Lockon"],"picked":"Glacier","floor":4.0},{"not_picked":["Loop","Aggregate"],"picked":"Leap","floor":5.0},{"not_picked":["Rainbow","Biased Cognition"],"picked":"Reboot","floor":6.0},{"not_picked":["Core Surge","All For One"],"picked":"Machine Learning","floor":7.0},{"not_picked":["Machine Learning","All For One","Amplify"],"picked":"SKIP","floor":8.0}],"player_experience":364253,"relics_obtained":[{"floor":6.0,"key":"CeramicFish"},{"floor":7.0,"key":"Matryoshka"},{"floor":8.0,"key":"Pocketwatch"},{"floor":9.0,"key":"Bottled Lightning"},{"floor":9.0,"key":"Omamori"},{"floor":10,"key":"Oddly Smooth Stone"}],"event_choices":[{"damage_healed":0.0,"max_hp_gain":0.0,"max_hp_loss":0.0,"gold_gain":0.0,"event_name":"Big Fish","player_choice":"Box","floor":2.0,"gold_loss":0.0,"damage_taken":0.0,"relics_obtained":["Bronze Scales"],"cards_obtained":["Regret"]},{"damage_healed":0.0,"max_hp_gain":0.0,"max_hp_loss":0.0,"gold_gain":0.0,"event_name":"Accursed Blacksmith","player_choice":"Forge","floor":3.0,"gold_loss":0.0,"damage_taken":0.0,"cards_upgraded":["Blizzard"]}],"is_beta":false,"boss_relics":[],"items_purged_floors":[],"is_endless":true,"potions_floor_spawned":[1,4,10],"killed_by":"Gremlin Nob","ascension_level":0}}