{"host":"m552uo5jodlktm3e","time":1613293340,"event":{"mods":["BaseMod","Colored Powertips","Downfall","Minty Spire (QoL Compilation)","Quick Restart","StSLib"],"gold_per_floor":[99,114,114,127,147,182,252,267,24,34,34,64,83,113,124,227,227,227,242,342,358,373,99,122,156,241,241,257,281,281,93,111,206,206,206,226,87,87,98,128,128,148,180,80,91,91,91,91,105,105],"floor_reached":51,"language":"ENG","playtime":2719,"items_purged":["Pain"],"score":1121,"play_id":"ad53cd3f-ed3f-414b-9cbf-8c9cbf7a5ae1","local_time":"20210214010220","is_ascension_mode":true,"campfire_choices":[{"data":"champ:Taunt","floor":1,"key":"SMITH"},{"data":"champ:FaceSlap","floor":11,"key":"SMITH"},{"data":"champ:CheapShot","floor":18,"key":"SMITH"},{"floor":30,"key":"REST"},{"data":"expansioncontent:DashGenerateEvil","floor":35,"key":"SMITH"},{"floor":44,"key":"RECALL"}],"circlet_count":0,"master_deck":["champ:Strike","champ:Strike","champ:Strike","champ:Strike","champ:Defend","champ:Defend","champ:Defend","champ:Defend","champ:Execute","champ:Taunt+1","champ:FaceSlap+1","champ:DeathBlow","champ:HoldFirm","champ:SteelEdge","champ:FocusedDefense","champ:CrookedStrike","champ:FocusedBerserking","champ:CheapShot+1","champ:StanceDance","champ:EnGarde","champ:VampiricStrike","champ:FlashCut","champ:Parry+1","champ:RisingSlash+1","champ:LastStand","champ:MurderStrike","champ:RisingSlash","champ:UltimateStance","expansioncontent:DashGenerateEvil+1","champ:Duel","champ:CheapShot","champ:TornadoPunch+1","expansioncontent:DashGenerateEvil+1","champ:Haymaker+1","champ:EnchantCrown","champ:FanOfKnives+1","expansioncontent:AwakenDeath","expansioncontent:PolyBeam"],"relics":["champ:ChampionCrownUpgraded","Boot","WarpedTongs","Tiny Chest","Gremlin Horn","Lantern","Bronze Scales","Regal Pillow","champ:BlackKnightHelmet","Eternal Feather","Shuriken","Mercury Hourglass","Vajra","bronze:MakeshiftBattery","Dead Branch","Dream Catcher","Toy Ornithopter","Ice Cream","downfall:HeartBlessingBlue","Thread and Needle"],"acts_visited":["Exordium","TheCity","TheBeyond"],"potions_floor_usage":[6,15,16,20,27,33,40,40,45,50],"damage_taken":[{"damage":10,"enemies":"2 Louse","floor":2,"turns":3},{"damage":2,"enemies":"Cultist","floor":4,"turns":3},{"damage":17,"enemies":"Jaw Worm","floor":5,"turns":4},{"damage":59,"enemies":"3 Sentries","floor":6,"turns":6},{"damage":15,"enemies":"downfall:LooterAlt","floor":8,"turns":4},{"damage":33,"enemies":"downfall:FleeingMerchant","floor":9,"turns":4},{"damage":10,"enemies":"Exordium Thugs","floor":10,"turns":3},{"damage":43,"enemies":"Lagavulin","floor":12,"turns":7},{"damage":10,"enemies":"Red Slaver","floor":13,"turns":2},{"damage":10,"enemies":"3 Sentries","floor":14,"turns":3},{"damage":15,"enemies":"downfall:LooterAlt","floor":15,"turns":2},{"damage":31,"enemies":"IC_STATUS_ARCHETYPE","floor":16,"turns":6},{"damage":12,"enemies":"Shell Parasite","floor":19,"turns":3},{"damage":52,"enemies":"Shell Parasite","floor":20,"turns":9},{"damage":13,"enemies":"Spheric Guardian","floor":21,"turns":3},{"damage":18,"enemies":"Shelled Parasite and Fungi","floor":22,"turns":3},{"damage":35,"enemies":"downfall:FleeingMerchant","floor":23,"turns":5},{"damage":27,"enemies":"Book of Stabbing","floor":25,"turns":5},{"damage":10,"enemies":"Snake Plant","floor":27,"turns":1},{"damage":20,"enemies":"Cultist and Chosen","floor":28,"turns":4},{"damage":35,"enemies":"downfall:FleeingMerchant","floor":31,"turns":5},{"damage":0,"enemies":"Shelled Parasite and Fungi","floor":32,"turns":1},{"damage":88,"enemies":"SI_MIRROR_ARCHETYPE","floor":33,"turns":7},{"damage":21,"enemies":"3 Shapes","floor":36,"turns":2},{"damage":0,"enemies":"downfall:FleeingMerchant","floor":37,"turns":1},{"damage":47,"enemies":"3 Darklings","floor":39,"turns":3},{"damage":31,"enemies":"Nemesis","floor":40,"turns":5},{"damage":15,"enemies":"Maw","floor":42,"turns":6},{"damage":35,"enemies":"Giant Head","floor":43,"turns":6},{"damage":71,"enemies":"Jaw Worm Horde","floor":45,"turns":3},{"damage":19,"enemies":"Sphere and 2 Shapes","floor":49,"turns":2},{"damage":78,"enemies":"WA_ARCHETYPE_DIVINITY","floor":50,"turns":6}],"seed_played":"-4167077554520834415","potions_obtained":[{"floor":5,"key":"Regen Potion"},{"floor":8,"key":"Weak Potion"},{"floor":10,"key":"EntropicBrew"},{"floor":12,"key":"SmokeBomb"},{"floor":15,"key":"EssenceOfSteel"},{"floor":16,"key":"CultistPotion"},{"floor":20,"key":"champ:UltimateStancePotion"},{"floor":25,"key":"Strength Potion"},{"floor":32,"key":"FearPotion"},{"floor":38,"key":"ColorlessPotion"},{"floor":39,"key":"Regen Potion"},{"floor":42,"key":"champ:TechniquePotion"},{"floor":43,"key":"AttackPotion"}],"is_trial":false,"path_per_floor":["R","M","?","M","M","E","T","M","$","M","R","E","M","E","M","B",null,"R","M","?","M","M","$","T","E","?","M","M","T","R","$","M","B",null,"R","M","$","?","M","E","T","M","E","R","M","?","$","T","M","B",null],"character_chosen":"THE_CHAMP","items_purchased":["Lantern","Shuriken","expansioncontent:DashGenerateEvil","Dead Branch","expansioncontent:DashGenerateEvil+1"],"campfire_rested":1,"item_purchase_floors":[9,23,31,37,37],"current_hp_per_floor":[90,90,90,88,81,76,76,66,63,63,63,50,50,50,50,49,90,90,88,71,68,60,60,60,48,30,30,30,30,87,87,87,49,90,90,89,89,89,67,70,70,90,90,100,84,79,79,79,75,57],"gold":105,"neow_bonus":"RANDOM_COMMON_RELIC","is_daily":false,"chose_seed":false,"campfire_upgraded":4,"win_rate":0.0,"timestamp":1613293340,"path_taken":["R","M","?","M","M","E","T","M","$","?","R","E","M","E","M","BOSS","R","M","?","M","M","$","T","E","?","M","M","?","R","$","M","BOSS","R","M","$","?","M","E","T","M","E","R","?","?","$","?","M","BOSS"],"items_purchased_type":["Relic","Relic","Card","Relic","Card"],"build_version":"2020-12-22","purchased_purges":1,"victory":true,"max_hp_per_floor":[90,90,90,90,90,90,90,90,90,90,90,90,90,90,90,90,90,90,90,90,90,90,90,90,90,90,90,90,90,90,90,90,90,90,90,90,90,90,90,90,90,90,90,100,100,100,100,100,100,100],"card_choices":[{"not_picked":["champ:StanceDance","champ:Haymaker"],"picked":"champ:FaceSlap","floor":2},{"not_picked":["champ:SetATrap","champ:Haymaker"],"picked":"champ:DeathBlow","floor":4},{"not_picked":["champ:DefensiveShout","champ:Duel"],"picked":"champ:HoldFirm","floor":5},{"not_picked":["champ:IronFortress","champ:PerfectedStrike"],"picked":"champ:SteelEdge","floor":6},{"not_picked":["champ:FanOfKnives","champ:CrownThrow"],"picked":"champ:FocusedDefense","floor":8},{"not_picked":["champ:Backstep","champ:ShieldSigil"],"picked":"champ:CrookedStrike","floor":9},{"not_picked":["champ:ShieldSigil","champ:RageSigil"],"picked":"champ:FocusedBerserking","floor":10},{"not_picked":["champ:IronFortress","champ:FalseCounter"],"picked":"champ:CheapShot","floor":12},{"not_picked":["champ:SetATrap","champ:AdrenalArmor"],"picked":"champ:StanceDance","floor":13},{"not_picked":["champ:FalseCounter","champ:ShieldSlam"],"picked":"champ:EnGarde","floor":14},{"not_picked":["champ:GladiatorStyle","champ:BladeFlurry","champ:Backstep"],"picked":"SKIP","floor":15},{"not_picked":["champ:DancingMaster","champ:HeavySlash"],"picked":"champ:VampiricStrike","floor":16},{"not_picked":["champ:BladeFlurry","champ:BringItOn"],"picked":"champ:FlashCut","floor":19},{"not_picked":["champ:TornadoPunch","champ:Shatter"],"picked":"champ:Parry+1","floor":20},{"not_picked":["champ:PreciseThrust","champ:TornadoPunch","champ:BladeFlurry"],"picked":"SKIP","floor":21},{"not_picked":["champ:ShieldSigil+1","champ:FanOfKnives+1"],"picked":"champ:RisingSlash+1","floor":22},{"not_picked":["champ:FocusedDefense","champ:ShieldSigil+1"],"picked":"champ:LastStand","floor":23},{"not_picked":["champ:SkillfulDodge","champ:Endure"],"picked":"champ:MurderStrike","floor":25},{"not_picked":["champ:StanceDance","champ:SetATrap"],"picked":"champ:RisingSlash","floor":28},{"not_picked":["champ:CrownThrow","champ:RapidStrikes"],"picked":"champ:UltimateStance","floor":31},{"not_picked":["champ:ViciousMockery+1","champ:Encircle"],"picked":"champ:Duel","floor":32},{"not_picked":["champ:GladiatorForm","champ:MurderStrike"],"picked":"champ:CheapShot","floor":33},{"not_picked":["champ:Haymaker","champ:CrookedStrike","champ:Duel"],"picked":"SKIP","floor":36},{"not_picked":["champ:CrownThrow","champ:FlashCut"],"picked":"champ:TornadoPunch+1","floor":37},{"not_picked":["champ:DeathBlow","champ:FanOfKnives"],"picked":"champ:Haymaker+1","floor":39},{"not_picked":["champ:IronFortress","champ:StanceDance"],"picked":"champ:EnchantCrown","floor":40},{"not_picked":["champ:EndlessRage","champ:TornadoPunch"],"picked":"champ:FanOfKnives+1","floor":42},{"not_picked":["champ:FocusedBerserking","champ:TornadoPunch","champ:PreciseThrust+1"],"picked":"SKIP","floor":43},{"not_picked":["champ:ShieldSigil","champ:PreciseThrust+1","champ:StanceDance+1"],"picked":"SKIP","floor":45},{"not_picked":["expansioncontent:PolyBeam","expansioncontent:Hexaburn"],"picked":"expansioncontent:AwakenDeath","floor":46},{"not_picked":["expansioncontent:Hexaburn","expansioncontent:AwakenDeath"],"picked":"expansioncontent:PolyBeam","floor":46},{"not_picked":["champ:HeartStrike+1","champ:RapidStrikes+1","champ:ViciousMockery"],"picked":"SKIP","floor":49}],"player_experience":1079001,"relics_obtained":[{"floor":6,"key":"Tiny Chest"},{"floor":7,"key":"Gremlin Horn"},{"floor":12,"key":"Bronze Scales"},{"floor":14,"key":"Regal Pillow"},{"floor":20,"key":"champ:BlackKnightHelmet"},{"floor":20,"key":"Eternal Feather"},{"floor":25,"key":"Mercury Hourglass"},{"floor":29,"key":"Vajra"},{"floor":40,"key":"Dream Catcher"},{"floor":41,"key":"Toy Ornithopter"},{"floor":43,"key":"Ice Cream"},{"floor":48,"key":"Thread and Needle"}],"event_choices":[{"damage_healed":0,"gold_gain":0,"player_choice":"Rummage","damage_taken":0,"relics_obtained":["WarpedTongs"],"max_hp_gain":0,"max_hp_loss":0,"event_name":"Accursed Blacksmith","floor":3,"gold_loss":0,"cards_obtained":["Pain"]},{"damage_healed":0,"gold_gain":0,"player_choice":"Got Potions","damage_taken":0,"max_hp_gain":0,"max_hp_loss":0,"event_name":"Lab","floor":38,"gold_loss":0}],"is_beta":false,"boss_relics":[{"not_picked":["Calling Bell","SacredBark"],"picked":"champ:ChampionCrownUpgraded"},{"not_picked":["Black Star","Velvet Choker"],"picked":"bronze:MakeshiftBattery"}],"items_purged_floors":[9],"is_endless":false,"potions_floor_spawned":[5,8,10,12,14,15,16,20,25,27,32,39,42,43],"ascension_level":2}}