{"host":"hf83sijwe64ts2lm","time":1613262935,"event":{"mods":["2.2 Compatiblity","BaseMod","Better Altar","Better Match","Better Note","Better Sensory Stone","Better Skull","Better Third Choice","Colored Map","Colored Powertips","Highlight Path","Hubris","Infinite Spire","Minty Spire (QoL Compilation)","Quick Restart","Rare Cards Sparkle","Relic Stats","Reliquary","Replay The Spire","Shop Mod","Spicy Shops","Spire Arcade","StSLib","Thieving Mod"],"gold_per_floor":[119,129,143,108,9,9,50,50,122,122,163,229,0,102,102,449,449,449,449],"floor_reached":18,"language":"ENG","playtime":371,"items_purged":[],"score":394,"play_id":"28d4c317-99af-4685-a6a8-98549d2e76d9","local_time":"20210213193535","is_ascension_mode":true,"campfire_choices":[{"floor":6,"key":"RECALL"},{"floor":8,"key":"REST"},{"floor":10,"key":"REST"},{"data":"hubris:PowerSurge","floor":15,"key":"SMITH"}],"circlet_count":0,"master_deck":["Strike_B","Strike_B","Strike_B","Strike_B","Defend_B","Defend_B","Defend_B","Defend_B","Zap","Dualcast","Defragment","Gash","Defragment","hubris:Greed","Gash","Gash","Self Repair","hubris:Greed","hubris:Greed","Leap","hubris:Greed","hubris:Greed","hubris:Greed","hubris:PowerSurge+1","hubris:Greed","hubris:Greed","hubris:Greed","hubris:Greed","hubris:Greed","ReplayRNGCard","White Noise","hubris:Greed","hubris:Greed","hubris:Greed","hubris:Greed","hubris:Greed","hubris:Greed","Ball Lightning","hubris:Greed","hubris:Greed","hubris:Greed","hubris:Greed","hubris:Greed","hubris:Greed","hubris:Greed","hubris:Greed","hubris:Greed","hubris:Greed","hubris:Greed","hubris:Greed","hubris:Greed","hubris:Greed","hubris:Greed","hubris:Greed","hubris:Greed","hubris:Greed","hubris:Greed","hubris:Greed","hubris:Greed","hubris:Greed","hubris:Greed","hubris:Greed","hubris:Greed","hubris:Greed","hubris:Greed","hubris:Greed","hubris:Greed","hubris:Greed","hubris:Greed","hubris:Greed","hubris:Greed","ReplayTheSpireMod:Omega Cannon","hubris:Greed","hubris:Greed","hubris:Greed","hubris:Greed","hubris:Greed","hubris:Greed","hubris:Greed","hubris:Greed","hubris:Greed","hubris:Greed","hubris:Greed","hubris:Greed","hubris:Greed","hubris:Greed","hubris:Greed","hubris:Greed","hubris:Greed","hubris:Greed","hubris:Greed","hubris:Greed","hubris:Greed","hubris:Greed","hubris:Greed","hubris:Greed","hubris:Greed"],"relics":["Cracked Core","ReplayTheSpireMod:CursedCoin","Lantern","hubris:PeanutButter","Lee\u0027s Waffle","hubris:ScarierMask"],"acts_visited":["Exordium","TheCity"],"potions_floor_usage":[2,7,16],"damage_taken":[{"damage":10,"enemies":"Cultist","floor":1,"turns":4},{"damage":21,"enemies":"Jaw Worm","floor":2,"turns":4},{"damage":9,"enemies":"Small Slimes","floor":3,"turns":3},{"damage":35,"enemies":"3 Sentries","floor":7,"turns":5},{"damage":0,"enemies":"Exordium Wildlife","floor":11,"turns":4},{"damage":9,"enemies":"2 Fungi Beasts","floor":12,"turns":4},{"damage":24,"enemies":"Exordium Thugs","floor":14,"turns":4},{"damage":64,"enemies":"The Guardian","floor":16,"turns":13},{"damage":77,"enemies":"Spheric Guardian","floor":18,"turns":7}],"seed_played":"7156892039356167333","potions_obtained":[{"floor":1,"key":"Regen Potion"},{"floor":2,"key":"DuplicationPotion"},{"floor":14,"key":"DuplicationPotion"}],"is_trial":false,"path_per_floor":["M","M","M","?","$","R","E","R","T","R","M","M","$","M","R","B",null,"M"],"character_chosen":"DEFECT","items_purchased":["ReplayTheSpireMod:CursedCoin","Gash","Self Repair","White Noise","Lee\u0027s Waffle"],"campfire_rested":2,"item_purchase_floors":[5,5,5,13,13],"current_hp_per_floor":[65,56,47,67,67,67,46,70,70,82,82,82,89,79,79,29,74,0,0],"gold":449,"neow_bonus":"TEN_PERCENT_HP_BONUS","is_daily":false,"chose_seed":false,"campfire_upgraded":1,"win_rate":0.0,"timestamp":1613262935,"path_taken":["M","M","M","?","$","R","E","R","T","R","M","M","$","M","R","BOSS","M"],"items_purchased_type":["Relic","Card","Card","Card","Relic"],"build_version":"2020-12-22","purchased_purges":0,"victory":false,"max_hp_per_floor":[82,82,82,82,82,82,82,82,82,82,82,82,89,89,89,89,89,89,89],"relic_stats":{"Lee\u0027s Waffle":7,"counters":[9,48],"obtain_stats":[{"Lantern":7,"Lee\u0027s Waffle":13,"ReplayTheSpireMod:CursedCoin":5,"hubris:ScarierMask":17,"hubris:PeanutButter":9,"Cracked Core":0},{"Lantern":4,"Lee\u0027s Waffle":6,"ReplayTheSpireMod:CursedCoin":3,"hubris:ScarierMask":8,"hubris:PeanutButter":4,"Cracked Core":0},{"Lantern":16,"Lee\u0027s Waffle":24,"ReplayTheSpireMod:CursedCoin":11,"hubris:ScarierMask":41,"hubris:PeanutButter":16,"Cracked Core":0}]},"card_choices":[{"not_picked":["Conserve Battery","Cold Snap"],"picked":"Defragment","floor":1},{"not_picked":["Cold Snap","Turbo"],"picked":"Gash","floor":2},{"not_picked":["Double Energy","ReplayRNGCard"],"picked":"Defragment","floor":3},{"not_picked":["Fusion","Reinforced Body"],"picked":"Leap","floor":7},{"not_picked":["Scrape","Leap"],"picked":"hubris:PowerSurge","floor":11},{"not_picked":["Compile Driver","Hologram"],"picked":"ReplayRNGCard","floor":12},{"not_picked":["hubris:PowerSurge","BasicCrystalCard"],"picked":"Ball Lightning","floor":14},{"not_picked":["hubris:SpecializedCircuitry","Amplify"],"picked":"ReplayTheSpireMod:Omega Cannon","floor":16}],"player_experience":172948,"relics_obtained":[{"floor":7,"key":"Lantern"},{"floor":9,"key":"hubris:PeanutButter"}],"event_choices":[{"damage_healed":20,"gold_gain":0,"player_choice":"Healed","damage_taken":0,"max_hp_gain":0,"max_hp_loss":0,"event_name":"The Cleric","floor":4,"gold_loss":35}],"is_beta":false,"boss_relics":[{"not_picked":["Philosopher\u0027s Stone","Astrolabe"],"picked":"hubris:ScarierMask"}],"items_purged_floors":[],"is_endless":false,"potions_floor_spawned":[1,2,3,14],"killed_by":"Spheric Guardian","ascension_level":7}}