{"host":"d5i1qeb9dejicw1z","time":1613285748,"event":{"mods":["AchievementEnabler","BaseMod","Better Note","BetterRewards","Evolution","Gold Saver","Minty Spire (QoL Compilation)","Permanent Neow","Relic Filter Mod","Reliquary","StSLib"],"gold_per_floor":[346,346,88,163,163,163,180,190,262,276,276,291,191,203,203,301,301,317,317,336,211,121,121,151,151,175,209,209,259,36,48,48,147,147,157,157,157,12,22,22,22,22],"floor_reached":41,"language":"ENG","playtime":1200,"items_purged":["Strike_R","Strike_R","Defend_R","Bash"],"score":696,"play_id":"94cc4e43-f908-4998-aa9b-4480223a81f3","local_time":"20210213225548","is_ascension_mode":true,"campfire_choices":[{"data":"Iron Wave","floor":6,"key":"SMITH"},{"data":"Iron Wave","floor":15,"key":"SMITH"},{"data":"Rampage","floor":23,"key":"SMITH"},{"floor":25,"key":"REST"},{"data":"Defend_R","floor":28,"key":"SMITH"},{"floor":32,"key":"REST"},{"data":"Juggernaut","floor":40,"key":"SMITH"}],"circlet_count":0,"master_deck":["AscendersBane","Iron Wave+1","Iron Wave+1","Iron Wave+1","Defend_R+1","Defend_R","Rampage+1","Rampage+1","Iron Wave+1","Iron Wave+1","Juggernaut+1","Juggernaut+1","Rampage+1","Master of Strategy","Body Slam+1","Body Slam+1"],"relics":["Black Blood","EVO:Axolotl","Art of War","DollysMirror","Strawberry","Molten Egg 2","Pear","reliquary:TuningFork","CaptainsWheel","SlaversCollar","Orrery"],"acts_visited":["Exordium","TheCity","TheBeyond"],"potions_floor_usage":[10,16,18,24,31,41],"damage_taken":[{"damage":2,"enemies":"Jaw Worm","floor":1,"turns":6},{"damage":3,"enemies":"Small Slimes","floor":7,"turns":3},{"damage":0,"enemies":"2 Louse","floor":8,"turns":3},{"damage":0,"enemies":"Exordium Wildlife","floor":10,"turns":4},{"damage":4,"enemies":"Large Slime","floor":12,"turns":5},{"damage":3,"enemies":"3 Louse","floor":14,"turns":3},{"damage":21,"enemies":"Hexaghost","floor":16,"turns":9},{"damage":19,"enemies":"Spheric Guardian","floor":18,"turns":6},{"damage":20,"enemies":"2 Thieves","floor":20,"turns":5},{"damage":47,"enemies":"Book of Stabbing","floor":24,"turns":6},{"damage":12,"enemies":"Gremlin Leader","floor":27,"turns":9},{"damage":0,"enemies":"Sentry and Sphere","floor":31,"turns":4},{"damage":93,"enemies":"Automaton","floor":33,"turns":12},{"damage":29,"enemies":"3 Shapes","floor":35,"turns":5},{"damage":9,"enemies":"Orb Walker","floor":39,"turns":3},{"damage":64,"enemies":"Nemesis","floor":41,"turns":8}],"seed_played":"-194704867223609125","potions_obtained":[{"floor":1,"key":"FearPotion"},{"floor":10,"key":"BlessingOfTheForge"},{"floor":16,"key":"Swift Potion"},{"floor":20,"key":"Energy Potion"},{"floor":33,"key":"SneckoOil"}],"is_trial":false,"path_per_floor":["M","?","$","?","?","R","M","M","T","M","?","M","$","M","R","B",null,"M","?","M","$","?","R","E","R","T","E","R","?","$","M","R","B",null,"M","?","?","$","M","R","E"],"character_chosen":"IRONCLAD","items_purchased":["DollysMirror","Shrug It Off","DistilledChaos","Orrery"],"campfire_rested":2,"item_purchase_floors":[3,3,30,38],"current_hp_per_floor":[76,76,76,65,65,65,68,74,74,80,63,65,65,68,68,53,79,72,72,64,64,64,64,39,68,68,68,68,68,68,80,97,16,77,60,60,60,60,63,63,0,0],"gold":22,"neow_bonus":"RANDOM_COMMON_RELIC","is_daily":false,"chose_seed":false,"campfire_upgraded":5,"win_rate":0.0,"timestamp":1613285748,"path_taken":["M","?","$","?","?","R","M","M","T","M","?","M","?","M","R","BOSS","M","?","M","$","?","R","E","R","T","E","R","?","$","?","R","BOSS","M","?","?","?","?","R","E"],"items_purchased_type":["Relic","Card","Potion","Relic"],"build_version":"2020-12-22","purchased_purges":4,"victory":false,"max_hp_per_floor":[80,80,80,80,87,87,87,87,87,87,87,87,87,87,87,87,87,87,87,87,87,87,87,97,97,97,97,97,97,97,97,97,97,97,97,97,97,97,97,97,97,97],"card_choices":[{"not_picked":["Spot Weakness","Combust"],"picked":"Rampage","floor":1},{"not_picked":["Twin Strike","Cleave","Thunderclap"],"picked":"SKIP","floor":7},{"not_picked":["Perfected Strike","Sever Soul","Disarm"],"picked":"SKIP","floor":8},{"not_picked":["Clash+1","Wild Strike+1","Twin Strike+1"],"picked":"SKIP","floor":10},{"not_picked":["Intimidate","Rupture"],"picked":"Iron Wave+1","floor":12},{"not_picked":["Pommel Strike+1","Clothesline+1"],"picked":"Iron Wave+1","floor":14},{"not_picked":["Reaper+1","Berserk"],"picked":"Juggernaut","floor":16},{"not_picked":["Sword Boomerang+1","Thunderclap+1","Inflame"],"picked":"SKIP","floor":18},{"not_picked":["Clothesline+1","Rage","Pommel Strike+1"],"picked":"SKIP","floor":20},{"not_picked":["Shrug It Off","Infernal Blade+1","Headbutt+1"],"picked":"SKIP","floor":24},{"not_picked":["Flame Barrier","Thunderclap+1","Reckless Charge+1"],"picked":"SKIP","floor":27},{"not_picked":["Clash+1","Perfected Strike+1","Blood for Blood+1"],"picked":"SKIP","floor":31},{"not_picked":["Fiend Fire+1","Exhume"],"picked":"Juggernaut","floor":33},{"not_picked":["Entrench","Twin Strike+1"],"picked":"Rampage+1","floor":35},{"not_picked":["Impatience","Thinking Ahead"],"picked":"Master of Strategy","floor":37},{"not_picked":["Brutality","Inflame+1"],"picked":"Body Slam+1","floor":38},{"not_picked":["Wild Strike+1","Flame Barrier+1"],"picked":"Body Slam+1","floor":38},{"not_picked":["Warcry+1","Twin Strike+1","Ghostly Armor+1"],"picked":"SKIP","floor":39}],"player_experience":1238376,"relics_obtained":[{"floor":9,"key":"Molten Egg 2"},{"floor":24,"key":"Pear"},{"floor":26,"key":"reliquary:TuningFork"},{"floor":27,"key":"CaptainsWheel"}],"event_choices":[{"damage_healed":0,"gold_gain":0,"player_choice":"Ignored","damage_taken":0,"max_hp_gain":0,"max_hp_loss":0,"event_name":"Liars Game","floor":2,"gold_loss":0},{"damage_healed":0,"gold_gain":75,"player_choice":"Gather Gold","damage_taken":11,"max_hp_gain":0,"max_hp_loss":0,"event_name":"World of Goop","floor":4,"gold_loss":0},{"damage_healed":0,"gold_gain":0,"player_choice":"Success","damage_taken":7,"relics_obtained":["Strawberry"],"max_hp_gain":0,"max_hp_loss":0,"event_name":"Scrap Ooze","floor":5,"gold_loss":0},{"damage_healed":0,"gold_gain":0,"player_choice":"Entered Light","damage_taken":17,"max_hp_gain":0,"max_hp_loss":0,"event_name":"Shining Light","floor":11,"gold_loss":0,"cards_upgraded":["Rampage","Iron Wave"]},{"damage_healed":0,"gold_gain":0,"player_choice":"Bought 0 Potions","damage_taken":0,"max_hp_gain":0,"max_hp_loss":0,"event_name":"The Woman in Blue","floor":19,"gold_loss":0},{"cards_removed":["Shrug It Off"],"damage_healed":0,"gold_gain":0,"player_choice":"Upgrade and Remove","damage_taken":0,"max_hp_gain":0,"max_hp_loss":0,"event_name":"Designer","floor":22,"gold_loss":90,"cards_upgraded":["Juggernaut"]},{"damage_healed":0,"gold_gain":100,"player_choice":"Bet on Murderer","damage_taken":0,"max_hp_gain":0,"max_hp_loss":0,"event_name":"The Joust","floor":29,"gold_loss":50},{"cards_removed":["Defend_R"],"damage_healed":0,"gold_gain":0,"player_choice":"Removed Skill","damage_taken":0,"max_hp_gain":0,"max_hp_loss":0,"event_name":"Falling","floor":36,"gold_loss":0},{"damage_healed":0,"gold_gain":0,"player_choice":"Memory 1","damage_taken":0,"max_hp_gain":0,"max_hp_loss":0,"event_name":"SensoryStone","floor":37,"gold_loss":0}],"is_beta":false,"boss_relics":[{"not_picked":["Coffee Dripper","Mark of Pain"],"picked":"Black Blood"},{"not_picked":["SacredBark","Philosopher\u0027s Stone"],"picked":"SlaversCollar"}],"items_purged_floors":[3,13,21,30],"is_endless":false,"potions_floor_spawned":[1,10,16,20,33],"killed_by":"Nemesis","ascension_level":11}}