{"host":"jwpp8hxpigr0nknu","time":1613287491,"event":{"mods":["BaseMod","BetterRewards","Colored Map","Colored Powertips","Minty Spire (QoL Compilation)","Rare Cards Sparkle","Shop Mod","StSLib"],"gold_per_floor":[112,187,197,250,425,458,490,516,539,564,591,603,642,679,691,703,703],"floor_reached":16,"language":"ENG","playtime":1474,"items_purged":[],"score":457,"play_id":"bf4b42ad-88db-4d60-97f9-7c4c29a47b58","local_time":"20210214012451","daily_mods":["Draft","Blue Cards","Heirloom","Flight","DeadlyEvents","Elite Swarm"],"is_ascension_mode":true,"campfire_choices":[{"data":"Fission","floor":12,"key":"SMITH"},{"data":"Creative AI","floor":15,"key":"SMITH"}],"circlet_count":0,"master_deck":["AscendersBane","Hologram","Redo+1","Undo","Cold Snap","Ball Lightning","Coolheaded","Cold Snap","Genetic Algorithm","Loop","Glacier","Cold Snap","Conserve Battery","Cold Snap","Leap","Cold Snap","Hologram","Undo+1","Doubt","Rainbow","Buffer","Meteor Strike","Fission+1","Creative AI+1","Seek"],"relics":["Cracked Core","Turnip","War Paint","Ice Cream","Bottled Flame","HornCleat","Pen Nib","Lantern","MawBank","Torii","Regal Pillow"],"acts_visited":["Exordium"],"potions_floor_usage":[10,13,14,16],"damage_taken":[{"damage":0.0,"enemies":"Small Slimes","floor":1.0,"turns":4.0},{"damage":5.0,"enemies":"Jaw Worm","floor":3.0,"turns":4.0},{"damage":10.0,"enemies":"3 Sentries","floor":6.0,"turns":17.0},{"damage":20.0,"enemies":"Gremlin Nob","floor":7.0,"turns":6.0},{"damage":0,"enemies":"Lagavulin","floor":8,"turns":9},{"damage":2,"enemies":"3 Sentries","floor":10,"turns":9},{"damage":0,"enemies":"Gremlin Nob","floor":11,"turns":4},{"damage":0,"enemies":"Lagavulin","floor":13,"turns":9},{"damage":0,"enemies":"3 Sentries","floor":14,"turns":8},{"damage":9,"enemies":"Hexaghost","floor":16,"turns":14}],"seed_played":"8880116736973127401","potions_obtained":[{"floor":7.0,"key":"Strength Potion"},{"floor":8,"key":"SkillPotion"},{"floor":10,"key":"DuplicationPotion"},{"floor":14,"key":"GamblersBrew"}],"is_trial":true,"path_per_floor":["M","?","M","T","?","E","E","E","T","E","E","R","E","E","R","B"],"character_chosen":"DEFECT","items_purchased":[],"campfire_rested":0,"item_purchase_floors":[],"current_hp_per_floor":[64,53,48,48,48,38,18,18,18,16,16,16,16,16,16,7,7],"gold":703,"neow_bonus":"","is_daily":false,"chose_seed":false,"campfire_upgraded":2,"win_rate":0.0,"timestamp":1613287491,"path_taken":["M","?","M","?","?","E","E","E","T","E","E","R","E","E","R","BOSS"],"items_purchased_type":[],"build_version":"2020-12-22","purchased_purges":0,"victory":false,"max_hp_per_floor":[71,71,71,71,71,71,71,71,71,71,71,71,71,71,71,71,71],"card_choices":[{"not_picked":["Compile Driver","Rebound"],"picked":"Hologram","floor":0.0},{"not_picked":["Scrape","Melter"],"picked":"Redo","floor":0.0},{"not_picked":["Beam Cell","Gash"],"picked":"Undo","floor":0.0},{"not_picked":["Storm","Double Energy"],"picked":"Cold Snap","floor":0.0},{"not_picked":["Gash","Sweeping Beam"],"picked":"Ball Lightning","floor":0.0},{"not_picked":["Stack","Heatsinks"],"picked":"Coolheaded","floor":0.0},{"not_picked":["Barrage","Beam Cell"],"picked":"Cold Snap","floor":0.0},{"not_picked":["Stack","Steam"],"picked":"Genetic Algorithm","floor":0.0},{"not_picked":["Rip and Tear","Doom and Gloom"],"picked":"Loop","floor":0.0},{"not_picked":["Go for the Eyes","Undo"],"picked":"Glacier","floor":0.0},{"not_picked":["Leap","Streamline"],"picked":"Cold Snap","floor":0.0},{"not_picked":["Stack","Leap"],"picked":"Conserve Battery","floor":0.0},{"not_picked":["Conserve Battery","Turbo"],"picked":"Cold Snap","floor":0.0},{"not_picked":["Rebound","Sweeping Beam"],"picked":"Leap","floor":0.0},{"not_picked":["Steam Power","Compile Driver"],"picked":"Cold Snap","floor":0.0},{"not_picked":["Tempest","Rebound"],"picked":"Hologram","floor":1.0},{"not_picked":["Sweeping Beam","Beam Cell"],"picked":"Undo","floor":3.0},{"not_picked":["Machine Learning","Reboot"],"picked":"Rainbow","floor":6.0},{"not_picked":["Biased Cognition","Rainbow"],"picked":"Buffer","floor":7.0},{"not_picked":["Reboot","Multi-Cast"],"picked":"Meteor Strike","floor":8},{"not_picked":["Meteor Strike","Echo Form"],"picked":"Fission","floor":10},{"not_picked":["Hyperbeam","Electrodynamics"],"picked":"Creative AI","floor":11},{"not_picked":["Buffer","Meteor Strike"],"picked":"Seek","floor":13},{"not_picked":["Biased Cognition","Rainbow","Electrodynamics"],"picked":"SKIP","floor":14}],"player_experience":356427,"relics_obtained":[{"floor":4.0,"key":"War Paint"},{"floor":6.0,"key":"Ice Cream"},{"floor":7.0,"key":"Bottled Flame"},{"floor":8,"key":"HornCleat"},{"floor":9,"key":"Pen Nib"},{"floor":10,"key":"Lantern"},{"floor":11,"key":"MawBank"},{"floor":13,"key":"Torii"},{"floor":14,"key":"Regal Pillow"}],"event_choices":[{"damage_healed":0.0,"max_hp_gain":0.0,"max_hp_loss":0.0,"gold_gain":75.0,"event_name":"World of Goop","player_choice":"Gather Gold","floor":2.0,"gold_loss":0.0,"damage_taken":11.0},{"damage_healed":0.0,"max_hp_gain":0.0,"max_hp_loss":0.0,"gold_gain":175.0,"event_name":"Liars Game","player_choice":"AGREE","floor":5.0,"gold_loss":0.0,"damage_taken":0.0,"cards_obtained":["Doubt"]}],"is_beta":false,"boss_relics":[],"items_purged_floors":[],"is_endless":true,"potions_floor_spawned":[7,8,10,14],"killed_by":"Hexaghost","ascension_level":14}}