{"host":"ctlqibkg0sskiu65","time":1613311291,"event":{"mods":["AchievementEnabler","Aspiration","Astrologer","BaseMod","Better Third Choice","BetterRewards","Colored Map","Colored Powertips","Conspire","Curses Come First","Fiend Mod","Infinite Spire","Minty Spire (QoL Compilation)","Potionbrewer","Quick Restart","Reliquary","Replay The Spire","Robot Space Explorer","Shade Mod","Shop Mod","StSLib","The Blackbeard","The Bladedancer","The Cursed","The Death Knight","The Hierophant","The Jungle","The Kombatant","The Necromancer","The Poker Player","The Servant 0.9.4","TheBandit","Wide Potions","thorton"],"gold_per_floor":[40,56,56,56,67,67,78,111,138,156,232,243,255,270,270,347,347,348,375,77,77,77],"floor_reached":21,"language":"ENG","playtime":957,"items_purged":["Strike_G"],"score":370,"play_id":"9f65a55d-702c-47e3-b8eb-3bb9cca298c5","local_time":"20210214080131","is_ascension_mode":true,"campfire_choices":[{"data":"Bane","floor":6,"key":"SMITH"},{"floor":15,"key":"REST"}],"circlet_count":0,"master_deck":["AscendersBane","Strike_G","Strike_G","Strike_G","Strike_G","Defend_G","Defend_G","Defend_G","Defend_G","Defend_G","Survivor","Neutralize","Poisoned Stab","Bane+1","PiercingWail","Deadly Poison","Dagger Spray","Deflect","Replay:Bag of Tricks","Leg Sweep","Deadly Poison"],"relics":["Ring of the Snake","Replay:Bottled Steam","Replay:Baseball","DeathKnight:SindragosasSkull","thethorton:GreedFountain","potionbrewer:Keyblade"],"acts_visited":["Exordium","TheCity"],"potions_floor_usage":[8,8,16],"damage_taken":[{"damage":0,"enemies":"2 Louse","floor":1,"turns":3},{"damage":1,"enemies":"Jaw Worm","floor":2,"turns":4},{"damage":1,"enemies":"Cultist","floor":5,"turns":3},{"damage":8,"enemies":"Gremlin Gang","floor":7,"turns":8},{"damage":20,"enemies":"Gremlin Nob","floor":8,"turns":4},{"damage":0,"enemies":"Large Slime","floor":10,"turns":4},{"damage":2,"enemies":"3 Louse","floor":12,"turns":3},{"damage":4,"enemies":"Exordium Wildlife","floor":13,"turns":3},{"damage":4,"enemies":"Looter","floor":14,"turns":3},{"damage":25,"enemies":"The Guardian","floor":16,"turns":8},{"damage":19,"enemies":"2 Thieves","floor":18,"turns":4},{"damage":29,"enemies":"Shell Parasite","floor":19,"turns":7},{"damage":0,"enemies":"Snecko","floor":21,"turns":2}],"seed_played":"-5349208335289248144","potions_obtained":[{"floor":1,"key":"SpeedPotion"},{"floor":7,"key":"potionbrewer:ToxicPotion"},{"floor":8,"key":"PowerPotion"},{"floor":14,"key":"Poison Potion"}],"is_trial":false,"path_per_floor":["M","M","?","?","M","R","M","E","T","M","T","M","M","M","R","B",null,"M","M","$","M"],"character_chosen":"THE_SILENT","items_purchased":["Poisoned Stab","potionbrewer:Keyblade","Deadly Poison"],"campfire_rested":1,"item_purchase_floors":[0,20,20],"current_hp_per_floor":[59,58,58,58,57,57,49,29,29,29,29,27,23,19,38,13,53,34,5,5,5,5],"gold":77,"neow_bonus":"","is_daily":false,"chose_seed":false,"campfire_upgraded":1,"win_rate":0.0,"timestamp":1613311291,"path_taken":["M","M","?","?","M","R","M","E","T","M","?","M","?","M","R","BOSS","M","M","$","?"],"items_purchased_type":["Card","Relic","Card"],"build_version":"2020-12-22","purchased_purges":1,"victory":false,"max_hp_per_floor":[66,66,66,66,66,66,66,66,66,66,66,66,66,66,66,66,66,66,66,66,66,66],"card_choices":[{"not_picked":["Dagger Throw","Backflip"],"picked":"Bane","floor":1},{"not_picked":["Draining Mist","ReplayTheSpireMod:The Works","Infinite Blades"],"picked":"SKIP","floor":2},{"not_picked":["Choke","Heel Hook"],"picked":"PiercingWail","floor":5},{"not_picked":["Sucker Punch","Leg Sweep"],"picked":"Deadly Poison","floor":7},{"not_picked":["Hidden Blade","Leg Sweep"],"picked":"Dagger Spray","floor":8},{"not_picked":["Dodge and Roll","Blade Dance","Hidden Blade"],"picked":"SKIP","floor":10},{"not_picked":["Flechettes","Accuracy","Prepared"],"picked":"SKIP","floor":12},{"not_picked":["Accuracy","Bane"],"picked":"Deflect","floor":13},{"not_picked":["Skewer","Deflect","Dagger Throw"],"picked":"SKIP","floor":14},{"not_picked":["A Thousand Cuts","Malaise"],"picked":"Replay:Bag of Tricks","floor":16},{"not_picked":["PiercingWail","Underhanded Strike"],"picked":"Leg Sweep","floor":18},{"not_picked":["Dagger Spray","Slice","Calculated Gamble"],"picked":"SKIP","floor":19}],"player_experience":296262,"relics_obtained":[{"floor":8,"key":"Replay:Bottled Steam"},{"floor":9,"key":"Replay:Baseball"},{"floor":11,"key":"DeathKnight:SindragosasSkull"}],"event_choices":[{"damage_healed":0,"gold_gain":0,"player_choice":"Ignored","damage_taken":0,"max_hp_gain":0,"max_hp_loss":0,"event_name":"Golden Idol","floor":4,"gold_loss":0}],"is_beta":false,"boss_relics":[{"not_picked":["Coffee Dripper","ReplayTheSpireMod:DimensionalGlitch"],"picked":"thethorton:GreedFountain"}],"items_purged_floors":[20],"is_endless":false,"potions_floor_spawned":[1,7,8,14],"killed_by":"Snecko","ascension_level":20}}