{"host":"cfqfeqi6u2qx5u0e","time":1613278118,"event":{"mods":["AchievementEnabler","BaseMod","Minty Spire (QoL Compilation)","Quick Restart","StSLib"],"gold_per_floor":[115,115,115,127,140,165,165,199,253,270,345,361,361,387,387,488,488,501,501,200,200,33,33,64,64,64,97,114,126,126,161,161,258,258,278,288,288,42,60,60,87,104,104,116,116,127,147,182,182,182,182,182,58,84,84],"floor_reached":56,"language":"ENG","playtime":4716,"items_purged":["Strike_B"],"score":1517,"play_id":"c3557e79-d676-4bfa-87ea-157186d0193d","local_time":"20210213204838","is_ascension_mode":true,"campfire_choices":[{"floor":7.0,"key":"REST"},{"floor":15.0,"key":"REST"},{"floor":23.0,"key":"RECALL"},{"data":"Chill","floor":25.0,"key":"SMITH"},{"floor":32.0,"key":"REST"},{"floor":40.0,"key":"REST"},{"floor":49.0,"key":"REST"},{"data":"Sunder","floor":52.0,"key":"SMITH"}],"circlet_count":0,"master_deck":["Strike_B","Strike_B","Defend_B","Defend_B","Defend_B","Defend_B","Zap","Dualcast","Gash","Gash","Gash","Capacitor+1","Genetic Algorithm","Chill+1","Sunder+1","BootSequence+1","Machine Learning+1","Gash","Ghostly+1","Ghostly+1","Ghostly+1","Ghostly+1","Ghostly+1","Coolheaded+1","Cold Snap","Sweeping Beam+1","Double Energy+1","Skim+1","RitualDagger+1","Go for the Eyes+1","All For One+1","Double Energy+1","Ball Lightning+1","White Noise+1","Skim+1","FTL+1","Tempest+1","Double Energy+1","Glacier+1"],"relics":["Runic Pyramid","Frozen Egg 2","Omamori","Toxic Egg 2","Philosopher\u0027s Stone","Vajra","Anchor","MutagenicStrength","Membership Card","Pen Nib","Sundial","Molten Egg 2","Nunchaku","Inserter","Incense Burner","TheAbacus","Dream Catcher","Bottled Lightning","Smiling Mask","Boot","Mummified Hand"],"acts_visited":["Exordium","TheCity","TheBeyond","TheEnding"],"potions_floor_usage":[],"damage_taken":[{"damage":7.0,"enemies":"Cultist","floor":1.0,"turns":5.0},{"damage":1.0,"enemies":"Jaw Worm","floor":4.0,"turns":3.0},{"damage":6.0,"enemies":"2 Louse","floor":5.0,"turns":2.0},{"damage":21.0,"enemies":"3 Sentries","floor":6.0,"turns":7.0},{"damage":11.0,"enemies":"Lagavulin","floor":8.0,"turns":6.0},{"damage":14.0,"enemies":"2 Fungi Beasts","floor":10.0,"turns":4.0},{"damage":7.0,"enemies":"Looter","floor":12.0,"turns":4.0},{"damage":8.0,"enemies":"3 Sentries","floor":14.0,"turns":5.0},{"damage":9.0,"enemies":"Hexaghost","floor":16.0,"turns":11.0},{"damage":13.0,"enemies":"Spheric Guardian","floor":18.0,"turns":5.0},{"damage":12.0,"enemies":"Book of Stabbing","floor":24.0,"turns":8.0},{"damage":0.0,"enemies":"Slavers","floor":27.0,"turns":8.0},{"damage":0.0,"enemies":"2 Thieves","floor":28.0,"turns":4.0},{"damage":0.0,"enemies":"Shelled Parasite and Fungi","floor":29.0,"turns":7.0},{"damage":11.0,"enemies":"Book of Stabbing","floor":31.0,"turns":6.0},{"damage":0.0,"enemies":"Automaton","floor":33.0,"turns":12.0},{"damage":0.0,"enemies":"Orb Walker","floor":35.0,"turns":3.0},{"damage":28.0,"enemies":"3 Shapes","floor":36.0,"turns":5.0},{"damage":9.0,"enemies":"Sphere and 2 Shapes","floor":39.0,"turns":6.0},{"damage":1.0,"enemies":"Giant Head","floor":41.0,"turns":11.0},{"damage":0.0,"enemies":"3 Darklings","floor":42.0,"turns":6.0},{"damage":0.0,"enemies":"Transient","floor":44.0,"turns":5.0},{"damage":0.0,"enemies":"Maw","floor":46.0,"turns":7.0},{"damage":16.0,"enemies":"4 Shapes","floor":47.0,"turns":5.0},{"damage":0.0,"enemies":"Reptomancer","floor":48.0,"turns":4.0},{"damage":0.0,"enemies":"Time Eater","floor":50.0,"turns":11.0},{"damage":14.0,"enemies":"Shield and Spear","floor":54.0,"turns":6.0},{"damage":2,"enemies":"The Heart","floor":55,"turns":3}],"seed_played":"-1555728946027717853","potions_obtained":[{"floor":4.0,"key":"SteroidPotion"},{"floor":5.0,"key":"FocusPotion"},{"floor":6.0,"key":"FocusPotion"},{"floor":24.0,"key":"EssenceOfSteel"},{"floor":27.0,"key":"GamblersBrew"},{"floor":35.0,"key":"PowerPotion"},{"floor":39.0,"key":"LiquidMemories"},{"floor":44.0,"key":"FocusPotion"},{"floor":54.0,"key":"GamblersBrew"}],"is_trial":false,"path_per_floor":["M","$","?","M","M","E","R","E","T","M","?","M","?","E","R","B",null,"M","?","$","?","$","R","E","R","T","E","M","M","?","E","R","B",null,"M","M","?","$","M","R","E","M","T","M","?","M","M","E","R","B",null,"R","$","E","B",null],"character_chosen":"DEFECT","items_purchased":["Vajra","Anchor","Membership Card","Coolheaded+1","Incense Burner","TheAbacus","Swift Potion","Boot"],"campfire_rested":5,"item_purchase_floors":[20,20,22,22,38,38,38,53],"current_hp_per_floor":[68,68,68,67,61,40,62,51,51,37,26,19,19,11,33,24,75,62,37,37,37,37,37,25,25,25,25,25,25,19,8,19,19,37,37,9,18,18,9,20,19,19,19,19,19,19,3,3,14,14,37,37,37,23,21],"gold":84,"neow_bonus":"BOSS_RELIC","is_daily":false,"chose_seed":false,"campfire_upgraded":2,"win_rate":0.0,"timestamp":1613278118,"path_taken":["M","?","?","M","M","E","R","E","T","M","?","M","?","E","R","BOSS","M","?","$","?","$","R","E","R","T","E","M","M","?","E","R","BOSS","M","M","?","$","M","R","E","M","T","M","?","M","M","E","R","BOSS","R","$","E","BOSS"],"items_purchased_type":["Relic","Relic","Relic","Card","Relic","Relic","Potion","Relic"],"build_version":"2020-12-22","purchased_purges":1,"victory":true,"max_hp_per_floor":[75,75,75,75,75,75,75,75,75,75,75,75,75,75,75,75,75,75,37,37,37,37,37,37,37,37,37,37,37,37,37,37,37,37,37,37,37,37,37,37,37,37,37,37,37,37,37,37,37,37,37,37,37,37,37],"card_choices":[{"not_picked":["Compile Driver","Blizzard"],"picked":"Gash","floor":1.0},{"not_picked":["Storm","Cold Snap"],"picked":"Gash","floor":4.0},{"not_picked":["Compile Driver","Leap"],"picked":"Gash","floor":5.0},{"not_picked":["Streamline","Hologram"],"picked":"Capacitor+1","floor":6.0},{"not_picked":["Conserve Battery","Cold Snap"],"picked":"Genetic Algorithm","floor":8.0},{"not_picked":["Reinforced Body","Force Field"],"picked":"Chill","floor":10.0},{"not_picked":["Rebound","Streamline"],"picked":"Sunder","floor":12.0},{"not_picked":["Beam Cell","Leap+1"],"picked":"BootSequence+1","floor":14.0},{"not_picked":["Thunder Strike","Rainbow+1"],"picked":"Machine Learning+1","floor":16.0},{"not_picked":["Self Repair+1","Steam+1"],"picked":"Gash","floor":18.0},{"not_picked":["Amplify+1","Streamline"],"picked":"Cold Snap","floor":24.0},{"not_picked":["Beam Cell+1","Rip and Tear+1"],"picked":"Sweeping Beam+1","floor":27.0},{"not_picked":["Fusion+1","Redo+1"],"picked":"Double Energy+1","floor":28.0},{"not_picked":["Streamline+1","Compile Driver+1"],"picked":"Skim+1","floor":29.0},{"not_picked":["Leap+1","Barrage+1"],"picked":"Go for the Eyes+1","floor":31.0},{"not_picked":["Echo Form+1","Multi-Cast+1"],"picked":"All For One+1","floor":33.0},{"not_picked":["Hello World+1","Ball Lightning+1"],"picked":"Double Energy+1","floor":35.0},{"not_picked":["Barrage+1","Cold Snap+1","Ball Lightning+1"],"picked":"SKIP","floor":36.0},{"not_picked":["Conserve Battery+1","Rebound+1","Barrage+1"],"picked":"SKIP","floor":39.0},{"not_picked":["Amplify+1","Beam Cell+1","Conserve Battery+1"],"picked":"SKIP","floor":41.0},{"not_picked":["Coolheaded+1","Streamline+1"],"picked":"Ball Lightning+1","floor":42.0},{"not_picked":["Streamline+1","Hologram+1"],"picked":"White Noise+1","floor":44.0},{"not_picked":["Conserve Battery+1","Redo+1"],"picked":"Skim+1","floor":46.0},{"not_picked":["Hello World+1","Glacier+1"],"picked":"FTL+1","floor":47.0},{"not_picked":["Creative AI+1","Chaos+1"],"picked":"Tempest+1","floor":48.0},{"not_picked":["Turbo+1","Scrape+1"],"picked":"Double Energy+1","floor":49.0},{"not_picked":["Lockon+1","Streamline+1"],"picked":"Glacier+1","floor":54.0}],"player_experience":63219,"relics_obtained":[{"floor":6.0,"key":"Frozen Egg 2"},{"floor":8.0,"key":"Omamori"},{"floor":14.0,"key":"Toxic Egg 2"},{"floor":24.0,"key":"Pen Nib"},{"floor":26.0,"key":"Sundial"},{"floor":27.0,"key":"Molten Egg 2"},{"floor":31.0,"key":"Nunchaku"},{"floor":41.0,"key":"Dream Catcher"},{"floor":43.0,"key":"Bottled Lightning"},{"floor":48.0,"key":"Smiling Mask"},{"floor":54.0,"key":"Mummified Hand"}],"event_choices":[{"damage_healed":0.0,"max_hp_gain":0.0,"max_hp_loss":0.0,"gold_gain":0.0,"event_name":"The Cleric","player_choice":"Leave","floor":3.0,"gold_loss":0.0,"damage_taken":0.0},{"damage_healed":0.0,"max_hp_gain":0.0,"max_hp_loss":0.0,"gold_gain":75.0,"event_name":"World of Goop","player_choice":"Gather Gold","floor":11.0,"gold_loss":0.0,"damage_taken":11.0},{"damage_healed":0.0,"max_hp_gain":0.0,"max_hp_loss":0.0,"gold_gain":0.0,"event_name":"Shining Light","player_choice":"Ignored","floor":13.0,"gold_loss":0.0,"damage_taken":0.0},{"damage_healed":0.0,"max_hp_gain":0.0,"max_hp_loss":38.0,"gold_gain":0.0,"event_name":"Ghosts","player_choice":"Became a Ghost","floor":19.0,"gold_loss":0.0,"damage_taken":0.0,"cards_obtained":["Ghostly","Ghostly","Ghostly","Ghostly","Ghostly"]},{"damage_healed":0.0,"max_hp_gain":0.0,"max_hp_loss":0.0,"gold_gain":0.0,"event_name":"Drug Dealer","player_choice":"Inject Mutagens","floor":21.0,"gold_loss":0.0,"damage_taken":0.0,"relics_obtained":["MutagenicStrength"]},{"damage_healed":0.0,"max_hp_gain":0.0,"max_hp_loss":0.0,"gold_gain":0.0,"event_name":"Nest","player_choice":"Joined the Cult","floor":30.0,"gold_loss":0.0,"damage_taken":6.0,"cards_obtained":["RitualDagger"]},{"damage_healed":9.0,"max_hp_gain":0.0,"max_hp_loss":0.0,"gold_gain":0.0,"event_name":"Winding Halls","player_choice":"Writhe","floor":37.0,"gold_loss":0.0,"damage_taken":0.0,"cards_obtained":["Writhe"]},{"cards_removed":["Strike_B"],"damage_healed":0.0,"max_hp_gain":0.0,"max_hp_loss":0.0,"gold_gain":0.0,"event_name":"Bonfire Elementals","player_choice":"Offered Basic","floor":45.0,"gold_loss":0.0,"damage_taken":0.0}],"is_beta":false,"boss_relics":[{"not_picked":["Tiny House","Calling Bell"],"picked":"Philosopher\u0027s Stone"},{"not_picked":["Black Star","Snecko Eye"],"picked":"Inserter"}],"items_purged_floors":[53],"is_endless":false,"potions_floor_spawned":[4,5,6,24,27,35,39,44,47,48,54],"ascension_level":1}}