{"host":"ypphcgdomtfqpc2w","time":1613290577,"event":{"mods":["BaseMod","Marisa（霧雨　魔理沙）","Minty Spire (QoL Compilation)","StSLib"],"gold_per_floor":[113,124,136,211,225,225,257,282,282,282,301,301,301,333,333,333,333],"floor_reached":16,"language":"ENG","playtime":892,"items_purged":[],"score":220,"play_id":"8432f4f7-bee7-45e3-adcc-e3af00353b15","local_time":"20210214171617","is_ascension_mode":true,"campfire_choices":[{"data":"MasterSpark","floor":6.0,"key":"SMITH"},{"data":"AsteroidBelt","floor":10,"key":"SMITH"},{"data":"CasketOfStar","floor":12,"key":"SMITH"},{"data":"EarthLightRay","floor":15,"key":"SMITH"}],"circlet_count":0,"master_deck":["AscendersBane","Strike_MRS","Strike_MRS","Strike_MRS","Strike_MRS","Defend_MRS","Defend_MRS","Defend_MRS","MasterSpark+1","UpSweep","PropBag","NonDirectionalLaser","EarthLightRay+1","OortCloud","AsteroidBelt+1","CasketOfStar+1","Parasite","Parasite","Orbital","LuminesStrike","Pain","DeepEcoloBomb"],"relics":["MiniHakkero","HandmadeGrimoire","ShroomBag","Calipers","WarpedTongs","Torii","Meat on the Bone"],"acts_visited":["Exordium"],"potions_floor_usage":[8,14],"damage_taken":[{"damage":0.0,"enemies":"Small Slimes","floor":1.0,"turns":2.0},{"damage":11.0,"enemies":"2 Louse","floor":2.0,"turns":2.0},{"damage":0.0,"enemies":"Cultist","floor":3.0,"turns":2.0},{"damage":21.0,"enemies":"Large Slime","floor":5.0,"turns":5.0},{"damage":6.0,"enemies":"3 Sentries","floor":7.0,"turns":8.0},{"damage":5,"enemies":"The Mushroom Lair","floor":8,"turns":3},{"damage":2,"enemies":"Looter","floor":11,"turns":3},{"damage":16,"enemies":"Gremlin Nob","floor":14,"turns":4},{"damage":46,"enemies":"Hexaghost","floor":16,"turns":9}],"seed_played":"4672779156064195016","potions_obtained":[{"floor":5.0,"key":"AttackPotion"},{"floor":7.0,"key":"Fire Potion"},{"floor":11,"key":"Block Potion"}],"is_trial":false,"path_per_floor":["M","M","M","?","M","R","E","?","T","R","M","R","?","E","R","B"],"character_chosen":"MARISA","items_purchased":[],"campfire_rested":0,"item_purchase_floors":[],"current_hp_per_floor":[63,52,56,45,28,28,26,25,25,25,31,31,31,35,35,0,0],"gold":333,"neow_bonus":"TRANSFORM_CARD","is_daily":false,"chose_seed":false,"campfire_upgraded":4,"win_rate":0.0,"timestamp":1613290577,"path_taken":["M","M","M","?","M","R","E","?","T","R","M","R","?","E","R","BOSS"],"items_purchased_type":[],"build_version":"2020-12-22","purchased_purges":0,"victory":false,"max_hp_per_floor":[70,70,70,70,70,70,70,70,70,70,70,70,70,70,70,70,70],"card_choices":[{"not_picked":["Acceleration","DoubleSpark"],"picked":"NonDirectionalLaser","floor":1.0},{"not_picked":["BlazeAway","DarkSpark"],"picked":"EarthLightRay","floor":2.0},{"not_picked":["PropBag","UnstableBomb"],"picked":"OortCloud","floor":3.0},{"not_picked":["GalacticHalo","SporeBomb"],"picked":"AsteroidBelt","floor":5.0},{"not_picked":["DarkMatter","OneTimeOff"],"picked":"CasketOfStar","floor":7.0},{"not_picked":["OrrerysSun","DarkSpark"],"picked":"Orbital","floor":8},{"not_picked":["UnstableBomb","ManaConvection"],"picked":"LuminesStrike","floor":11},{"not_picked":["WitchLeyline","OpenUniverse"],"picked":"DeepEcoloBomb","floor":14}],"player_experience":3290396,"relics_obtained":[{"floor":7.0,"key":"HandmadeGrimoire"},{"floor":8,"key":"ShroomBag"},{"floor":9,"key":"Calipers"},{"floor":14,"key":"Torii"}],"event_choices":[{"damage_healed":0.0,"max_hp_gain":0.0,"max_hp_loss":0.0,"gold_gain":75.0,"event_name":"World of Goop","player_choice":"Gather Gold","floor":4.0,"gold_loss":0.0,"damage_taken":11.0},{"damage_healed":0,"gold_gain":0,"player_choice":"Fought Mushrooms","damage_taken":0,"max_hp_gain":0,"max_hp_loss":0,"event_name":"Mushrooms_MRS","floor":8,"gold_loss":0},{"damage_healed":0,"gold_gain":0,"player_choice":"Rummage","damage_taken":0,"relics_obtained":["WarpedTongs"],"max_hp_gain":0,"max_hp_loss":0,"event_name":"Accursed Blacksmith","floor":13,"gold_loss":0,"cards_obtained":["Pain"]}],"is_beta":false,"boss_relics":[],"items_purged_floors":[],"is_endless":false,"potions_floor_spawned":[5,7,11],"killed_by":"Hexaghost","ascension_level":20}}