{"host":"epc8efk9vrywpcsw","time":1613337297,"event":{"mods":["BaseMod","Minty Spire (QoL Compilation)","Relic Stats","StSLib"],"gold_per_floor":[111,127,127,50,60,60,90,1,1,33,33,90,125,146,146,146,146],"floor_reached":16,"language":"ENG","playtime":433,"items_purged":[],"score":236,"play_id":"be5a764a-053e-45cd-9df7-c731ef09272e","local_time":"20210214221457","is_ascension_mode":true,"campfire_choices":[{"data":"Backstab","floor":6,"key":"SMITH"},{"floor":11,"key":"REST"},{"data":"Neutralize","floor":15,"key":"SMITH"}],"circlet_count":0,"master_deck":["AscendersBane","Strike_G","Strike_G","Strike_G","Strike_G","Defend_G","Defend_G","Defend_G","Defend_G","Defend_G","Survivor","Neutralize+1","Masterful Stab","Predator","Backstab+1","Dash","Endless Agony","Die Die Die","Finisher"],"relics":["Ring of the Snake","NeowsBlessing","Paper Crane","Juzu Bracelet","Singing Bowl","CeramicFish","Ginger"],"acts_visited":["Exordium"],"potions_floor_usage":[7,10,12,16],"damage_taken":[{"damage":0,"enemies":"Cultist","floor":1,"turns":1},{"damage":0,"enemies":"Small Slimes","floor":2,"turns":1},{"damage":0,"enemies":"Jaw Worm","floor":5,"turns":1},{"damage":35,"enemies":"Lagavulin","floor":7,"turns":9},{"damage":10,"enemies":"3 Sentries","floor":10,"turns":7},{"damage":2,"enemies":"3 Sentries","floor":12,"turns":3},{"damage":8,"enemies":"Gremlin Nob","floor":13,"turns":3},{"damage":2,"enemies":"Exordium Wildlife","floor":14,"turns":4},{"damage":28,"enemies":"Hexaghost","floor":16,"turns":11}],"seed_played":"1900714315233090081","potions_obtained":[{"floor":2,"key":"Weak Potion"},{"floor":7,"key":"Fire Potion"},{"floor":10,"key":"Fire Potion"},{"floor":13,"key":"EssenceOfSteel"}],"is_trial":false,"path_per_floor":["M","M","?","$","M","R","E","$","T","E","R","?","E","M","R","B"],"character_chosen":"THE_SILENT","items_purchased":["Backstab","Endless Agony"],"campfire_rested":1,"item_purchase_floors":[4,8],"current_hp_per_floor":[59,59,59,59,59,59,24,24,24,14,33,33,27,25,25,0,0],"gold":146,"neow_bonus":"THREE_ENEMY_KILL","is_daily":false,"chose_seed":false,"campfire_upgraded":2,"win_rate":0.0,"timestamp":1613337297,"path_taken":["M","M","?","?","M","R","E","$","T","E","R","?","E","M","R","BOSS"],"items_purchased_type":["Card","Card"],"build_version":"2020-12-22","purchased_purges":0,"victory":false,"max_hp_per_floor":[66,66,66,66,66,66,66,66,66,66,66,68,70,70,70,70,70],"relic_stats":{"Singing Bowl":4,"counters":[9,40],"CeramicFish":9,"Juzu Bracelet":0,"Ginger":[0],"obtain_stats":[{"NeowsBlessing":0,"Singing Bowl":10,"CeramicFish":12,"Juzu Bracelet":9,"Ginger":13,"Paper Crane":7,"Ring of the Snake":0},{"NeowsBlessing":0,"Singing Bowl":5,"CeramicFish":6,"Juzu Bracelet":4,"Ginger":7,"Paper Crane":4,"Ring of the Snake":0},{"NeowsBlessing":0,"Singing Bowl":19,"CeramicFish":22,"Juzu Bracelet":12,"Ginger":25,"Paper Crane":12,"Ring of the Snake":0}],"Ring of the Snake":[19]},"card_choices":[{"not_picked":["Backflip","Poisoned Stab"],"picked":"Masterful Stab","floor":1},{"not_picked":["Bane","Crippling Poison"],"picked":"Predator","floor":2},{"not_picked":["Catalyst","Heel Hook","Dodge and Roll"],"picked":"SKIP","floor":5},{"not_picked":["Blade Dance","Caltrops"],"picked":"Dash","floor":7},{"not_picked":["Quick Slash","Cloak And Dagger"],"picked":"Die Die Die","floor":10},{"not_picked":["Blade Dance","Deadly Poison","Prepared"],"picked":"Singing Bowl","floor":12},{"not_picked":["Flechettes","Eviscerate","Bane"],"picked":"Singing Bowl","floor":13},{"not_picked":["Distraction","Well Laid Plans"],"picked":"Finisher","floor":14}],"player_experience":525456,"relics_obtained":[{"floor":7,"key":"Paper Crane"},{"floor":9,"key":"Juzu Bracelet"},{"floor":10,"key":"Singing Bowl"},{"floor":12,"key":"CeramicFish"},{"floor":13,"key":"Ginger"}],"event_choices":[{"cards_removed":["Strike_G"],"damage_healed":0,"gold_gain":0,"player_choice":"Offered Basic","damage_taken":0,"max_hp_gain":0,"max_hp_loss":0,"event_name":"Bonfire Elementals","floor":3,"gold_loss":0},{"damage_healed":0,"gold_gain":0,"player_choice":"Searched \u00271\u0027 times","damage_taken":0,"max_hp_gain":0,"max_hp_loss":0,"event_name":"Dead Adventurer","floor":12,"gold_loss":0}],"is_beta":false,"boss_relics":[],"items_purged_floors":[],"is_endless":false,"potions_floor_spawned":[2,7,10,13],"killed_by":"Hexaghost","ascension_level":20}}