{"host":"cpsutu8lprjuipd6","time":1613313006,"event":{"mods":["BaseMod","Colored Map","Minty Spire (QoL Compilation)","Permanent Neow","StSLib","SuperFastMode","The Bug Knight","Together in Spire"],"gold_per_floor":[109,109,123,143,162,162,177,194,194,194,194,207,207,227,227,324,324,336,354,279,279,279],"floor_reached":21,"language":"KOR","playtime":1718,"items_purged":[],"score":175,"play_id":"1861a10f-9b13-4424-a5fd-5bfa188ae304","local_time":"20210214233006","is_ascension_mode":false,"campfire_choices":[{"data":"HollowMod:FocusHealStart","floor":6.0,"key":"SMITH"},{"data":"HollowMod:PureNailStrike","floor":10.0,"key":"SMITH"},{"data":"HollowMod:CloakDash","floor":13.0,"key":"SMITH"},{"data":"HollowMod:PogoStrike","floor":15.0,"key":"SMITH"}],"circlet_count":0,"master_deck":["HollowMod:NailStrikeStart","HollowMod:NailStrikeStart","HollowMod:NailStrikeStart","HollowMod:NailStrikeStart","HollowMod:QuickDashStart","HollowMod:QuickDashStart","HollowMod:QuickDashStart","HollowMod:QuickDashStart","HollowMod:FocusHealStart+1","HollowMod:PogoStrike+1","HollowMod:PureNailStrike+1","HollowMod:HowlingWraiths","HollowMod:ChannelNail","HollowMod:DungDefenderAura","HollowMod:ShapeofUnn","HollowMod:DreamGate","HollowMod:PureVessel","HollowMod:CloakDash+1","HollowMod:HeavyBlow","HollowMod:SoulSplash","HollowMod:HornetsHelp","HollowMod:HeavyBlow","HollowMod:InfectionAssault"],"relics":["HollowMod:VesselMask","Happy Flower","Ginger","SlaversCollar"],"acts_visited":["Exordium","TheCity"],"potions_floor_usage":[],"damage_taken":[{"damage":2.0,"enemies":"Small Slimes","floor":1.0,"turns":4.0},{"damage":0.0,"enemies":"Cultist","floor":3.0,"turns":3.0},{"damage":6.0,"enemies":"Jaw Worm","floor":4.0,"turns":4.0},{"damage":7.0,"enemies":"2 Fungi Beasts","floor":5.0,"turns":4.0},{"damage":18.0,"enemies":"Gremlin Gang","floor":7.0,"turns":5.0},{"damage":22.0,"enemies":"Exordium Thugs","floor":8.0,"turns":6.0},{"damage":1.0,"enemies":"2 Fungi Beasts","floor":12.0,"turns":3.0},{"damage":0.0,"enemies":"Red Slaver","floor":14.0,"turns":4.0},{"damage":33.0,"enemies":"Slime Boss","floor":16.0,"turns":13.0},{"damage":11.0,"enemies":"Chosen","floor":18.0,"turns":6.0},{"damage":56,"enemies":"3 Byrds","floor":19,"turns":10},{"damage":33,"enemies":"Sentry and Sphere","floor":21,"turns":3}],"seed_played":"-4103371277818844849","potions_obtained":[{"floor":1.0,"key":"Block Potion"},{"floor":2.0,"key":"SmokeBomb"},{"floor":2.0,"key":"LiquidMemories"},{"floor":4.0,"key":"Energy Potion"},{"floor":19,"key":"FearPotion"}],"is_trial":false,"path_per_floor":["M","?","M","M","M","R","M","M","T","R","?","M","R","M","R","B",null,"M","M","?","M"],"character_chosen":"THE_BUGKNIGHT","items_purchased":[],"campfire_rested":0,"item_purchase_floors":[],"current_hp_per_floor":[73,73,73,73,66,66,54,42,42,42,42,47,47,53,53,32,75,66,20,25,0,0],"gold":279,"neow_bonus":"RANDOM_COMMON_RELIC","is_daily":false,"chose_seed":false,"campfire_upgraded":4,"win_rate":0.0,"timestamp":1613313006,"path_taken":["M","?","M","?","M","R","M","M","T","R","?","?","R","M","R","BOSS","M","M","?","M"],"items_purchased_type":[],"build_version":"2020-12-22","purchased_purges":0,"victory":false,"max_hp_per_floor":[75,75,75,75,75,75,75,75,75,75,75,75,75,75,75,75,75,75,75,80,80,80],"card_choices":[{"not_picked":["HollowMod:LifebloodCocoon","HollowMod:DescendingDark"],"picked":"HollowMod:PureNailStrike","floor":1.0},{"not_picked":["HollowMod:GreatSlash","HollowMod:SoulVessel"],"picked":"HollowMod:HowlingWraiths","floor":3.0},{"not_picked":["HollowMod:GoodIntentions","HollowMod:BrokenVessel"],"picked":"HollowMod:ChannelNail","floor":4.0},{"not_picked":["HollowMod:SoulEater","HollowMod:ShadowDash"],"picked":"HollowMod:DungDefenderAura","floor":5.0},{"not_picked":["HollowMod:SoulEater","HollowMod:CycloneSlash"],"picked":"HollowMod:ShapeofUnn","floor":7.0},{"not_picked":["HollowMod:NewJinnsSoul","HollowMod:LifebloodCocoon"],"picked":"HollowMod:DreamGate","floor":8.0},{"not_picked":["HollowMod:MawleksShell","HollowMod:ShapeofUnn"],"picked":"HollowMod:HeavyBlow","floor":12.0},{"not_picked":["HollowMod:SharpenedShadows","HollowMod:InfectedAttack"],"picked":"HollowMod:SoulSplash","floor":14.0},{"not_picked":["HollowMod:MidwifesHunger","HollowMod:theNailsmith"],"picked":"HollowMod:HornetsHelp","floor":16.0},{"not_picked":["HollowMod:WraithStrike","HollowMod:SoulSplash"],"picked":"HollowMod:HeavyBlow","floor":18.0},{"not_picked":["HollowMod:BrokenVessel","HollowMod:BaldurShell"],"picked":"HollowMod:InfectionAssault","floor":19}],"player_experience":67682,"relics_obtained":[{"floor":9.0,"key":"Ginger"}],"event_choices":[{"damage_healed":0.0,"max_hp_gain":0.0,"max_hp_loss":0.0,"gold_gain":0.0,"event_name":"Lab","player_choice":"Got Potions","floor":2.0,"gold_loss":0.0,"damage_taken":0.0},{"damage_healed":0.0,"max_hp_gain":0.0,"max_hp_loss":0.0,"gold_gain":0.0,"event_name":"Match and Keep!","player_choice":"2 cards matched","floor":11.0,"gold_loss":0.0,"damage_taken":0.0,"cards_obtained":["HollowMod:PureVessel","HollowMod:CloakDash"]}],"is_beta":false,"boss_relics":[{"not_picked":["Runic Pyramid","Black Star"],"picked":"SlaversCollar"}],"items_purged_floors":[],"is_endless":false,"potions_floor_spawned":[1,4,12,14,19],"killed_by":"Sentry and Sphere","ascension_level":0}}