{"host":"6stms6pip0nke83b","time":1613345626,"event":{"mods":["BaseMod","Hermit","JesterMod","Minty Spire (QoL Compilation)","Quick Restart","Robot Space Explorer","Shade Mod","StSLib","The Cursed","The Death Knight","The Forsaken","The Hierophant","The IronCluck","The Marked","The Runesmith"],"gold_per_floor":[114,114,127,127,127,127,127,139,139,152,182,196,228,244,244,348,348,367,367,387,403,22,47,47,47,47,47,147,147,162,176,176,272,272,283,183,0,13,27,55,55,71,71,71,87,87,387,404,404,404],"floor_reached":51,"language":"ENG","playtime":4109,"items_purged":["Shade:Strike_Shade","Shade:AuraOfUnlife"],"score":868,"play_id":"3efb7a1b-e54a-489b-b351-ce8409505813","local_time":"20210215003346","is_ascension_mode":true,"campfire_choices":[{"data":"Shade:AnimateDead","floor":6,"key":"SMITH"},{"data":"Shade:PotionOfRestlessness","floor":15,"key":"SMITH"},{"data":"Apotheosis","floor":25,"key":"SMITH"},{"floor":29,"key":"REST"},{"data":"Shade:TouchOfTheGrave","floor":32,"key":"SMITH"},{"floor":41,"key":"REST"},{"data":"Shade:SpontaneousRitual","floor":46,"key":"PURGE"},{"floor":49,"key":"REST"}],"circlet_count":0,"master_deck":["Shade:AnimateDead+1","Shade:CarefulCut","Shade:CommandSoldier","Shade:GreyBargain+1","Shade:FreshBones","Shade:ExtraLimbs","Shade:DangerousRitual","Shade:PotionOfRestlessness+1","Shade:LoseControl","Shade:Bonestorm","Shade:OminousRitual","Shade:PressTheAttack","Apotheosis+1","Shade:SpontaneousRitual+1","Shade:SkeletonHug+1","Shade:TouchOfTheGrave+1","Shade:UnbarTheGrave","Shade:DarkOfNight","Shade:FuneraryJewels","Shade:ClawBack","Shade:FleshLikeOak","Shade:WallOfFlesh+1","Shade:FuneraryArmor+1"],"relics":["Shade:YorickSkull","NeowsBlessing","Sundial","Orichalcum","Bottled Lightning","SlaversCollar","PreservedInsect","HornCleat","Thread and Needle","DeathKnight:SindragosasSkull","Pandora\u0027s Box","Red Mask","Gremlin Horn","Peace Pipe"],"acts_visited":["Exordium","TheCity","TheBeyond"],"potions_floor_usage":[11,13,40,40,50],"damage_taken":[{"damage":0,"enemies":"Jaw Worm","floor":1,"turns":1},{"damage":0,"enemies":"Cultist","floor":3,"turns":1},{"damage":0,"enemies":"2 Louse","floor":8,"turns":1},{"damage":1,"enemies":"Looter","floor":10,"turns":3},{"damage":0,"enemies":"3 Sentries","floor":11,"turns":5},{"damage":0,"enemies":"3 Louse","floor":12,"turns":3},{"damage":2,"enemies":"Gremlin Nob","floor":13,"turns":3},{"damage":0,"enemies":"Gremlin Gang","floor":14,"turns":3},{"damage":22,"enemies":"Hexaghost","floor":16,"turns":7},{"damage":0,"enemies":"Spheric Guardian","floor":18,"turns":3},{"damage":2,"enemies":"2 Thieves","floor":20,"turns":3},{"damage":2,"enemies":"Centurion and Healer","floor":21,"turns":4},{"damage":8,"enemies":"Book of Stabbing","floor":23,"turns":3},{"damage":26,"enemies":"Colosseum Slavers","floor":28,"turns":4},{"damage":0,"enemies":"Colosseum Nobs","floor":28,"turns":3},{"damage":12,"enemies":"Snecko","floor":30,"turns":5},{"damage":0,"enemies":"Cultist and Chosen","floor":31,"turns":4},{"damage":2,"enemies":"Champ","floor":33,"turns":9},{"damage":7,"enemies":"3 Darklings","floor":35,"turns":6},{"damage":0,"enemies":"Orb Walker","floor":38,"turns":3},{"damage":20,"enemies":"3 Darklings","floor":39,"turns":4},{"damage":40,"enemies":"Reptomancer","floor":40,"turns":4},{"damage":0,"enemies":"Maw","floor":42,"turns":6},{"damage":0,"enemies":"4 Shapes","floor":45,"turns":6},{"damage":0,"enemies":"Writhing Mass","floor":48,"turns":6},{"damage":14,"enemies":"Time Eater","floor":50,"turns":8}],"seed_played":"8670229705754358596","potions_obtained":[{"floor":1,"key":"SteroidPotion"},{"floor":10,"key":"DistilledChaos"},{"floor":16,"key":"Regen Potion"},{"floor":18,"key":"Ancient Potion"},{"floor":28,"key":"EssenceOfSteel"},{"floor":31,"key":"FearPotion"},{"floor":40,"key":"GamblersBrew"},{"floor":42,"key":"EssenceOfSteel"}],"is_trial":false,"path_per_floor":["M","?","M","?","?","R","?","M","T","M","E","M","E","M","R","B",null,"M","?","M","M","$","E","?","R","T","?","?","R","M","M","R","B",null,"M","$","?","M","M","E","R","M","T","?","M","R","?","M","R","B",null],"character_chosen":"SHADE","items_purchased":["Shade:OminousRitual","Shade:PressTheAttack","Apotheosis"],"campfire_rested":3,"item_purchase_floors":[22,22,22],"current_hp_per_floor":[65,65,65,58,63,63,63,63,63,62,62,62,60,60,60,38,70,70,70,68,66,66,58,58,58,58,58,32,53,41,41,41,39,70,63,63,63,63,43,15,36,36,36,36,36,36,36,36,57,43],"gold":404,"neow_bonus":"THREE_ENEMY_KILL","is_daily":false,"chose_seed":false,"campfire_upgraded":4,"win_rate":0.0,"timestamp":1613345626,"path_taken":["M","?","?","?","?","R","?","?","T","M","E","?","E","?","R","BOSS","M","?","M","M","$","E","?","R","T","?","?","R","?","M","R","BOSS","M","$","?","M","M","E","R","M","T","?","?","R","?","M","R","BOSS"],"items_purchased_type":["Card","Card","Card"],"build_version":"2020-12-22","purchased_purges":2,"victory":true,"max_hp_per_floor":[65,65,65,65,70,70,70,70,70,70,70,70,70,70,70,70,70,70,70,70,70,70,70,70,70,70,70,70,70,70,70,70,70,70,70,70,70,70,70,70,70,70,70,70,70,70,70,70,70,70],"card_choices":[{"not_picked":["Shade:Patience","Shade:PoundOfFlesh"],"picked":"Shade:CommandSoldier","floor":1},{"not_picked":["Shade:StitchTogether","Shade:BoneShards"],"picked":"Shade:GreyBargain","floor":3},{"not_picked":["Shade:FeralStrike","Shade:TouchOfTheGrave"],"picked":"Shade:FreshBones","floor":8},{"not_picked":["Shade:CoffinDance","Shade:GraveStillness"],"picked":"Shade:ExtraLimbs","floor":10},{"not_picked":["Shade:FleshToFlesh","Shade:Asphyxiate"],"picked":"Shade:DangerousRitual","floor":11},{"not_picked":["Shade:Asphyxiate","Shade:GraveStillness","Shade:Trample"],"picked":"SKIP","floor":12},{"not_picked":["Shade:CommandSoldier","Shade:FuneraryArmor"],"picked":"Shade:PotionOfRestlessness","floor":13},{"not_picked":["Shade:Premonition","Shade:CoffinDance","Shade:ExtraLimbs"],"picked":"SKIP","floor":14},{"not_picked":["Shade:LastGasp","Shade:Putrefaction"],"picked":"Shade:LoseControl","floor":16},{"not_picked":["Shade:RavenousHorde","Shade:Brains"],"picked":"Shade:Bonestorm","floor":18},{"not_picked":["Shade:SpectralStrikes","Shade:SkeletonHug","Shade:FingerOfDeath"],"picked":"SKIP","floor":20},{"not_picked":["Shade:ClawBack","Shade:AuraOfUnlife","Shade:GraveStillness+1"],"picked":"SKIP","floor":21},{"not_picked":["Shade:GraveStillness+1","Shade:BoneShards+1","Shade:SoulPierce"],"picked":"SKIP","floor":23},{"not_picked":["Shade:Bonestorm","Shade:CommandSoldier"],"picked":"Shade:SkeletonHug+1","floor":28},{"not_picked":["Shade:SpectralStrikes","Shade:FingerOfDeath+1"],"picked":"Shade:TouchOfTheGrave","floor":30},{"not_picked":["Shade:WallOfFlesh+1","Shade:FingerOfDeath"],"picked":"Shade:UnbarTheGrave","floor":31},{"not_picked":["Shade:Consume","Shade:Tombstone"],"picked":"Shade:DarkOfNight","floor":33},{"not_picked":["Shade:Bonestorm+1","Shade:CommandSoldier+1","Shade:FeralStrike"],"picked":"SKIP","floor":35},{"not_picked":["Shade:FeralStrike+1","Shade:ClawBack+1","Shade:PotionOfRestlessness"],"picked":"SKIP","floor":38},{"not_picked":["Shade:BoneShards+1","Shade:Brains+1","Shade:FeralStrike+1"],"picked":"SKIP","floor":39},{"not_picked":["Shade:Premonition+1","Shade:SkeletonHug+1"],"picked":"Shade:WallOfFlesh+1","floor":40},{"not_picked":["Shade:Brains+1","Shade:RavenousHorde","Shade:PoundOfFlesh"],"picked":"SKIP","floor":42},{"not_picked":["Shade:Awaken+1","Shade:ClawBack","Shade:Asphyxiate+1"],"picked":"SKIP","floor":45},{"not_picked":["Shade:PotionOfRestlessness","Shade:CoffinDance"],"picked":"Shade:FuneraryArmor+1","floor":48}],"player_experience":792866,"relics_obtained":[{"floor":9,"key":"Sundial"},{"floor":11,"key":"Orichalcum"},{"floor":13,"key":"Bottled Lightning"},{"floor":23,"key":"PreservedInsect"},{"floor":26,"key":"HornCleat"},{"floor":28,"key":"Thread and Needle"},{"floor":28,"key":"DeathKnight:SindragosasSkull"},{"floor":40,"key":"Gremlin Horn"},{"floor":43,"key":"Peace Pipe"}],"event_choices":[{"damage_healed":0,"gold_gain":0,"player_choice":"Full Heal","damage_taken":0,"max_hp_gain":0,"max_hp_loss":0,"event_name":"Wheel of Change","floor":2,"gold_loss":0},{"cards_removed":["Shade:Strike_Shade"],"damage_healed":0,"gold_gain":0,"player_choice":"Card Removal","damage_taken":7,"max_hp_gain":0,"max_hp_loss":0,"event_name":"Golden Wing","floor":4,"gold_loss":0},{"damage_healed":0,"gold_gain":0,"player_choice":"Donut","damage_taken":0,"max_hp_gain":5,"max_hp_loss":0,"event_name":"Big Fish","floor":5,"gold_loss":0},{"damage_healed":0,"gold_gain":0,"player_choice":"Forge","damage_taken":0,"max_hp_gain":0,"max_hp_loss":0,"event_name":"Accursed Blacksmith","floor":7,"gold_loss":0,"cards_upgraded":["Shade:GreyBargain"]},{"cards_removed":["Shade:Defend_Shade"],"damage_healed":0,"gold_gain":0,"player_choice":"Elegance","damage_taken":0,"max_hp_gain":0,"max_hp_loss":0,"event_name":"Back to Basics","floor":19,"gold_loss":0},{"damage_healed":0,"gold_gain":0,"player_choice":"Read","damage_taken":0,"max_hp_gain":0,"max_hp_loss":0,"event_name":"The Library","floor":24,"gold_loss":0,"cards_obtained":["Shade:SpontaneousRitual"]},{"damage_healed":0,"gold_gain":0,"player_choice":"Fight","damage_taken":0,"max_hp_gain":0,"max_hp_loss":0,"event_name":"Colosseum","floor":28,"gold_loss":0},{"damage_healed":0,"gold_gain":0,"player_choice":"Fought Nobs","damage_taken":0,"max_hp_gain":0,"max_hp_loss":0,"event_name":"Colosseum","floor":28,"gold_loss":0},{"damage_healed":0,"gold_gain":0,"player_choice":"Paid","damage_taken":0,"relics_obtained":["Red Mask"],"max_hp_gain":0,"max_hp_loss":0,"event_name":"Tomb of Lord Red Mask","floor":37,"gold_loss":183},{"damage_healed":0,"gold_gain":0,"player_choice":"Upgraded","damage_taken":0,"max_hp_gain":0,"max_hp_loss":0,"event_name":"Upgrade Shrine","floor":44,"gold_loss":0,"cards_upgraded":["Shade:SpontaneousRitual"]},{"damage_healed":0,"gold_gain":300,"player_choice":"Gold","damage_taken":0,"max_hp_gain":0,"max_hp_loss":0,"event_name":"Wheel of Change","floor":47,"gold_loss":0}],"is_beta":false,"boss_relics":[{"not_picked":["jesterMod:MachoBrace","Fusion Hammer"],"picked":"SlaversCollar"},{"not_picked":["Shade:YorickPolishedSkull","SacredBark"],"picked":"Pandora\u0027s Box"}],"items_purged_floors":[22,36],"is_endless":false,"potions_floor_spawned":[1,10,16,18,28,30,31,40,42],"ascension_level":1}}