{"host":"i73ch23exsqar74a","time":1613292371,"event":{"mods":["AchievementEnabler","Aspiration","Astrologer","Bard","Bartender","BaseMod","Beaked The Cultist","Better Sensory Stone","CCEM2","CapriCore","Challenge The Spire","ChefMod","Chen","Colored Map","Colored Powertips","Conjunction","Conspire","Downfall","Fireblade Mod","FutureSeer","GifTheSpireLib","Glutton Mod","Gremlin Mod","Halation","Hermit","Highlight Path","HololiveMod","Hubris","Infinite Spire","Jedi Mod","Lobotomy","LobotomyExtend","Luminous","Marked Mod","Minty Spire (QoL Compilation)","Prisma Mod","Quarter Circle Forward PUNCH!","Quick Restart","Random Character Button","RatMod","Relic Sorter","Reliquary","Replay The Spire","SOS???????","Shade Mod","Spicy Shops","Spikes Relics","Spire Arcade","StSLib","Stuff the Spire","The Alterego","The Animator","The Bug Knight","The Construct","The Cursed","The Druid","The Exalted","The Immortal","The Judge","The Poker Player","The Sage","The Wild Card","TheHero","TheSwordswoman","TheVacant","TheVelvet","Thieving Mod","Yuri Mod","???Mod??????Boss","???mod?????"],"gold_per_floor":[117,117,150,55,3,3,53,53,121,178,178,199,199,212,212,347,347,373,405,19,43,73,126,126,126,151,151,151,204,222,222,222],"floor_reached":31,"language":"ENG","playtime":1389,"items_purged":[],"score":278,"play_id":"67a72aa5-cff3-4b56-b2e1-6bd6f07cbc07","local_time":"20210214124611","is_ascension_mode":true,"campfire_choices":[{"data":"animator:Emonzaemon","floor":6.0,"key":"SMITH"},{"data":"animator:Aqua","floor":8.0,"key":"SMITH"},{"data":"animator:Mitsurugi","floor":13.0,"key":"SMITH"},{"data":"animator:YunYun","floor":15.0,"key":"SMITH"},{"data":"animator:Ainz","floor":25.0,"key":"SMITH"},{"data":"animator:Saitama","floor":28.0,"key":"SMITH"}],"circlet_count":0,"master_deck":["animator:Strike_Konosuba","animator:Defend_Konosuba","animator:Kazuma","animator:Aqua+1","animator:Eris","animator:Ciel","Injury","animator:Emonzaemon+1","animator:Strike_AccelWorld+1","animator:Strike_Kancolle","animator:Defend_Kancolle","animator:Defend_GATE","animator:Rimuru","animator:YunYun+1","animator:Mitsurugi+1","animator:Ainz+1","animator:UneriGinkaku+1","animator:Vanir","animator:Kuroyukihime","animator:Aisha+1","animator:DwarfShaman","animator:Elsword+1","animator:Eris","animator:Saitama+1","animator:Tatsumaki","animator:Elsword","animator:Togame","downfall:Bewildered","animator:Megumin"],"relics":["animator:LivingPicture","animator:TheMissingPiece","LetterFromLob","Golden Idol","Bottled Lightning","halation:BottledLove","GiantMaggot","Pocketwatch","infinitespire:Cupcake","halation:Jellyphish","Orrery","Blue Doll","Replay:Drink Me","reliquary:Aerogel","sneckomod:BabySnecko","CCEMRelics:D6"],"acts_visited":["Exordium","TheCity"],"potions_floor_usage":[],"damage_taken":[{"damage":4.0,"enemies":"Jaw Worm","floor":1.0,"turns":8.0},{"damage":0.0,"enemies":"conspire:RoseBush","floor":3.0,"turns":5.0},{"damage":16.0,"enemies":"HollowMod:MossKnight","floor":7.0,"turns":14.0},{"damage":25.0,"enemies":"Lagavulin","floor":10.0,"turns":8.0},{"damage":0.0,"enemies":"2 Louse","floor":12.0,"turns":2.0},{"damage":2.0,"enemies":"Exordium Thugs","floor":14.0,"turns":2.0},{"damage":5.0,"enemies":"The Guardian","floor":16.0,"turns":8.0},{"damage":4.0,"enemies":"3 Byrds","floor":18.0,"turns":3.0},{"damage":3.0,"enemies":"Spheric Guardian","floor":19.0,"turns":3.0},{"damage":4.0,"enemies":"Centurion and Healer","floor":21.0,"turns":4.0},{"damage":11.0,"enemies":"3 Cultists","floor":22.0,"turns":4.0},{"damage":18.0,"enemies":"Gremlin Leader","floor":23.0,"turns":5.0},{"damage":15.0,"enemies":"Snecko","floor":29.0,"turns":3.0},{"damage":21.0,"enemies":"Snake Plant","floor":30.0,"turns":3.0},{"damage":0,"enemies":"Book of Stabbing","floor":31,"turns":1}],"seed_played":"-924776957272143626","potions_obtained":[{"floor":3.0,"key":"jedi:StrikingPotion"},{"floor":7.0,"key":"Milkshake"},{"floor":12.0,"key":"Energy Potion"},{"floor":30.0,"key":"BlessingOfTheForge"}],"is_trial":false,"path_per_floor":["M","?","M","?","$","R","E","R","T","E","T","M","R","M","R","B",null,"M","M","$","M","M","E","M","R","T","?","R","M","M","E"],"character_chosen":"THE_ANIMATOR","items_purchased":["Adrenaline Potion","halation:Jellyphish","animator:Kuroyukihime","animator:Aisha","Orrery"],"campfire_rested":0,"item_purchase_floors":[5,20,20,20,20],"current_hp_per_floor":[65,65,66,66,66,66,54,54,54,35,35,42,42,46,46,47,67,64,64,65,67,58,49,49,49,49,49,49,34,22,22,22],"gold":222,"neow_bonus":"ONE_RANDOM_RARE_CARD","is_daily":false,"chose_seed":false,"campfire_upgraded":6,"win_rate":0.0,"timestamp":1613292371,"path_taken":["M","?","M","?","$","R","E","R","T","E","?","M","R","M","R","BOSS","M","M","$","M","M","E","M","R","T","?","R","M","M","E"],"items_purchased_type":["Potion","Relic","Card","Card","Relic"],"build_version":"2020-12-22","purchased_purges":0,"victory":false,"max_hp_per_floor":[66,66,66,66,66,66,66,66,66,66,66,67,67,67,67,67,67,68,68,69,69,69,69,52,52,52,52,52,52,52,52,52],"card_choices":[{"not_picked":["animator:MumenRider","animator:Entoma"],"picked":"animator:Ciel","floor":1.0},{"not_picked":["animator:Vanir","animator:PandorasActor"],"picked":"animator:Emonzaemon","floor":3.0},{"not_picked":["animator:Laby","animator:Priestess"],"picked":"animator:Rimuru","floor":7.0},{"not_picked":["animator:Kazuma","animator:Vanir"],"picked":"animator:YunYun","floor":10.0},{"not_picked":["animator:Kaijin","animator:SilverFang"],"picked":"animator:Mitsurugi","floor":12.0},{"not_picked":["animator:Shalltear","animator:Verdia","animator:ZankiKiguchi"],"picked":"SKIP","floor":14.0},{"not_picked":["animator:Hans","animator:SwordMaiden"],"picked":"animator:Ainz","floor":16.0},{"not_picked":["animator:Genos","animator:SilverFang"],"picked":"animator:UneriGinkaku+1","floor":18.0},{"not_picked":["animator:YunYun","animator:Verdia"],"picked":"animator:Vanir","floor":19.0},{"not_picked":["animator:GuildGirl+1","animator:YunYun"],"picked":"animator:DwarfShaman","floor":20.0},{"not_picked":["animator:Souei+1","animator:Vanir+1"],"picked":"animator:Elsword+1","floor":20.0},{"not_picked":["animator:Ciel+1","animator:TsurugaMeisai+1"],"picked":"animator:Eris","floor":20.0},{"not_picked":["animator:Shion+1","animator:Ara"],"picked":"animator:Chris","floor":20.0},{"not_picked":["animator:Aisha","animator:Entoma"],"picked":"animator:Saitama","floor":20.0},{"not_picked":["animator:ZankiKiguchi","animator:Verdia"],"picked":"animator:Tatsumaki","floor":21.0},{"not_picked":["animator:TsurugaMeisai","animator:Add"],"picked":"animator:Elsword","floor":22.0},{"not_picked":["animator:Chung","animator:Shuna"],"picked":"animator:Togame","floor":23.0},{"not_picked":["animator:Vanir","animator:Verdia"],"picked":"animator:Megumin","floor":29.0},{"not_picked":["animator:ZankiKiguchi","animator:Demiurge+1","animator:Emonzaemon+1"],"picked":"SKIP","floor":30.0}],"player_experience":1456937,"relics_obtained":[{"floor":1.0,"key":"LetterFromLob"},{"floor":7.0,"key":"Bottled Lightning"},{"floor":9.0,"key":"halation:BottledLove"},{"floor":10.0,"key":"GiantMaggot"},{"floor":11.0,"key":"Pocketwatch"},{"floor":23.0,"key":"Blue Doll"},{"floor":26.0,"key":"reliquary:Aerogel"}],"event_choices":[{"damage_healed":0.0,"max_hp_gain":0.0,"max_hp_loss":0.0,"gold_gain":0.0,"event_name":"Golden Idol","player_choice":"Take Wound","floor":2.0,"gold_loss":0.0,"damage_taken":0.0,"relics_obtained":["Golden Idol"],"cards_obtained":["Injury"]}],"is_beta":false,"boss_relics":[{"not_picked":["Honey Jar","halation:CatFaceCupcake"],"picked":"infinitespire:Cupcake"}],"items_purged_floors":[],"is_endless":false,"potions_floor_spawned":[3,7,12,21,22,30],"killed_by":"Book of Stabbing","ascension_level":1}}