{"host":"3hzk4hwwdropes3d","time":1613282902,"event":{"mods":["BaseMod","Downfall","Hermit","Minty Spire (QoL Compilation)","StSLib"],"gold_per_floor":[111,211,211,229,242,242,242,242],"floor_reached":7,"language":"ENG","playtime":297,"items_purged":[],"score":147,"play_id":"edfd3b3e-8847-478c-9ce5-4e7e148b51e9","local_time":"20210213220822","is_ascension_mode":true,"campfire_choices":[{"data":"hermit:Midnight","floor":6,"key":"SMITH"}],"circlet_count":0,"master_deck":["hermit:Strike_Hermit","hermit:Strike_Hermit","hermit:Strike_Hermit","hermit:Strike_Hermit","hermit:Defend_Hermit","hermit:Defend_Hermit","hermit:Defend_Hermit","hermit:Defend_Hermit","hermit:Snapshot","hermit:Covet+1","hermit:Quickdraw","CurseOfTheBell","CurseOfTheBell","Clumsy","hermit:RoundhouseKick","downfall:Malfunctioning","Regret","hermit:Vantage","hermit:Midnight+1"],"relics":["hermit:Momento","NeowsBlessing","downfall:ExtraCursedBell","Happy Flower","Eternal Feather","hermit:RedScarf"],"acts_visited":["Exordium"],"potions_floor_usage":[7],"damage_taken":[{"damage":0,"enemies":"Jaw Worm","floor":1,"turns":1},{"damage":0,"enemies":"2 Louse","floor":4,"turns":1},{"damage":0,"enemies":"Cultist","floor":5,"turns":1},{"damage":51,"enemies":"Gremlin Nob","floor":7,"turns":6}],"seed_played":"-7557655239446490995","potions_obtained":[{"floor":4,"key":"EssenceOfSteel"}],"is_trial":false,"path_per_floor":["M","?","?","M","M","R","E"],"character_chosen":"HERMIT","items_purchased":[],"campfire_rested":0,"item_purchase_floors":[],"current_hp_per_floor":[75,80,80,80,80,80,29,29],"gold":242,"neow_bonus":"THREE_ENEMY_KILL","is_daily":false,"chose_seed":false,"campfire_upgraded":1,"win_rate":0.0,"timestamp":1613282902,"path_taken":["M","?","?","M","M","R","E"],"items_purchased_type":[],"build_version":"2020-12-22","purchased_purges":0,"victory":false,"max_hp_per_floor":[75,80,80,80,80,80,80,80],"card_choices":[{"not_picked":["hermit:Maintenance","hermit:TakeCover"],"picked":"hermit:Quickdraw","floor":1},{"not_picked":["hermit:BigShot","hermit:CalledShot"],"picked":"hermit:Vantage","floor":4},{"not_picked":["hermit:Feint","hermit:Showdown"],"picked":"hermit:Midnight","floor":5}],"player_experience":393918,"relics_obtained":[{"floor":2,"key":"Happy Flower"},{"floor":2,"key":"Eternal Feather"},{"floor":2,"key":"hermit:RedScarf"}],"event_choices":[{"damage_healed":0,"gold_gain":0,"player_choice":"Upgraded","damage_taken":0,"max_hp_gain":0,"max_hp_loss":0,"event_name":"Upgrade Shrine","floor":3,"gold_loss":0,"cards_upgraded":["hermit:Covet"]}],"is_beta":false,"boss_relics":[],"items_purged_floors":[],"is_endless":false,"potions_floor_spawned":[1,4],"killed_by":"Gremlin Nob","ascension_level":3}}