{"host":"i8x3uekhioq8aaet","time":1613291680,"event":{"mods":["AchievementEnabler","BaseMod","Colored Map","Colored Powertips","DeckTracker","Minty Spire (QoL Compilation)","Relic Sorter","StSLib"],"gold_per_floor":[159,175,238,238,9,9,19,19,19,19,48,48,48,63,63,63,63],"floor_reached":16,"language":"ZHT","playtime":485,"items_purged":["Strike_G"],"score":110,"play_id":"8f786f88-a1a7-4229-94ee-774c7b91da68","local_time":"20210214163440","is_ascension_mode":true,"campfire_choices":[{"floor":6.0,"key":"REST"},{"data":"Backflip","floor":8.0,"key":"SMITH"},{"floor":15.0,"key":"REST"}],"circlet_count":0,"master_deck":["Strike_G","Strike_G+1","Strike_G","Strike_G","Defend_G","Defend_G","Defend_G","Defend_G","Defend_G+1","Survivor","Neutralize","Deflect","Deadly Poison","Dash+1","Backflip+1","Distraction","Skewer"],"relics":["Tiny House","Chemical X","Blood Vial","Kunai","Toxic Egg 2"],"acts_visited":["Exordium"],"potions_floor_usage":[16],"damage_taken":[{"damage":1.0,"enemies":"Small Slimes","floor":1.0,"turns":4.0},{"damage":5.0,"enemies":"Jaw Worm","floor":2.0,"turns":4.0},{"damage":0.0,"enemies":"Cultist","floor":7.0,"turns":4.0},{"damage":0.0,"enemies":"Gremlin Gang","floor":10.0,"turns":1.0},{"damage":9.0,"enemies":"Gremlin Nob","floor":11.0,"turns":4.0},{"damage":10.0,"enemies":"Large Slime","floor":14.0,"turns":10.0},{"damage":77,"enemies":"Hexaghost","floor":16,"turns":16}],"seed_played":"-6891546889974321609","potions_obtained":[{"floor":0.0,"key":"Poison Potion"},{"floor":1.0,"key":"SmokeBomb"},{"floor":2.0,"key":"GamblersBrew"}],"is_trial":false,"path_per_floor":["M","M","?","?","$","R","M","R","T","M","E","T","?","M","R","B"],"character_chosen":"THE_SILENT","items_purchased":["Chemical X"],"campfire_rested":2,"item_purchase_floors":[5],"current_hp_per_floor":[74,69,69,54,54,75,75,75,75,75,66,66,66,58,75,0,0],"gold":63,"neow_bonus":"BOSS_RELIC","is_daily":false,"chose_seed":false,"campfire_upgraded":1,"win_rate":0.0,"timestamp":1613291680,"path_taken":["M","M","?","?","$","R","M","R","T","M","E","?","?","?","R","BOSS"],"items_purchased_type":["Relic"],"build_version":"2020-12-22","purchased_purges":1,"victory":false,"max_hp_per_floor":[75,75,75,75,75,75,75,75,75,75,75,75,75,75,75,75,75],"card_choices":[{"not_picked":["Accuracy","Skewer"],"picked":"Deflect","floor":0.0},{"not_picked":["Cloak And Dagger","Tactician"],"picked":"Deadly Poison","floor":1.0},{"not_picked":["Flying Knee","PiercingWail"],"picked":"Dash","floor":2.0},{"not_picked":["Bane","Dagger Throw"],"picked":"Backflip","floor":7.0},{"not_picked":["Prepared","Choke"],"picked":"Distraction","floor":11.0},{"not_picked":["All Out Attack","Poisoned Stab"],"picked":"Skewer","floor":14.0}],"player_experience":332429,"relics_obtained":[{"floor":9.0,"key":"Blood Vial"},{"floor":11.0,"key":"Kunai"},{"floor":12.0,"key":"Toxic Egg 2"}],"event_choices":[{"damage_healed":0.0,"max_hp_gain":0.0,"max_hp_loss":0.0,"gold_gain":63.0,"event_name":"Golden Wing","player_choice":"Gained Gold","floor":3.0,"gold_loss":0.0,"damage_taken":0.0},{"damage_healed":0.0,"max_hp_gain":0.0,"max_hp_loss":0.0,"gold_gain":0.0,"event_name":"Shining Light","player_choice":"Entered Light","floor":4.0,"gold_loss":0.0,"damage_taken":15.0,"cards_upgraded":["Defend_G","Dash"]},{"damage_healed":0.0,"max_hp_gain":0.0,"max_hp_loss":0.0,"gold_gain":0.0,"event_name":"Liars Game","player_choice":"Ignored","floor":13.0,"gold_loss":0.0,"damage_taken":0.0}],"is_beta":false,"boss_relics":[],"items_purged_floors":[5],"is_endless":false,"potions_floor_spawned":[1,2],"killed_by":"Hexaghost","ascension_level":2}}