{"host":"7jl4uf745pjtflnx","time":1613310818,"event":{"mods":["BaseMod","BetterRewards","Hubris","Minty Spire (QoL Compilation)","Reliquary","Replay The Spire","StSLib","SuperFastMode","The Construct"],"gold_per_floor":[116,116,128,146,196,196,196,223,223,223,238,193,228,73,73,170,170,181,181,199,44,59,90,90,102,125,125,125],"floor_reached":27,"language":"ENG","playtime":1031,"items_purged":["Strike_R"],"score":531,"play_id":"5f66d811-062c-4058-80c0-e3fe43fa158c","local_time":"20210214085338","is_ascension_mode":true,"campfire_choices":[{"data":"Mayhem","floor":6,"key":"SMITH"},{"data":"Discovery","floor":10,"key":"SMITH"},{"data":"Inflame","floor":15,"key":"SMITH"},{"floor":24,"key":"REST"}],"circlet_count":0,"master_deck":["Strike_R","Strike_R","Strike_R","Strike_R","Defend_R+1","Defend_R","Defend_R","Defend_R","Bash","Mayhem+1","Shrug It Off","Thunderclap","Discovery+1","Flame Barrier","Whirlwind","Rage+1","Hemogenesis","Headbutt","Metallicize","Inflame+1","Wild Strike","Metallicize","Cleave","Limit Break","Armaments+1","J.A.X.","Intimidate","Bloodletting","Combust","ReplayTheSpireMod:Muscle Training+1"],"relics":["Burning Blood","White Beast Statue","Ice Cream","Magic Flower","Ancient Tea Set","Orrery","reliquary:Ember","Sling","PreservedInsect"],"acts_visited":["Exordium","TheCity"],"potions_floor_usage":[8,8,16,18,18,18,23],"damage_taken":[{"damage":0,"enemies":"2 Louse","floor":1,"turns":4},{"damage":0,"enemies":"Small Slimes","floor":3,"turns":4},{"damage":2,"enemies":"Cultist","floor":4,"turns":4},{"damage":0,"enemies":"3 Sentries","floor":8,"turns":2},{"damage":4,"enemies":"Exordium Wildlife","floor":11,"turns":5},{"damage":7,"enemies":"Looter","floor":12,"turns":5},{"damage":7,"enemies":"Lagavulin","floor":13,"turns":6},{"damage":54,"enemies":"Fading Forest","floor":16,"turns":11},{"damage":16,"enemies":"Spheric Guardian","floor":18,"turns":4},{"damage":25,"enemies":"Chosen","floor":20,"turns":6},{"damage":30,"enemies":"Centurion and Healer","floor":22,"turns":8},{"damage":43,"enemies":"Book of Stabbing","floor":23,"turns":6},{"damage":29,"enemies":"3 Cultists","floor":25,"turns":5},{"damage":37,"enemies":"Shelled Parasite and Fungi","floor":27,"turns":6}],"seed_played":"-6174057695636627997","potions_obtained":[{"floor":1,"key":"BlessingOfTheForge"},{"floor":3,"key":"Energy Potion"},{"floor":8,"key":"ElixirPotion"},{"floor":11,"key":"BlessingOfTheForge"},{"floor":12,"key":"Energy Potion"},{"floor":16,"key":"AttackPotion"},{"floor":18,"key":"LiquidBronze"},{"floor":20,"key":"PowerPotion"},{"floor":22,"key":"Flashbang"},{"floor":23,"key":"SpeedPotion"}],"is_trial":false,"path_per_floor":["M","?","M","M","?","R","?","E","T","R","M","M","E","$","R","B",null,"M","?","M","$","M","E","R","M","T","M"],"character_chosen":"IRONCLAD","items_purchased":["Mayhem","Shrug It Off","Thunderclap","Discovery","Dexterity Potion","Orrery","Sling"],"campfire_rested":1,"item_purchase_floors":[0,0,0,0,0,14,21],"current_hp_per_floor":[58,58,64,68,48,48,48,54,54,54,59,69,79,79,79,50,73,74,74,66,66,53,19,43,31,31,2,2],"gold":125,"neow_bonus":"","is_daily":false,"chose_seed":false,"campfire_upgraded":3,"win_rate":0.0,"timestamp":1613310818,"path_taken":["M","?","M","M","?","R","?","E","T","R","M","M","E","$","R","BOSS","M","?","M","$","M","E","R","M","T","M"],"items_purchased_type":["Card","Card","Card","Card","Potion","Relic","Relic"],"build_version":"2020-12-22","purchased_purges":1,"victory":false,"max_hp_per_floor":[80,80,80,80,80,80,80,80,80,80,80,80,80,80,80,80,80,80,80,80,80,80,80,80,80,80,80,80],"card_choices":[{"not_picked":["Iron Wave","Flex"],"picked":"Flame Barrier","floor":1},{"not_picked":["Wild Strike","Replay:Undeath\u0027s Touch"],"picked":"Whirlwind","floor":3},{"not_picked":["Dark Embrace","Run Through","Pommel Strike"],"picked":"SKIP","floor":4},{"not_picked":["Shrug It Off","Replay:Undeath\u0027s Touch"],"picked":"Rage","floor":5},{"not_picked":["ReplayTheSpireMod:Strike From Hell","ReplayReversal","Reckless Charge"],"picked":"SKIP","floor":8},{"not_picked":["Massacre","hubris:SharpeningStone"],"picked":"Hemogenesis","floor":11},{"not_picked":["Burning Pact","Massacre"],"picked":"Headbutt","floor":12},{"not_picked":["Feel No Pain","Flex"],"picked":"Metallicize","floor":13},{"not_picked":["Iron Wave","Rage"],"picked":"Inflame","floor":14},{"not_picked":["ReplayTheSpireMod:Strike From Hell","Second Wind"],"picked":"Wild Strike","floor":14},{"not_picked":["Sword Boomerang","Eclipse"],"picked":"Metallicize","floor":14},{"not_picked":["Sword Boomerang","Anger"],"picked":"Cleave","floor":14},{"not_picked":["hubris:StunningStrike","Corruption"],"picked":"Limit Break","floor":16},{"not_picked":["Perfected Strike","Pommel Strike+1"],"picked":"Armaments+1","floor":18},{"not_picked":["Twin Strike","Life Link+1"],"picked":"Intimidate","floor":20},{"not_picked":["Clash","Iron Wave"],"picked":"Bloodletting","floor":22},{"not_picked":["Bloodletting","Dropkick"],"picked":"Combust","floor":23},{"not_picked":["Massacre","Body Slam+1"],"picked":"ReplayTheSpireMod:Muscle Training+1","floor":25}],"player_experience":836499,"relics_obtained":[{"floor":5,"key":"White Beast Statue"},{"floor":8,"key":"Ice Cream"},{"floor":9,"key":"Magic Flower"},{"floor":13,"key":"Ancient Tea Set"},{"floor":23,"key":"PreservedInsect"}],"event_choices":[{"damage_healed":0,"gold_gain":0,"player_choice":"Upgraded","damage_taken":0,"max_hp_gain":0,"max_hp_loss":0,"event_name":"Upgrade Shrine","floor":7,"gold_loss":0,"cards_upgraded":["Rage"]},{"damage_healed":0,"gold_gain":0,"player_choice":"Obtain J.A.X.","damage_taken":0,"max_hp_gain":0,"max_hp_loss":0,"event_name":"Drug Dealer","floor":19,"gold_loss":0,"cards_obtained":["J.A.X."]}],"is_beta":false,"boss_relics":[{"not_picked":["Calling Bell","hubris:BlackHole"],"picked":"reliquary:Ember"}],"items_purged_floors":[0],"is_endless":false,"potions_floor_spawned":[1,3,8,11,12,13,16,18,20,22,23,25],"killed_by":"Shelled Parasite and Fungi","ascension_level":9}}