{"host":"3y2rtlgteqp2nuo3","time":1613301025,"event":{"mods":["2.2 Compatiblity","AchievementEnabler","BaseMod","Colored Map","DeckTracker","Highlight Path","Keyboard Shortcuts","Minty Spire (QoL Compilation)","Permanent Neow","Quick Restart","StSLib","SuperFastMode","everything is the same but u backflip on backflip"],"gold_per_floor":[111,123,84,102,122,122,141,141,187,200,200,228,242,167,167,239,239,250,150,161,36,36,36,62,62,88,88,116,130,130,130,130,209,209,221,221,233,233,251,251,59,71,71,71,293,293,328,3,3,3],"floor_reached":51,"language":"KOR","playtime":1222,"items_purged":["Strike_G","Strike_G","Strike_G","Strike_G"],"score":1290,"play_id":"d288f28a-86ca-4574-9fa3-db692121848b","local_time":"20210214201025","is_ascension_mode":true,"campfire_choices":[{"data":"Deadly Poison","floor":6.0,"key":"SMITH"},{"floor":8.0,"key":"REST"},{"floor":15.0,"key":"REST"},{"data":"Catalyst","floor":23.0,"key":"SMITH"},{"floor":25.0,"key":"REST"},{"data":"Night Terror","floor":27.0,"key":"SMITH"},{"data":"Bouncing Flask","floor":32.0,"key":"SMITH"},{"floor":40.0,"key":"REST"},{"floor":46,"key":"REST"},{"data":"Burst","floor":49,"key":"SMITH"}],"circlet_count":0,"master_deck":["AscendersBane","Defend_G","Defend_G","Defend_G","Defend_G","Defend_G","Survivor","Neutralize","Deadly Poison+1","Escape Plan","Outmaneuver","Leg Sweep","Bouncing Flask+1","Catalyst+1","Prepared","Corpse Explosion","Escape Plan","Night Terror+1","Prepared+1","Calculated Gamble+1","Reflex+1","Leg Sweep","Calculated Gamble","Parasite","Reflex","Burst+1","Unload+1"],"relics":["Ring of the Snake","Dream Catcher","Letter Opener","HoveringKite","Snake Skull","Bronze Scales","Red Mask","Runic Pyramid","Molten Egg 2","Blood Vial","Membership Card"],"acts_visited":["Exordium","TheCity","TheBeyond"],"potions_floor_usage":[50],"damage_taken":[{"damage":2.0,"enemies":"Jaw Worm","floor":1.0,"turns":4.0},{"damage":1.0,"enemies":"Small Slimes","floor":2.0,"turns":4.0},{"damage":6.0,"enemies":"Cultist","floor":4.0,"turns":5.0},{"damage":4.0,"enemies":"Blue Slaver","floor":5.0,"turns":5.0},{"damage":25.0,"enemies":"Large Slime","floor":7.0,"turns":8.0},{"damage":5.0,"enemies":"Lots of Slimes","floor":10.0,"turns":6.0},{"damage":23.0,"enemies":"Lagavulin","floor":12.0,"turns":6.0},{"damage":5.0,"enemies":"2 Fungi Beasts","floor":13.0,"turns":2.0},{"damage":9.0,"enemies":"Hexaghost","floor":16.0,"turns":8.0},{"damage":0.0,"enemies":"Spheric Guardian","floor":18.0,"turns":3.0},{"damage":9.0,"enemies":"2 Thieves","floor":20.0,"turns":2.0},{"damage":0.0,"enemies":"Shelled Parasite and Fungi","floor":22.0,"turns":1.0},{"damage":19.0,"enemies":"Book of Stabbing","floor":24.0,"turns":5.0},{"damage":0.0,"enemies":"Masked Bandits","floor":28.0,"turns":1.0},{"damage":0.0,"enemies":"3 Cultists","floor":29.0,"turns":2.0},{"damage":51.0,"enemies":"Champ","floor":33.0,"turns":11.0},{"damage":1.0,"enemies":"3 Shapes","floor":35.0,"turns":3.0},{"damage":4.0,"enemies":"Orb Walker","floor":37.0,"turns":2.0},{"damage":7.0,"enemies":"Transient","floor":39.0,"turns":6.0},{"damage":18,"enemies":"Writhing Mass","floor":42,"turns":4},{"damage":9,"enemies":"Giant Head","floor":47,"turns":5},{"damage":30,"enemies":"Donu and Deca","floor":50,"turns":3}],"seed_played":"7776896417215553016","potions_obtained":[{"floor":1.0,"key":"SmokeBomb"},{"floor":4.0,"key":"PowerPotion"},{"floor":16.0,"key":"Fire Potion"},{"floor":24.0,"key":"Regen Potion"},{"floor":28.0,"key":"EssenceOfSteel"},{"floor":33.0,"key":"Poison Potion"},{"floor":37.0,"key":"SmokeBomb"}],"is_trial":false,"path_per_floor":["M","M","?","M","M","R","M","R","T","M","?","E","M","$","R","B",null,"M","$","M","$","M","R","E","R","T","R","?","M","?","?","R","B",null,"M","?","M","?","M","R","$","M","T","$","?","R","E","$","R","B",null],"character_chosen":"THE_SILENT","items_purchased":["Calculated Gamble","Membership Card","Burst","Unload+1"],"campfire_rested":5,"item_purchase_floors":[41,48,48,48],"current_hp_per_floor":[57,56,56,50,46,46,21,40,40,35,35,12,7,7,26,17,54,54,54,45,45,45,45,26,45,45,45,45,45,58,58,58,7,51,50,50,46,46,39,57,57,39,39,39,39,57,48,48,48,20],"gold":3,"neow_bonus":"THREE_CARDS","is_daily":false,"chose_seed":false,"campfire_upgraded":5,"win_rate":0.0,"timestamp":1613301025,"path_taken":["M","M","?","M","M","R","M","R","T","M","?","E","?","$","R","BOSS","M","$","M","$","M","R","E","R","T","R","?","M","?","?","R","BOSS","M","?","?","?","M","R","$","M","T","$","?","R","E","$","R","BOSS"],"items_purchased_type":["Card","Relic","Card","Card"],"build_version":"2020-12-22","purchased_purges":4,"victory":true,"max_hp_per_floor":[66,66,66,66,66,66,66,66,66,66,66,66,66,66,66,66,66,66,66,66,66,66,66,66,66,66,66,66,66,66,66,66,66,66,66,66,66,63,63,63,63,63,63,63,63,63,63,63,63,63],"card_choices":[{"not_picked":["Concentrate","Dodge and Roll"],"picked":"Deadly Poison","floor":0.0},{"not_picked":["Eviscerate","Flying Knee"],"picked":"Escape Plan","floor":1.0},{"not_picked":["Flechettes","Backstab","Sucker Punch"],"picked":"SKIP","floor":2.0},{"not_picked":["Dagger Throw","Cloak And Dagger"],"picked":"Outmaneuver","floor":4.0},{"not_picked":["Quick Slash","Riddle With Holes"],"picked":"Leg Sweep","floor":5.0},{"not_picked":["Dash","Cloak And Dagger"],"picked":"Bouncing Flask","floor":7.0},{"not_picked":["Riddle With Holes","Endless Agony"],"picked":"Catalyst","floor":10.0},{"not_picked":["Dagger Throw","Glass Knife"],"picked":"Escape Plan","floor":12.0},{"not_picked":["Eviscerate","Blade Dance","Sucker Punch"],"picked":"SKIP","floor":13.0},{"not_picked":["A Thousand Cuts","Storm of Steel"],"picked":"Night Terror","floor":16.0},{"not_picked":["Poisoned Stab","Backstab"],"picked":"Prepared+1","floor":18.0},{"not_picked":["PiercingWail","Flying Knee"],"picked":"Calculated Gamble+1","floor":20.0},{"not_picked":["Terror","Poisoned Stab","Distraction"],"picked":"SKIP","floor":24.0},{"not_picked":["Deadly Poison","Flechettes"],"picked":"Reflex+1","floor":25.0},{"not_picked":["Endless Agony","Setup"],"picked":"Leg Sweep","floor":28.0},{"not_picked":["Terror","Unload","Dagger Throw"],"picked":"SKIP","floor":29.0},{"not_picked":["Slice","Dagger Throw","Cloak And Dagger+1"],"picked":"SKIP","floor":35.0},{"not_picked":["Predator","Outmaneuver","All Out Attack"],"picked":"SKIP","floor":37.0},{"not_picked":["Dodge and Roll+1","Noxious Fumes","Riddle With Holes"],"picked":"SKIP","floor":39.0},{"not_picked":["Deflect","Choke","Underhanded Strike"],"picked":"SKIP","floor":42},{"not_picked":["Deadly Poison","Dagger Spray+1"],"picked":"Reflex","floor":46},{"not_picked":["Riddle With Holes+1","Deadly Poison","Cloak And Dagger"],"picked":"SKIP","floor":47}],"player_experience":786043,"relics_obtained":[{"floor":9.0,"key":"Dream Catcher"},{"floor":12.0,"key":"Letter Opener"},{"floor":24.0,"key":"Snake Skull"},{"floor":26.0,"key":"Bronze Scales"},{"floor":28.0,"key":"Red Mask"},{"floor":43,"key":"Molten Egg 2"},{"floor":47,"key":"Blood Vial"}],"event_choices":[{"damage_healed":0.0,"max_hp_gain":0.0,"max_hp_loss":0.0,"gold_gain":0.0,"event_name":"World of Goop","player_choice":"Left Gold","floor":3.0,"gold_loss":39.0,"damage_taken":0.0},{"damage_healed":0.0,"max_hp_gain":0.0,"max_hp_loss":0.0,"gold_gain":0.0,"event_name":"Match and Keep!","player_choice":"2 cards matched","floor":11.0,"gold_loss":0.0,"damage_taken":0.0,"cards_obtained":["Prepared","Corpse Explosion"]},{"damage_healed":0.0,"max_hp_gain":0.0,"max_hp_loss":0.0,"gold_gain":0.0,"event_name":"Masked Bandits","player_choice":"Fought Bandits","floor":28.0,"gold_loss":0.0,"damage_taken":0.0},{"damage_healed":13.0,"max_hp_gain":0.0,"max_hp_loss":0.0,"gold_gain":0.0,"event_name":"The Library","player_choice":"Heal","floor":30.0,"gold_loss":0.0,"damage_taken":0.0},{"damage_healed":0.0,"max_hp_gain":0.0,"max_hp_loss":0.0,"gold_gain":0.0,"event_name":"Ghosts","player_choice":"Ignored","floor":31.0,"gold_loss":0.0,"damage_taken":0.0},{"cards_removed":["Strike_G"],"damage_healed":0.0,"max_hp_gain":0.0,"max_hp_loss":0.0,"gold_gain":0.0,"event_name":"Bonfire Elementals","player_choice":"Offered Basic","floor":36.0,"gold_loss":0.0,"damage_taken":0.0},{"damage_healed":0.0,"max_hp_gain":0.0,"max_hp_loss":3.0,"gold_gain":0.0,"event_name":"Winding Halls","player_choice":"Max HP","floor":38.0,"gold_loss":0.0,"damage_taken":0.0},{"damage_healed":0,"gold_gain":222,"player_choice":"Wore Mask","damage_taken":0,"max_hp_gain":0,"max_hp_loss":0,"event_name":"Tomb of Lord Red Mask","floor":45,"gold_loss":0}],"is_beta":false,"boss_relics":[{"not_picked":["Sozu","WristBlade"],"picked":"HoveringKite"},{"not_picked":["Tiny House","SacredBark"],"picked":"Runic Pyramid"}],"items_purged_floors":[14,19,21,41],"is_endless":false,"potions_floor_spawned":[1,4,7,10,16,18,24,28,29,33,37,39],"ascension_level":17}}