{"host":"d0btaf6p0msba79e","time":1613309536,"event":{"mods":["BaseMod","BetterRewards","Minty Spire (QoL Compilation)"],"gold_per_floor":[111,61,74,90,90,90,104,139,193,193,44,44,44,64,64,164,164,181,181,154,154,173,173,187,220,220,220,239,239,254,40,40,136,136,152,152,152,165,182,182,57,71,153,153,188,188,216,216,216],"floor_reached":48,"language":"ENG","playtime":3478,"items_purged":["Defend_P","Regret","Eruption"],"score":719,"play_id":"b04c3b30-f72d-4215-a751-430ea3b693b9","local_time":"20210215003216","is_ascension_mode":true,"campfire_choices":[{"data":"Perseverance","floor":6,"key":"SMITH"},{"floor":10,"key":"REST"},{"floor":13,"key":"REST"},{"floor":15,"key":"REST"},{"floor":23,"key":"REST"},{"floor":29,"key":"REST"},{"floor":32,"key":"REST"},{"floor":40,"key":"REST"},{"floor":44,"key":"REST"}],"circlet_count":0,"master_deck":["Defend_P","Defend_P","Defend_P","Vigilance","EmptyBody","Perseverance+1","PathToVictory","PathToVictory","Prostrate","Alpha+1","SandsOfTime","DeceiveReality+1","DevaForm","Apotheosis","TalkToTheHand","ConjureBlade","Evaluate+1","LikeWater","EmptyBody+1","Prostrate+1"],"relics":["HolyWater","Shuriken","Yang","Orichalcum","Akabeko","Question Card","Pear","Empty Cage","Toxic Egg 2","Damaru"],"acts_visited":["Exordium","TheCity","TheBeyond"],"potions_floor_usage":[7,16,16,20,20,22,25,28,30,33,39,48],"damage_taken":[{"damage":3,"enemies":"Small Slimes","floor":1,"turns":5},{"damage":1,"enemies":"2 Louse","floor":3,"turns":3},{"damage":1,"enemies":"Cultist","floor":4,"turns":4},{"damage":4,"enemies":"2 Fungi Beasts","floor":7,"turns":4},{"damage":41,"enemies":"3 Sentries","floor":8,"turns":13},{"damage":11,"enemies":"Exordium Thugs","floor":14,"turns":6},{"damage":24,"enemies":"Slime Boss","floor":16,"turns":15},{"damage":32,"enemies":"Spheric Guardian","floor":18,"turns":6},{"damage":21,"enemies":"2 Thieves","floor":20,"turns":5},{"damage":13,"enemies":"3 Cultists","floor":22,"turns":4},{"damage":15,"enemies":"Shelled Parasite and Fungi","floor":24,"turns":6},{"damage":20,"enemies":"Gremlin Leader","floor":25,"turns":5},{"damage":17,"enemies":"Snake Plant","floor":28,"turns":4},{"damage":21,"enemies":"Sentry and Sphere","floor":30,"turns":8},{"damage":14,"enemies":"Collector","floor":33,"turns":6},{"damage":30,"enemies":"3 Shapes","floor":35,"turns":5},{"damage":16,"enemies":"3 Darklings","floor":38,"turns":5},{"damage":4,"enemies":"Writhing Mass","floor":39,"turns":6},{"damage":43,"enemies":"4 Shapes","floor":42,"turns":5},{"damage":17,"enemies":"Giant Head","floor":45,"turns":9},{"damage":61,"enemies":"Nemesis","floor":47,"turns":7},{"damage":17,"enemies":"Maw","floor":48,"turns":5}],"seed_played":"-2803610738638145185","potions_obtained":[{"floor":3,"key":"Regen Potion"},{"floor":8,"key":"Explosive Potion"},{"floor":16,"key":"PowerPotion"},{"floor":20,"key":"EntropicBrew"},{"floor":22,"key":"SneckoOil"},{"floor":25,"key":"Dexterity Potion"},{"floor":28,"key":"AttackPotion"},{"floor":30,"key":"Dexterity Potion"},{"floor":38,"key":"Block Potion"},{"floor":45,"key":"PowerPotion"}],"is_trial":false,"path_per_floor":["M","?","M","M","?","R","M","E","T","R","$","?","R","M","R","B",null,"M","?","M","?","M","R","M","E","T","?","M","R","M","$","R","B",null,"M","?","?","M","M","R","$","M","T","R","E","?","E","M"],"character_chosen":"WATCHER","items_purchased":["Shuriken","EmptyBody","Perseverance","Dexterity Potion","Apotheosis","TalkToTheHand"],"campfire_rested":8,"item_purchase_floors":[0,0,0,11,31,31],"current_hp_per_floor":[55,55,54,53,53,53,58,17,17,38,38,31,52,41,62,38,72,40,27,6,6,23,46,31,11,21,21,4,30,9,9,35,21,87,57,57,57,41,37,63,63,20,20,46,29,76,15,0,0],"gold":216,"neow_bonus":"","is_daily":false,"chose_seed":false,"campfire_upgraded":1,"win_rate":0.0,"timestamp":1613309536,"path_taken":["M","?","M","M","?","R","M","E","T","R","$","?","R","M","R","BOSS","M","?","M","?","M","R","M","E","T","?","M","R","M","$","R","BOSS","M","?","?","M","M","R","$","?","T","R","E","?","E","M"],"items_purchased_type":["Relic","Card","Card","Potion","Card","Card"],"build_version":"2020-12-22","purchased_purges":3,"victory":false,"max_hp_per_floor":[72,72,72,72,72,72,72,72,72,72,72,72,72,72,72,72,72,72,77,77,77,77,77,77,77,87,87,87,87,87,87,87,87,87,87,87,87,87,87,87,87,87,87,87,87,76,76,76,76],"card_choices":[{"not_picked":["WreathOfFlame","Protect","Meditate"],"picked":"SKIP","floor":1},{"not_picked":["FlurryOfBlows","FollowUp"],"picked":"PathToVictory","floor":3},{"not_picked":["Adaptation","JustLucky"],"picked":"PathToVictory","floor":4},{"not_picked":["JustLucky","FlyingSleeves","Crescendo"],"picked":"SKIP","floor":7},{"not_picked":["SignatureMove","CrushJoints","Protect"],"picked":"SKIP","floor":8},{"not_picked":["InnerPeace","EmptyBody"],"picked":"Prostrate","floor":14},{"not_picked":["Vault","Ragnarok"],"picked":"Alpha","floor":16},{"not_picked":["ClearTheMind","Worship","CutThroughFate"],"picked":"SKIP","floor":18},{"not_picked":["JustLucky","EmptyFist"],"picked":"SandsOfTime","floor":20},{"not_picked":["SignatureMove","Consecrate","EmptyMind"],"picked":"SKIP","floor":22},{"not_picked":["Wireheading","SashWhip","FearNoEvil"],"picked":"SKIP","floor":24},{"not_picked":["FlurryOfBlows+1","JustLucky+1"],"picked":"DeceiveReality+1","floor":25},{"not_picked":["ClearTheMind","FollowUp","Wireheading"],"picked":"DevaForm","floor":28},{"not_picked":["WreathOfFlame","PathToVictory","EmptyFist","CrushJoints"],"picked":"SKIP","floor":30},{"not_picked":["DevaForm","MasterReality","Scrawl"],"picked":"ConjureBlade","floor":33},{"not_picked":["ThirdEye","SashWhip","FlyingSleeves"],"picked":"Evaluate+1","floor":35},{"not_picked":["FlyingSleeves","TalkToTheHand+1","Protect"],"picked":"LikeWater","floor":38},{"not_picked":["Nirvana","BowlingBash","CrushJoints"],"picked":"EmptyBody+1","floor":39},{"not_picked":["Pray+1","Alpha","FlurryOfBlows+1","Swivel+1"],"picked":"SKIP","floor":42},{"not_picked":["ClearTheMind+1","Swivel+1","MentalFortress+1","Consecrate"],"picked":"SKIP","floor":45},{"not_picked":["ClearTheMind+1","Swivel+1","MentalFortress+1","Consecrate"],"picked":"SKIP","floor":45},{"not_picked":["Worship+1","SashWhip+1","ConjureBlade+1"],"picked":"Prostrate+1","floor":47}],"player_experience":999381,"relics_obtained":[{"floor":8,"key":"Orichalcum"},{"floor":9,"key":"Akabeko"},{"floor":25,"key":"Question Card"},{"floor":26,"key":"Pear"},{"floor":45,"key":"Toxic Egg 2"},{"floor":47,"key":"Damaru"}],"event_choices":[{"cards_removed":["Strike_P"],"damage_healed":0,"gold_gain":0,"player_choice":"Card Removal","damage_taken":0,"max_hp_gain":0,"max_hp_loss":0,"event_name":"The Cleric","floor":2,"gold_loss":50},{"damage_healed":0,"gold_gain":0,"player_choice":"Box","damage_taken":0,"relics_obtained":["Yang"],"max_hp_gain":0,"max_hp_loss":0,"event_name":"Big Fish","floor":5,"gold_loss":0,"cards_obtained":["Regret"]},{"cards_removed":["Strike_P"],"damage_healed":0,"gold_gain":0,"player_choice":"Card Removal","damage_taken":7,"max_hp_gain":0,"max_hp_loss":0,"event_name":"Golden Wing","floor":12,"gold_loss":0},{"damage_healed":0,"gold_gain":0,"player_choice":"Shed Blood","damage_taken":18,"max_hp_gain":5,"max_hp_loss":0,"event_name":"Forgotten Altar","floor":19,"gold_loss":0},{"damage_healed":0,"gold_gain":0,"player_choice":"Ignored","damage_taken":0,"max_hp_gain":0,"max_hp_loss":0,"event_name":"Cursed Tome","floor":21,"gold_loss":0},{"damage_healed":0,"gold_gain":0,"player_choice":"Upgraded","damage_taken":0,"max_hp_gain":0,"max_hp_loss":0,"event_name":"Upgrade Shrine","floor":27,"gold_loss":0,"cards_upgraded":["Alpha"]},{"damage_healed":0,"gold_gain":0,"player_choice":"Ignored","damage_taken":0,"max_hp_gain":0,"max_hp_loss":0,"event_name":"Mysterious Sphere","floor":36,"gold_loss":0},{"damage_healed":0,"gold_gain":0,"player_choice":"Ignored","damage_taken":0,"max_hp_gain":0,"max_hp_loss":0,"event_name":"Tomb of Lord Red Mask","floor":37,"gold_loss":0},{"damage_healed":76,"gold_gain":0,"player_choice":"Heal","damage_taken":0,"max_hp_gain":0,"max_hp_loss":11,"event_name":"The Moai Head","floor":46,"gold_loss":0}],"is_beta":false,"boss_relics":[{"not_picked":["Calling Bell","Cursed Key"],"picked":"HolyWater"},{"not_picked":["VioletLotus","Philosopher\u0027s Stone"],"picked":"Empty Cage"}],"items_purged_floors":[0,11,41],"is_endless":false,"potions_floor_spawned":[3,8,16,20,22,25,28,30,38,45],"killed_by":"Maw","ascension_level":1}}