{"host":"4wa3ho6pk3pud1fu","time":1613266525,"event":{"mods":["BaseMod","BetterRewards","Colored Map","Colored Powertips","Ekko","Infinite Spire","Minty Spire (QoL Compilation)","Nova Terra(??·??)","Prisma Mod","Replay The Spire","Shop Mod","StSLib","The Alterego","The Runesmith","The Servant 0.9.4","TheSurvivalist","Waifu the Spire","Yuri Mod"],"gold_per_floor":[118,137,149,109,129,158,3,37,63,63,63,63,101,101,101,213,213,240,240,240,264,264,264,278,278],"floor_reached":24,"language":"ENG","playtime":1447,"items_purged":[],"score":275,"play_id":"5b6580d1-55fa-4c2d-ab83-ff2d731444f3","local_time":"20210213193525","is_ascension_mode":true,"campfire_choices":[{"floor":10,"key":"REST"},{"floor":15,"key":"REST"},{"floor":23,"key":"REST"}],"circlet_count":0,"master_deck":["yuri:yuriStrike","yuri:yuriStrike","yuri:yuriStrike","yuri:yuriStrike","yuri:yuriStrike","yuri:yuriDefend","yuri:yuriDefend","yuri:yuriDefend","yuri:yuriDefend","yuri:Oolong","yuri:yuriStab","yuri:BookPurple","yuri:SeeingDouble","yuri:BookGreen","yuri:yuriQuickStrike","yuri:yuriHeavyStrike","yuri:GrowingInsanity","yuri:DebugCard","yuri:HeavierStrike","yuri:InduceGlitch","yuri:DebugCard","yuri:CalmingAura","yuri:MPose","yuri:Suicide","Exchange","yuri:Virus","Replay:Parry","infinitespire:Execution","yuri:WickedSlash","yuri:BookBlue","infinitespire:Starlight","yuri:BookRed"],"relics":["yuri:yuriKnife","Juzu Bracelet","Omamori","Replay:Bandana","Replay:Baseball","Smiling Mask","Nunchaku","ReplayTheSpireMod:SealedPack","Black Star","Shovel","Garlic"],"acts_visited":["Exordium","TheCity"],"potions_floor_usage":[16,21,24],"damage_taken":[{"damage":2,"enemies":"Jaw Worm","floor":1,"turns":3},{"damage":1,"enemies":"Cultist","floor":2,"turns":3},{"damage":6,"enemies":"Small Slimes","floor":3,"turns":4},{"damage":20,"enemies":"Exordium Wildlife","floor":5,"turns":6},{"damage":29,"enemies":"3 Sentries","floor":6,"turns":7},{"damage":17,"enemies":"Replay:BlueRogue","floor":8,"turns":4},{"damage":35,"enemies":"Lagavulin","floor":13,"turns":6},{"damage":24,"enemies":"Hexaghost","floor":16,"turns":7},{"damage":31,"enemies":"Chosen","floor":18,"turns":7},{"damage":47,"enemies":"Shell Parasite","floor":21,"turns":6},{"damage":54,"enemies":"Gremlin Leader","floor":24,"turns":5}],"seed_played":"3925582678035702998","potions_obtained":[{"floor":4,"key":"Milkshake"},{"floor":4,"key":"infinitespire:BlackPotion"},{"floor":4,"key":"LiquidMemories"},{"floor":13,"key":"Venom Potion"},{"floor":18,"key":"DistilledChaos"},{"floor":21,"key":"SpeedPotion"}],"is_trial":false,"path_per_floor":["M","M","M","?","M","E","$","E","T","R","?","?","E","?","R","B",null,"M","?","AVR","M","?","R","E"],"character_chosen":"YURI","items_purchased":["Omamori"],"campfire_rested":3,"item_purchase_floors":[7],"current_hp_per_floor":[80,79,75,75,59,34,34,21,21,45,38,38,7,7,31,11,80,53,53,53,20,20,44,0,0],"gold":278,"neow_bonus":"RANDOM_EVENT","is_daily":false,"chose_seed":false,"campfire_upgraded":0,"win_rate":0.0,"timestamp":1613266525,"path_taken":["M","M","M","?","M","E","?","E","T","R","?","?","E","?","R","BOSS","M","?","AVR","M","?","R","E"],"items_purchased_type":["Relic"],"build_version":"2020-12-22","purchased_purges":0,"victory":false,"max_hp_per_floor":[80,80,80,80,80,80,80,80,80,80,80,80,80,80,80,80,80,80,80,80,80,80,80,80,80],"card_choices":[{"not_picked":["yuri:DejaVu","yuri:SeeingDouble"],"picked":"yuri:BookPurple","floor":1},{"not_picked":["yuri:StealPen","yuri:yuriHeavyStrike"],"picked":"yuri:SeeingDouble","floor":2},{"not_picked":["yuri:AdaptiveAI","yuri:Skip"],"picked":"yuri:BookGreen","floor":3},{"not_picked":["yuri:Spin","yuri:SeeingDouble"],"picked":"yuri:yuriQuickStrike","floor":5},{"not_picked":["yuri:UnstableStrike","yuri:RemoveSafetyChecks"],"picked":"yuri:yuriHeavyStrike","floor":6},{"not_picked":["yuri:ReactiveMadness","yuri:DebugCard"],"picked":"yuri:GrowingInsanity","floor":8},{"not_picked":["yuri:CorruptHitbox","yuri:ThrowBook"],"picked":"yuri:MPose","floor":13},{"not_picked":["yuri:DragonForm","yuri:ConsumeGlitch"],"picked":"yuri:Suicide","floor":16},{"not_picked":["Eruption","alterego_mod:BrynhildrsRune"],"picked":"Exchange","floor":17},{"not_picked":["yuri:MirrorInsanity","yuri:DistillInsanity"],"picked":"yuri:Virus","floor":17},{"not_picked":["Enlightenment","Dramatic Entrance"],"picked":"Replay:Parry","floor":17},{"not_picked":["ReplayTheSpireMod:Haul","ReplayTheSpireMod:Black Plague"],"picked":"infinitespire:Execution","floor":17},{"not_picked":["yuri:GlitchRemove","yuri:DejaVu"],"picked":"yuri:WickedSlash","floor":18},{"not_picked":["yuri:yuriHeavyStrike+1","yuri:DebugCard+1"],"picked":"yuri:BookRed","floor":21}],"player_experience":97792,"relics_obtained":[{"floor":6,"key":"Juzu Bracelet"},{"floor":8,"key":"Replay:Bandana"},{"floor":9,"key":"Replay:Baseball"},{"floor":13,"key":"Nunchaku"}],"event_choices":[{"damage_healed":0,"gold_gain":0,"player_choice":"Bought 3 Potions","damage_taken":0,"max_hp_gain":0,"max_hp_loss":0,"event_name":"The Woman in Blue","floor":4,"gold_loss":0},{"damage_healed":0,"gold_gain":0,"player_choice":"Success","damage_taken":7,"relics_obtained":["Smiling Mask"],"max_hp_gain":0,"max_hp_loss":0,"event_name":"Scrap Ooze","floor":11,"gold_loss":0},{"damage_healed":0,"gold_gain":0,"player_choice":"Cursed","damage_taken":0,"max_hp_gain":0,"max_hp_loss":0,"event_name":"Wheel of Change","floor":14,"gold_loss":0,"cards_obtained":["Decay"]},{"damage_healed":0,"gold_gain":0,"player_choice":"Read","damage_taken":0,"max_hp_gain":0,"max_hp_loss":0,"event_name":"The Library","floor":19,"gold_loss":0,"cards_obtained":["yuri:BookBlue"]},{"damage_healed":0,"gold_gain":0,"player_choice":"Opened","damage_taken":0,"relics_obtained":["Garlic"],"max_hp_gain":0,"max_hp_loss":0,"event_name":"The Mausoleum","floor":22,"gold_loss":0}],"is_beta":false,"boss_relics":[{"not_picked":["yuri:BookOfBooks","yuri:PortraitOfMarkov"],"picked":"ReplayTheSpireMod:SealedPack"}],"items_purged_floors":[],"is_endless":false,"potions_floor_spawned":[5,6,13,18,21],"killed_by":"Gremlin Leader","ascension_level":1}}