{"host":"isy2gwbfe91wqj1j","time":1613346008,"event":{"mods":["AchievementEnabler","BaseMod","Better Altar","Better Match","Better Note","Better Sensory Stone","Better Skull","Better Third Choice","BetterRewards","Minty Spire (QoL Compilation)","StSLib"],"gold_per_floor":[115,130,85,102,102,129,129,129,210,210,225,243,243,260,260,361,361,378,378,392,20,40,40,57,0,0,13,13,13,13,26,26,124,124,141,141,151,167,15,30,30,30],"floor_reached":41,"language":"ENG","playtime":1919,"items_purged":["Strike_B","Strike_B","Strike_B"],"score":584,"play_id":"28bc9f7f-3e26-4a90-8f01-463ad98189aa","local_time":"20210214164008","is_ascension_mode":true,"campfire_choices":[{"data":"Defragment","floor":7,"key":"SMITH"},{"data":"White Noise","floor":15,"key":"SMITH"},{"data":"Echo Form","floor":30,"key":"SMITH"},{"data":"Cold Snap","floor":32,"key":"SMITH"}],"circlet_count":0,"master_deck":["Strike_B","Defend_B","Defend_B","Defend_B","Defend_B","Zap","Dualcast","Defragment+1","Cold Snap+1","White Noise+1","Cold Snap","Chill","Echo Form+1","Glacier+1","Defragment+1","Creative AI+1","Cold Snap","Parasite"],"relics":["Cracked Core","Du-Vu Doll","betterAltar:BloodRelic","Bag of Preparation","Singing Bowl","Sozu","MutagenicStrength","Frozen Egg 2","White Beast Statue","Cursed Key","Bronze Scales"],"acts_visited":["Exordium","TheCity","TheBeyond"],"potions_floor_usage":[],"damage_taken":[{"damage":1,"enemies":"Small Slimes","floor":1,"turns":3},{"damage":0,"enemies":"2 Louse","floor":2,"turns":3},{"damage":4,"enemies":"Jaw Worm","floor":4,"turns":3},{"damage":12,"enemies":"Lagavulin","floor":6,"turns":7},{"damage":0,"enemies":"Large Slime","floor":11,"turns":5},{"damage":7,"enemies":"Looter","floor":12,"turns":3},{"damage":0,"enemies":"2 Fungi Beasts","floor":14,"turns":4},{"damage":13,"enemies":"Slime Boss","floor":16,"turns":7},{"damage":0,"enemies":"Chosen","floor":18,"turns":6},{"damage":10,"enemies":"2 Thieves","floor":20,"turns":5},{"damage":0,"enemies":"Snake Plant","floor":22,"turns":5},{"damage":0,"enemies":"Snecko","floor":24,"turns":6},{"damage":2,"enemies":"Sentry and Sphere","floor":27,"turns":11},{"damage":0,"enemies":"Centurion and Healer","floor":31,"turns":10},{"damage":0,"enemies":"Automaton","floor":33,"turns":14},{"damage":5,"enemies":"Orb Walker","floor":35,"turns":5},{"damage":28,"enemies":"3 Shapes","floor":37,"turns":7},{"damage":6,"enemies":"Jaw Worm Horde","floor":38,"turns":9},{"damage":45,"enemies":"Writhing Mass","floor":40,"turns":8},{"damage":38,"enemies":"Reptomancer","floor":41,"turns":4}],"seed_played":"1419895953465989388","potions_obtained":[{"floor":4,"key":"Energy Potion"},{"floor":6,"key":"CultistPotion"},{"floor":11,"key":"PotionOfCapacity"}],"is_trial":false,"path_per_floor":["M","M","$","M","?","E","R","?","T","?","M","M","?","M","R","B",null,"M","?","M","$","M","?","M","?","T","M","?","?","R","M","R","B",null,"M","$","M","M","$","M","E"],"character_chosen":"DEFECT","items_purchased":["Defragment","Cold Snap","Blood Vial","White Noise","FocusPotion","Cold Snap","Frozen Egg 2","Bronze Scales"],"campfire_rested":0,"item_purchase_floors":[0,0,0,0,0,3,21,39],"current_hp_per_floor":[74,75,75,71,71,61,61,61,61,61,65,62,62,66,66,55,75,79,79,71,71,75,75,79,79,79,81,81,77,77,83,83,87,90,86,86,65,66,66,28,0,0],"gold":30,"neow_bonus":"","is_daily":false,"chose_seed":false,"campfire_upgraded":4,"win_rate":0.0,"timestamp":1613346008,"path_taken":["M","M","$","M","?","E","R","?","T","?","?","M","?","M","R","BOSS","M","?","M","$","M","?","M","?","T","M","?","?","R","?","R","BOSS","M","$","M","M","$","M","E"],"items_purchased_type":["Card","Card","Relic","Card","Potion","Card","Relic","Relic"],"build_version":"2020-12-22","purchased_purges":3,"victory":false,"max_hp_per_floor":[75,75,75,75,75,75,75,75,75,75,77,79,79,81,81,81,81,83,83,83,83,85,85,87,87,87,89,89,89,89,91,91,91,91,91,91,93,95,95,97,97,97],"card_choices":[{"not_picked":["Beam Cell","Conserve Battery","Steam"],"picked":"SKIP","floor":1},{"not_picked":["Hologram","Redo","Go for the Eyes"],"picked":"SKIP","floor":2},{"not_picked":["Consume","Go for the Eyes","Redo"],"picked":"SKIP","floor":4},{"not_picked":["Barrage","Chaos"],"picked":"Chill","floor":6},{"not_picked":["Steam","Turbo","Beam Cell"],"picked":"Singing Bowl","floor":11},{"not_picked":["Reboot","Beam Cell","Rebound"],"picked":"Singing Bowl","floor":12},{"not_picked":["Loop","Rip and Tear","Conserve Battery"],"picked":"Singing Bowl","floor":14},{"not_picked":["Rainbow","Hyperbeam"],"picked":"Echo Form","floor":16},{"not_picked":["Barrage","Beam Cell","Double Energy+1"],"picked":"Singing Bowl","floor":18},{"not_picked":["Stack","Static Discharge+1"],"picked":"Glacier+1","floor":20},{"not_picked":["Conserve Battery+1","Redo","Sweeping Beam"],"picked":"Singing Bowl","floor":22},{"not_picked":["Conserve Battery","Steam","Streamline"],"picked":"Singing Bowl","floor":24},{"not_picked":["Barrage+1","Loop+1","Sweeping Beam+1"],"picked":"Singing Bowl","floor":27},{"not_picked":["Steam Power+1","Glacier+1","Sweeping Beam"],"picked":"Singing Bowl","floor":31},{"not_picked":["Seek","Fission"],"picked":"Creative AI+1","floor":33},{"not_picked":["White Noise+1","Storm+1"],"picked":"Cold Snap","floor":35},{"not_picked":["Turbo","Leap+1","Compile Driver+1"],"picked":"Singing Bowl","floor":37},{"not_picked":["Fusion","Scrape","Streamline"],"picked":"Singing Bowl","floor":38},{"not_picked":["Reinforced Body+1","Go for the Eyes+1","Barrage+1"],"picked":"Singing Bowl","floor":40}],"player_experience":194054,"relics_obtained":[{"floor":6,"key":"Bag of Preparation"},{"floor":9,"key":"Singing Bowl"},{"floor":26,"key":"White Beast Statue"}],"event_choices":[{"damage_healed":71,"gold_gain":0,"player_choice":"Leave","damage_taken":0,"max_hp_gain":0,"max_hp_loss":75,"event_name":"betterThird:BetterShining","floor":5,"gold_loss":0},{"damage_healed":0,"gold_gain":0,"player_choice":"Searched \u00271\u0027 times","damage_taken":0,"max_hp_gain":0,"max_hp_loss":0,"event_name":"Dead Adventurer","floor":8,"gold_loss":0},{"damage_healed":0,"gold_gain":0,"player_choice":"Ignored","damage_taken":0,"max_hp_gain":0,"max_hp_loss":0,"event_name":"Golden Idol","floor":10,"gold_loss":0},{"damage_healed":0,"gold_gain":0,"player_choice":"Ignored","damage_taken":243,"max_hp_gain":0,"max_hp_loss":0,"event_name":"betterThird:BetterSerpent","floor":13,"gold_loss":0},{"damage_healed":0,"gold_gain":0,"player_choice":"Inject Mutagens","damage_taken":0,"relics_obtained":["MutagenicStrength"],"max_hp_gain":0,"max_hp_loss":0,"event_name":"Drug Dealer","floor":19,"gold_loss":0},{"damage_healed":0,"gold_gain":0,"player_choice":"Ignored","damage_taken":0,"max_hp_gain":0,"max_hp_loss":0,"event_name":"Vampires","floor":23,"gold_loss":0},{"damage_healed":0,"gold_gain":0,"player_choice":"Paid Fearfully","damage_taken":0,"max_hp_gain":0,"max_hp_loss":0,"event_name":"Masked Bandits","floor":25,"gold_loss":57},{"damage_healed":0,"gold_gain":0,"player_choice":"Read","damage_taken":0,"max_hp_gain":0,"max_hp_loss":0,"event_name":"The Library","floor":28,"gold_loss":0,"cards_obtained":["Defragment"]},{"damage_healed":0,"gold_gain":0,"player_choice":" RottenVial ","damage_taken":4,"relics_obtained":["betterAltar:BloodRelic"],"max_hp_gain":81,"max_hp_loss":77,"event_name":"betterAltar:BetterAltar","floor":29,"potions_obtained":[],"relics_lost":["Blood Vial"],"gold_loss":0}],"is_beta":false,"boss_relics":[{"not_picked":["Ectoplasm","Astrolabe"],"picked":"Sozu"},{"not_picked":["Snecko Eye","Philosopher\u0027s Stone"],"picked":"Cursed Key"}],"items_purged_floors":[0,0,21],"is_endless":false,"potions_floor_spawned":[4,6,11,12,16,20,22,27,31,33,35,37,38,40],"killed_by":"Reptomancer","ascension_level":5}}