{"host":"0mhttqdumuceah7q","time":1613313566,"event":{"mods":["AchievementEnabler","BaseMod","Colored Map","DeckTracker","Minty Spire (QoL Compilation)","Permanent Neow"],"gold_per_floor":[15,33,49,68,85,85,113,113,113,141,153,181,221,250,262,274,274],"floor_reached":16,"language":"KOR","playtime":549,"items_purged":[],"score":116,"play_id":"8331cfca-63fa-49fa-8f18-58e61bb52a6b","local_time":"20210214233926","is_ascension_mode":false,"campfire_choices":[{"data":"Poisoned Stab","floor":6,"key":"SMITH"},{"floor":8,"key":"REST"},{"floor":15,"key":"REST"}],"circlet_count":0,"master_deck":["Strike_G","Strike_G","Strike_G","Strike_G","Strike_G","Defend_G","Defend_G","Defend_G","Survivor","Neutralize","Slice","Expertise","Poisoned Stab+1","Dodge and Roll","Deadly Poison+1","Deadly Poison","Acrobatics","Bane","Calculated Gamble","Poisoned Stab","Backstab"],"relics":["Ring of the Snake","Orichalcum","MawBank","Anchor"],"acts_visited":["Exordium"],"potions_floor_usage":[2,7,13,13],"damage_taken":[{"damage":13,"enemies":"Jaw Worm","floor":1,"turns":4},{"damage":0,"enemies":"Cultist","floor":2,"turns":2},{"damage":0,"enemies":"Small Slimes","floor":3,"turns":3},{"damage":3,"enemies":"Looter","floor":4,"turns":3},{"damage":10,"enemies":"Exordium Wildlife","floor":5,"turns":4},{"damage":27,"enemies":"Lagavulin","floor":7,"turns":5},{"damage":0,"enemies":"3 Louse","floor":10,"turns":3},{"damage":6,"enemies":"Large Slime","floor":12,"turns":5},{"damage":19,"enemies":"Gremlin Nob","floor":13,"turns":5},{"damage":0,"enemies":"Looter","floor":14,"turns":3},{"damage":38,"enemies":"Slime Boss","floor":16,"turns":5}],"seed_played":"-6269275853359835381","potions_obtained":[{"floor":1,"key":"DistilledChaos"},{"floor":4,"key":"DistilledChaos"},{"floor":5,"key":"BlessingOfTheForge"},{"floor":10,"key":"Dexterity Potion"}],"is_trial":false,"path_per_floor":["M","M","M","M","M","R","E","R","T","M","?","M","E","M","R","B"],"character_chosen":"THE_SILENT","items_purchased":[],"campfire_rested":2,"item_purchase_floors":[],"current_hp_per_floor":[57,57,57,54,44,44,17,38,38,38,38,32,13,13,34,0,0],"gold":274,"neow_bonus":"TRANSFORM_TWO_CARDS","is_daily":false,"chose_seed":false,"campfire_upgraded":1,"win_rate":0.0,"timestamp":1613313566,"path_taken":["M","M","M","M","M","R","E","R","T","M","?","M","E","M","R","BOSS"],"items_purchased_type":[],"build_version":"2020-12-22","purchased_purges":0,"victory":false,"max_hp_per_floor":[70,70,70,70,70,70,70,70,70,70,70,70,70,70,70,70,70],"card_choices":[{"not_picked":["Endless Agony","Terror"],"picked":"Poisoned Stab","floor":1},{"not_picked":["Footwork","Slice"],"picked":"Dodge and Roll","floor":2},{"not_picked":["Choke","Backflip"],"picked":"Deadly Poison","floor":3},{"not_picked":["Calculated Gamble","Cloak And Dagger"],"picked":"Deadly Poison","floor":4},{"not_picked":["All Out Attack","Phantasmal Killer"],"picked":"Acrobatics","floor":5},{"not_picked":["Flying Knee","Infinite Blades"],"picked":"Bane","floor":7},{"not_picked":["PiercingWail","Dodge and Roll"],"picked":"Calculated Gamble","floor":10},{"not_picked":["Underhanded Strike","Outmaneuver"],"picked":"Poisoned Stab","floor":12},{"not_picked":["Endless Agony","Blur","Well Laid Plans"],"picked":"SKIP","floor":13},{"not_picked":["Poisoned Stab","Cloak And Dagger"],"picked":"Backstab","floor":14}],"player_experience":88879,"relics_obtained":[{"floor":7,"key":"Orichalcum"},{"floor":9,"key":"MawBank"},{"floor":13,"key":"Anchor"}],"event_choices":[{"damage_healed":0,"gold_gain":0,"player_choice":"Upgraded","damage_taken":0,"max_hp_gain":0,"max_hp_loss":0,"event_name":"Upgrade Shrine","floor":11,"gold_loss":0,"cards_upgraded":["Deadly Poison"]}],"is_beta":false,"boss_relics":[],"items_purged_floors":[],"is_endless":false,"potions_floor_spawned":[1,4,5,10],"killed_by":"Slime Boss","ascension_level":0}}