{"host":"kcg3v0hgymzitgl9","time":1613312381,"event":{"mods":["BaseMod","Colored Map","DeckTracker","Minty Spire (QoL Compilation)","Relic Stats","Weighted Paths"],"gold_per_floor":[114,17,32,48,67,67,79,105,105,105,124,140,140,154,154,259,259,275,294,294,118,136,136,147,181,181,199,199,229,229,249,249,349,349,367,367,367,378,378,378,394,413,413,442,465,475,475,491,491,491,491],"floor_reached":50,"language":"ENG","playtime":2894,"items_purged":["Zap","Lockon"],"score":520,"play_id":"d0a1df60-545e-4887-a2a4-f3440e5c1150","local_time":"20210215011941","is_ascension_mode":false,"campfire_choices":[{"floor":6.0,"key":"REST"},{"floor":10.0,"key":"REST"},{"data":"Gash","floor":13.0,"key":"SMITH"},{"data":"Scrape","floor":15.0,"key":"SMITH"},{"floor":23.0,"key":"REST"},{"floor":28.0,"key":"REST"},{"floor":30.0,"key":"REST"},{"floor":32.0,"key":"REST"},{"data":"Machine Learning","floor":40,"key":"SMITH"},{"floor":49,"key":"RECALL"}],"circlet_count":0,"master_deck":["Strike_B","Strike_B","Defend_B","Defend_B","Defend_B","Loop","Melter","Gash+1","Ball Lightning","Auto Shields","Cold Snap","FTL","Conserve Battery","Gash","Scrape+1","Machine Learning+1","Glacier","Beam Cell","Redo","Coolheaded+1","Leap+1","Madness+1","Madness+1","Go for the Eyes+1","Go for the Eyes+1","Blizzard","Leap+1"],"relics":["FrozenCore","TungstenRod","Vajra","Busted Crown","Bag of Marbles","Toxic Egg 2","Shuriken","Nunchaku","Bronze Scales"],"acts_visited":["TheCity","TheBeyond"],"potions_floor_usage":[50],"damage_taken":[{"damage":5.0,"enemies":"Cultist","floor":1.0,"turns":4.0},{"damage":0.0,"enemies":"Small Slimes","floor":3.0,"turns":3.0},{"damage":1.0,"enemies":"2 Louse","floor":4.0,"turns":3.0},{"damage":0.0,"enemies":"Looter","floor":5.0,"turns":2.0},{"damage":13.0,"enemies":"Exordium Wildlife","floor":7.0,"turns":3.0},{"damage":12.0,"enemies":"Lagavulin","floor":8.0,"turns":6.0},{"damage":0.0,"enemies":"Large Slime","floor":11.0,"turns":3.0},{"damage":1.0,"enemies":"3 Louse","floor":12.0,"turns":3.0},{"damage":0.0,"enemies":"Blue Slaver","floor":14.0,"turns":2.0},{"damage":10.0,"enemies":"Hexaghost","floor":16.0,"turns":9.0},{"damage":0.0,"enemies":"3 Byrds","floor":18.0,"turns":4.0},{"damage":23.0,"enemies":"2 Thieves","floor":19.0,"turns":4.0},{"damage":11.0,"enemies":"Shelled Parasite and Fungi","floor":22.0,"turns":5.0},{"damage":12.0,"enemies":"Snake Plant","floor":24.0,"turns":4.0},{"damage":33.0,"enemies":"Gremlin Leader","floor":25.0,"turns":5.0},{"damage":0.0,"enemies":"3 Cultists","floor":27.0,"turns":6.0},{"damage":21.0,"enemies":"Slavers","floor":29.0,"turns":5.0},{"damage":16.0,"enemies":"Chosen and Byrds","floor":31.0,"turns":6.0},{"damage":8.0,"enemies":"Champ","floor":33.0,"turns":12.0},{"damage":1.0,"enemies":"Orb Walker","floor":35.0,"turns":5.0},{"damage":1.0,"enemies":"3 Shapes","floor":38.0,"turns":6.0},{"damage":0,"enemies":"Maw","floor":41,"turns":8},{"damage":0,"enemies":"Transient","floor":42,"turns":5},{"damage":40,"enemies":"Nemesis","floor":44,"turns":11},{"damage":9,"enemies":"4 Shapes","floor":46,"turns":7},{"damage":5,"enemies":"3 Darklings","floor":48,"turns":5},{"damage":17,"enemies":"Awakened One","floor":50,"turns":2}],"seed_played":"741430527169521","potions_obtained":[{"floor":3.0,"key":"LiquidMemories"},{"floor":7.0,"key":"Energy Potion"},{"floor":8.0,"key":"AttackPotion"},{"floor":16.0,"key":"SpeedPotion"},{"floor":19.0,"key":"EssenceOfDarkness"},{"floor":29.0,"key":"Energy Potion"},{"floor":33.0,"key":"FearPotion"}],"is_trial":false,"path_per_floor":["M","$","M","M","M","R","M","E","T","R","M","M","R","M","R","B",null,"M","M","?","$","M","R","M","E","T","M","R","E","R","M","R","B",null,"M","?","?","M","?","R","M","M","T","E","T","M","?","M","R","B"],"character_chosen":"DEFECT","items_purchased":["Ball Lightning","Glacier"],"campfire_rested":6,"item_purchase_floors":[2,21],"current_hp_per_floor":[49,49,49,48,48,70,57,45,45,67,67,66,66,66,66,56,75,75,52,52,52,41,63,51,18,18,18,40,19,41,25,47,39,75,74,66,66,65,65,65,65,65,65,25,25,16,16,11,11,0,0],"gold":491,"neow_bonus":"TRANSFORM_TWO_CARDS","is_daily":false,"chose_seed":false,"campfire_upgraded":3,"win_rate":0.0,"timestamp":1613312381,"path_taken":["M","$","M","M","?","R","M","E","T","R","?","M","R","M","R","BOSS","M","M","?","$","?","R","M","E","T","M","R","E","R","M","R","BOSS","M","?","?","M","?","R","M","?","T","E","?","M","?","M","R","BOSS"],"items_purchased_type":["Card","Card"],"build_version":"2020-12-22","purchased_purges":2,"victory":false,"max_hp_per_floor":[75,75,75,75,75,75,75,75,75,75,75,75,75,75,75,75,75,75,75,75,75,75,75,75,75,75,75,75,75,75,75,75,75,75,75,75,75,75,75,75,75,75,75,75,75,75,75,75,75,75,75],"relic_stats":{"Nunchaku":[3],"Busted Crown":32,"counters":[26,134],"Shuriken":[38],"Bronze Scales":[42],"obtain_stats":[{"Nunchaku":44,"Busted Crown":17,"Shuriken":29,"Bronze Scales":45,"Vajra":9,"Bag of Marbles":25,"Toxic Egg 2":26,"Cracked Core":0,"TungstenRod":8,"FrozenCore":34},{"Nunchaku":23,"Busted Crown":9,"Shuriken":16,"Bronze Scales":23,"Vajra":5,"Bag of Marbles":14,"Toxic Egg 2":14,"Cracked Core":0,"TungstenRod":5,"FrozenCore":18},{"Nunchaku":120,"Busted Crown":34,"Shuriken":67,"Bronze Scales":120,"Vajra":17,"Bag of Marbles":56,"Toxic Egg 2":56,"Cracked Core":0,"TungstenRod":17,"FrozenCore":85}],"TungstenRod":47,"FrozenCore":[10]},"card_choices":[{"not_picked":["Self Repair","Leap"],"picked":"Gash","floor":1.0},{"not_picked":["FTL","Fusion"],"picked":"Auto Shields","floor":3.0},{"not_picked":["Streamline","Barrage"],"picked":"Cold Snap","floor":4.0},{"not_picked":["Turbo","Reinforced Body","Undo"],"picked":"SKIP","floor":5.0},{"not_picked":["Sunder","Hologram"],"picked":"FTL","floor":7.0},{"not_picked":["Heatsinks","Barrage","Reinforced Body"],"picked":"SKIP","floor":8.0},{"not_picked":["Thunder Strike","Streamline"],"picked":"Conserve Battery","floor":11.0},{"not_picked":["Redo","Aggregate"],"picked":"Gash","floor":12.0},{"not_picked":["Hologram","Turbo"],"picked":"Scrape","floor":14.0},{"not_picked":["Creative AI","Multi-Cast"],"picked":"Machine Learning","floor":16.0},{"not_picked":["Turbo+1"],"picked":"SKIP","floor":18.0},{"not_picked":["Barrage"],"picked":"SKIP","floor":19.0},{"not_picked":["Scrape"],"picked":"SKIP","floor":22.0},{"not_picked":[],"picked":"Beam Cell","floor":24.0},{"not_picked":[],"picked":"Redo","floor":25.0},{"not_picked":[],"picked":"Coolheaded+1","floor":27.0},{"not_picked":[],"picked":"Leap+1","floor":29.0},{"not_picked":["Biased Cognition"],"picked":"SKIP","floor":31.0},{"not_picked":["Ball Lightning"],"picked":"SKIP","floor":35.0},{"not_picked":["Undo+1"],"picked":"SKIP","floor":38.0},{"not_picked":[],"picked":"Go for the Eyes+1","floor":41},{"not_picked":[],"picked":"Go for the Eyes+1","floor":42},{"not_picked":[],"picked":"Blizzard","floor":44},{"not_picked":["Hello World+1"],"picked":"SKIP","floor":46},{"not_picked":[],"picked":"Leap+1","floor":48}],"player_experience":318209,"relics_obtained":[{"floor":8.0,"key":"TungstenRod"},{"floor":9.0,"key":"Vajra"},{"floor":25.0,"key":"Bag of Marbles"},{"floor":26.0,"key":"Toxic Egg 2"},{"floor":29.0,"key":"Shuriken"},{"floor":44,"key":"Nunchaku"},{"floor":45,"key":"Bronze Scales"}],"event_choices":[{"damage_healed":0.0,"max_hp_gain":0.0,"max_hp_loss":0.0,"gold_gain":0.0,"cards_transformed":["Strike_B"],"event_name":"Transmorgrifier","player_choice":"Transformed","floor":20.0,"gold_loss":0.0,"damage_taken":0.0,"cards_obtained":["Lockon"]},{"damage_healed":0.0,"max_hp_gain":0.0,"max_hp_loss":0.0,"gold_gain":0.0,"event_name":"Winding Halls","player_choice":"Embrace Madness","floor":36.0,"gold_loss":0.0,"damage_taken":9.0,"cards_obtained":["Madness","Madness"]},{"cards_removed":["Dualcast"],"damage_healed":0.0,"max_hp_gain":0.0,"max_hp_loss":0.0,"gold_gain":0.0,"event_name":"Falling","player_choice":"Removed Skill","floor":37.0,"gold_loss":0.0,"damage_taken":0.0},{"damage_healed":0,"gold_gain":0,"player_choice":"Ignored","damage_taken":0,"max_hp_gain":0,"max_hp_loss":0,"event_name":"Mysterious Sphere","floor":39,"gold_loss":0},{"damage_healed":0,"gold_gain":0,"player_choice":"Ignored","damage_taken":0,"max_hp_gain":0,"max_hp_loss":0,"event_name":"Tomb of Lord Red Mask","floor":47,"gold_loss":0}],"is_beta":false,"boss_relics":[{"not_picked":["Tiny House","Fusion Hammer"],"picked":"Busted Crown"},{"not_picked":["Cursed Key","Philosopher\u0027s Stone"],"picked":"FrozenCore"}],"items_purged_floors":[2,21],"is_endless":false,"potions_floor_spawned":[3,7,8,11,16,19,29,31,33,41,42,44,46,48],"killed_by":"Awakened One","ascension_level":0}}