{"host":"vz6qv7tthcp8jtis","time":1613314455,"event":{"mods":["BaseMod","Block Reminder","Colored Map","Highlight Path","Keyboard Shortcuts","Minty Spire (QoL Compilation)","Relic Stats"],"gold_per_floor":[12,12,31,50,23,54,54,79,79,91,123,123,139,139,139,237,237,257,257,274,287,287,287,321,340,340,439,449,449,478,225,225,323,323,339,339,214,238,288,321,321,4,4,4,17,0,29,29,29,29,29,29,29,64,64],"floor_reached":56,"language":"ENG","playtime":4535,"items_purged":[],"score":1407,"play_id":"c8d7bed6-be98-407c-bfc6-6e53d2ad0150","local_time":"20210214155415","is_ascension_mode":true,"campfire_choices":[{"floor":12,"key":"REST"},{"data":"Backflip","floor":15,"key":"SMITH"},{"data":"Bullet Time","floor":23,"key":"SMITH"},{"floor":29,"key":"REST"},{"floor":32,"key":"REST"},{"data":"Apotheosis","floor":41,"key":"SMITH"},{"floor":49,"key":"RECALL"},{"data":"After Image","floor":52,"key":"SMITH"}],"circlet_count":0,"master_deck":["Survivor","Neutralize","Leg Sweep","Flying Knee","Infinite Blades","Cloak And Dagger","Cloak And Dagger","Backflip+1","Predator","Flying Knee","Die Die Die","Night Terror","Crippling Poison","Tools of the Trade","After Image+1","Bullet Time+1","Envenom","Escape Plan","Unload","Blade Dance","Setup","Blade Dance","Acrobatics","Leg Sweep","Bullet Time","Apotheosis+1","Phantasmal Killer","Acrobatics","Dramatic Entrance","Decay","Pain","Terror","Tactician+1"],"relics":["Ring of the Snake","Ice Cream","The Courier","PreservedInsect","Nunchaku","Darkstone Periapt","Pandora\u0027s Box","Blue Candle","Ninja Scroll","Toy Ornithopter","Anchor","Cursed Key","Oddly Smooth Stone","Snake Skull","Calipers","Matryoshka","Potion Belt","HornCleat","Bronze Scales","Molten Egg 2","Red Mask","Pear","Letter Opener"],"acts_visited":["Exordium","TheCity","TheBeyond","TheEnding"],"potions_floor_usage":[11,16,24,28,30,50,55],"damage_taken":[{"damage":4,"enemies":"2 Louse","floor":1,"turns":4},{"damage":0,"enemies":"Small Slimes","floor":3,"turns":3},{"damage":0,"enemies":"Cultist","floor":4,"turns":4},{"damage":32,"enemies":"Lagavulin","floor":6,"turns":10},{"damage":22,"enemies":"3 Sentries","floor":8,"turns":12},{"damage":0,"enemies":"Looter","floor":10,"turns":4},{"damage":0,"enemies":"Lagavulin","floor":11,"turns":7},{"damage":4,"enemies":"2 Fungi Beasts","floor":13,"turns":4},{"damage":16,"enemies":"The Guardian","floor":16,"turns":13},{"damage":18,"enemies":"2 Thieves","floor":18,"turns":4},{"damage":0,"enemies":"Shell Parasite","floor":20,"turns":7},{"damage":9,"enemies":"Centurion and Healer","floor":21,"turns":6},{"damage":33,"enemies":"Book of Stabbing","floor":24,"turns":6},{"damage":5,"enemies":"Shelled Parasite and Fungi","floor":25,"turns":4},{"damage":2,"enemies":"Chosen and Byrds","floor":28,"turns":3},{"damage":17,"enemies":"Slavers","floor":30,"turns":4},{"damage":10,"enemies":"Champ","floor":33,"turns":9},{"damage":0,"enemies":"3 Darklings","floor":35,"turns":5},{"damage":1,"enemies":"Mind Bloom Boss Battle","floor":39,"turns":6},{"damage":21,"enemies":"Reptomancer","floor":40,"turns":4},{"damage":0,"enemies":"Orb Walker","floor":45,"turns":3},{"damage":12,"enemies":"Nemesis","floor":47,"turns":5},{"damage":34,"enemies":"Time Eater","floor":50,"turns":9},{"damage":34,"enemies":"Shield and Spear","floor":54,"turns":6},{"damage":53,"enemies":"The Heart","floor":55,"turns":8}],"seed_played":"-896670780438178770","potions_obtained":[{"floor":10,"key":"CunningPotion"},{"floor":11,"key":"SkillPotion"},{"floor":16,"key":"AttackPotion"},{"floor":18,"key":"Strength Potion"},{"floor":24,"key":"Fruit Juice"},{"floor":25,"key":"Explosive Potion"},{"floor":28,"key":"Energy Potion"},{"floor":35,"key":"Explosive Potion"},{"floor":45,"key":"DistilledChaos"},{"floor":54,"key":"FairyPotion"}],"is_trial":false,"path_per_floor":["M","?","M","M","$","E","$","E","T","M","E","R","M","?","R","B",null,"M","?","M","M","?","R","E","M","T","?","M","R","E","$","R","B",null,"M","?","$","T","?","E","R","$","T","$","M","?","E","?","R","B",null,"R","$","E","B",null],"character_chosen":"THE_SILENT","items_purchased":["Cloak And Dagger","Apotheosis","Anchor","Oddly Smooth Stone","Potion Belt","HornCleat"],"campfire_rested":3,"item_purchase_floors":[5,31,31,37,42,42],"current_hp_per_floor":[66,66,66,66,66,34,34,12,12,12,12,33,29,17,17,1,70,52,52,52,43,43,43,10,5,5,5,8,30,13,13,35,25,75,75,75,75,81,80,59,59,59,65,65,65,65,63,63,63,34,92,92,92,58,10],"gold":64,"neow_bonus":"ONE_RARE_RELIC","is_daily":false,"chose_seed":false,"campfire_upgraded":4,"win_rate":0.0,"timestamp":1613314455,"path_taken":["M","?","M","M","$","E","$","E","T","M","E","R","M","?","R","BOSS","M","?","M","M","?","R","E","M","T","?","M","R","E","$","R","BOSS","M","?","$","?","?","E","R","$","T","$","M","?","E","?","R","BOSS","R","$","E","BOSS"],"items_purchased_type":["Card","Card","Relic","Relic","Relic","Relic"],"build_version":"2020-12-22","purchased_purges":0,"victory":true,"max_hp_per_floor":[70,70,70,70,70,70,70,70,70,70,70,70,70,70,70,70,70,70,70,70,70,70,70,70,70,70,70,75,75,75,75,75,75,75,75,75,75,81,81,81,81,81,87,87,87,87,97,92,92,92,92,92,92,92,92],"relic_stats":{"Darkstone Periapt":12,"counters":[25,150],"Blue Candle":[7],"PreservedInsect":279,"Snake Skull":[112],"Letter Opener":[60],"Cursed Key":2,"Nunchaku":[40],"Bronze Scales":[160],"Pandora\u0027s Box":["Night Terror","Acrobatics","Crippling Poison","Tools of the Trade","After Image","Bullet Time","Envenom","Escape Plan","Unload"],"obtain_stats":[{"Ice Cream":0,"Darkstone Periapt":14,"Potion Belt":42,"Calipers":39,"Pear":47,"Blue Candle":24,"Oddly Smooth Stone":37,"The Courier":6,"PreservedInsect":8,"Snake Skull":38,"Letter Opener":54,"Cursed Key":34,"Nunchaku":11,"Anchor":31,"Matryoshka":40,"HornCleat":42,"Ninja Scroll":26,"Bronze Scales":43,"Pandora\u0027s Box":17,"Molten Egg 2":43,"Red Mask":46,"Toy Ornithopter":30,"Ring of the Snake":0},{"Ice Cream":0,"Darkstone Periapt":8,"Potion Belt":20,"Calipers":19,"Pear":22,"Blue Candle":13,"Oddly Smooth Stone":18,"The Courier":4,"PreservedInsect":5,"Snake Skull":18,"Letter Opener":24,"Cursed Key":17,"Nunchaku":7,"Anchor":16,"Matryoshka":20,"HornCleat":20,"Ninja Scroll":14,"Bronze Scales":20,"Pandora\u0027s Box":9,"Molten Egg 2":20,"Red Mask":21,"Toy Ornithopter":16,"Ring of the Snake":0},{"Ice Cream":0,"Darkstone Periapt":48,"Potion Belt":119,"Calipers":115,"Pear":127,"Blue Candle":84,"Oddly Smooth Stone":109,"The Courier":21,"PreservedInsect":33,"Snake Skull":109,"Letter Opener":142,"Cursed Key":104,"Nunchaku":44,"Anchor":95,"Matryoshka":119,"HornCleat":119,"Ninja Scroll":88,"Bronze Scales":119,"Pandora\u0027s Box":61,"Molten Egg 2":119,"Red Mask":122,"Toy Ornithopter":95,"Ring of the Snake":0}],"Toy Ornithopter":10,"Ring of the Snake":[50]},"card_choices":[{"not_picked":["Prepared","Dagger Spray"],"picked":"Leg Sweep","floor":1},{"not_picked":["Dagger Spray","Quick Slash","Outmaneuver"],"picked":"SKIP","floor":3},{"not_picked":["Accuracy","Distraction"],"picked":"Infinite Blades","floor":4},{"not_picked":["Skewer","Glass Knife"],"picked":"Cloak And Dagger","floor":6},{"not_picked":["Catalyst","Reflex"],"picked":"Backflip","floor":8},{"not_picked":["Slice","Tactician","Deflect"],"picked":"SKIP","floor":10},{"not_picked":["Leg Sweep","Eviscerate"],"picked":"Predator","floor":11},{"not_picked":["Slice","Infinite Blades"],"picked":"Flying Knee","floor":13},{"not_picked":["Venomology","Grand Finale"],"picked":"Die Die Die","floor":16},{"not_picked":["Choke+1","Prepared"],"picked":"Blade Dance","floor":18},{"not_picked":["Concentrate","Masterful Stab"],"picked":"Setup","floor":20},{"not_picked":["Dagger Spray","Envenom"],"picked":"Blade Dance","floor":21},{"not_picked":["Poisoned Stab","Sucker Punch"],"picked":"Acrobatics","floor":24},{"not_picked":["Sucker Punch","Deflect+1"],"picked":"Leg Sweep","floor":25},{"not_picked":["Backflip","Flying Knee","Doppelganger"],"picked":"SKIP","floor":28},{"not_picked":["Phantasmal Killer","Deadly Poison"],"picked":"Bullet Time","floor":30},{"not_picked":["Night Terror","Bullet Time"],"picked":"Phantasmal Killer","floor":33},{"not_picked":["Dodge and Roll","Underhanded Strike"],"picked":"Acrobatics","floor":35},{"not_picked":["Caltrops","Sucker Punch","Underhanded Strike+1"],"picked":"SKIP","floor":40},{"not_picked":["Riddle With Holes+1","Flying Knee+1","Blade Dance+1"],"picked":"SKIP","floor":45},{"not_picked":["Storm of Steel","Quick Slash+1"],"picked":"Terror","floor":47},{"not_picked":["Bane+1","Cloak And Dagger+1"],"picked":"Tactician+1","floor":54}],"player_experience":145411,"relics_obtained":[{"floor":6,"key":"The Courier"},{"floor":8,"key":"PreservedInsect"},{"floor":11,"key":"Nunchaku"},{"floor":24,"key":"Blue Candle"},{"floor":26,"key":"Ninja Scroll"},{"floor":30,"key":"Toy Ornithopter"},{"floor":38,"key":"Snake Skull"},{"floor":39,"key":"Calipers"},{"floor":40,"key":"Matryoshka"},{"floor":43,"key":"Bronze Scales"},{"floor":43,"key":"Molten Egg 2"},{"floor":47,"key":"Pear"},{"floor":54,"key":"Letter Opener"}],"event_choices":[{"damage_healed":0,"gold_gain":0,"cards_transformed":["Defend_G"],"player_choice":"Change","damage_taken":0,"max_hp_gain":0,"max_hp_loss":0,"event_name":"Living Wall","floor":2,"gold_loss":0,"cards_obtained":["Flying Knee"]},{"damage_healed":0,"gold_gain":0,"player_choice":"Success","damage_taken":12,"relics_obtained":["Darkstone Periapt"],"max_hp_gain":0,"max_hp_loss":0,"event_name":"Scrap Ooze","floor":14,"gold_loss":0},{"cards_removed":["Acrobatics"],"damage_healed":0,"gold_gain":0,"player_choice":"Elegance","damage_taken":0,"max_hp_gain":0,"max_hp_loss":0,"event_name":"Back to Basics","floor":19,"gold_loss":0},{"damage_healed":0,"gold_gain":0,"player_choice":"Ignored","damage_taken":0,"max_hp_gain":0,"max_hp_loss":0,"event_name":"Beggar","floor":22,"gold_loss":0},{"damage_healed":0,"gold_gain":99,"player_choice":"Stole From Cult","damage_taken":0,"max_hp_gain":0,"max_hp_loss":0,"event_name":"Nest","floor":27,"gold_loss":0},{"damage_healed":0,"gold_gain":0,"player_choice":"1 cards matched","damage_taken":0,"max_hp_gain":0,"max_hp_loss":0,"event_name":"Match and Keep!","floor":36,"gold_loss":0,"cards_obtained":["Dramatic Entrance"]},{"damage_healed":0,"gold_gain":0,"player_choice":"Fight","damage_taken":0,"max_hp_gain":0,"max_hp_loss":0,"event_name":"MindBloom","floor":39,"gold_loss":0},{"damage_healed":0,"gold_gain":0,"player_choice":"Paid","damage_taken":0,"relics_obtained":["Red Mask"],"max_hp_gain":0,"max_hp_loss":0,"event_name":"Tomb of Lord Red Mask","floor":46,"gold_loss":17},{"damage_healed":0,"gold_gain":0,"player_choice":"Max HP","damage_taken":0,"max_hp_gain":0,"max_hp_loss":5,"event_name":"Winding Halls","floor":48,"gold_loss":0}],"is_beta":false,"boss_relics":[{"not_picked":["Busted Crown","Philosopher\u0027s Stone"],"picked":"Pandora\u0027s Box"},{"not_picked":["Astrolabe","Tiny House"],"picked":"Cursed Key"}],"items_purged_floors":[],"is_endless":false,"potions_floor_spawned":[10,11,16,18,24,25,28,35,45,54],"ascension_level":3}}