{"host":"dztixnx9b0gu6w9i","time":1613274900,"event":{"mods":["BaseMod","Bestiary","Minty Spire (QoL Compilation)","Relic Stats","Slay the Relics Exporter","SpireBot","ojb\u0027s Better Paths Mod","ojb\u0027s Info Mod"],"gold_per_floor":[118,131,142,142,208,208,233,233,233,283,300,75,75,87,87,166,166,186,13,13,30,30,30,59,59,59,74,74,74],"floor_reached":28,"language":"ENG","playtime":4049,"items_purged":["Strike_B"],"score":572,"play_id":"e2a9e049-33ee-466d-a6be-3c9bbe7b009e","local_time":"20210213225500","is_ascension_mode":true,"campfire_choices":[{"data":"Sweeping Beam","floor":6,"key":"SMITH"},{"floor":8,"key":"REST"},{"data":"Defragment","floor":13,"key":"SMITH"},{"data":"Defragment","floor":15,"key":"SMITH"},{"floor":23,"key":"REST"},{"floor":25,"key":"REST"}],"circlet_count":0,"master_deck":["AscendersBane","Strike_B","Strike_B","Strike_B","Defend_B","Defend_B","Defend_B+1","Defend_B","Zap","Dualcast","Conserve Battery+1","Streamline","Sweeping Beam+1","Scrape","Barrage+1","Defragment+1","Cold Snap+1","Defragment+1","Creative AI","Coolheaded","RitualDagger+1","Sweeping Beam+1","Compile Driver+1","Genetic Algorithm+1"],"relics":["Snecko Eye","Symbiotic Virus","Molten Egg 2","Fusion Hammer","Bag of Marbles","Art of War","Toxic Egg 2"],"acts_visited":["Exordium","TheCity"],"potions_floor_usage":[7,16,16,24,24],"damage_taken":[{"damage":2,"enemies":"Jaw Worm","floor":1,"turns":3},{"damage":5,"enemies":"Small Slimes","floor":2,"turns":4},{"damage":0,"enemies":"Cultist","floor":3,"turns":3},{"damage":32,"enemies":"Gremlin Nob","floor":7,"turns":4},{"damage":5,"enemies":"Blue Slaver","floor":11,"turns":4},{"damage":0,"enemies":"Large Slime","floor":14,"turns":4},{"damage":0,"enemies":"Slime Boss","floor":16,"turns":7},{"damage":9,"enemies":"2 Thieves","floor":18,"turns":3},{"damage":25,"enemies":"3 Byrds","floor":21,"turns":5},{"damage":25,"enemies":"Book of Stabbing","floor":24,"turns":6},{"damage":21,"enemies":"Centurion and Healer","floor":27,"turns":7},{"damage":13,"enemies":"Slavers","floor":28,"turns":1}],"seed_played":"-394978979854884909","potions_obtained":[{"floor":2,"key":"FearPotion"},{"floor":11,"key":"LiquidMemories"},{"floor":14,"key":"AttackPotion"},{"floor":16,"key":"EssenceOfSteel"},{"floor":21,"key":"BlessingOfTheForge"}],"is_trial":false,"path_per_floor":["M","M","M","?","?","R","E","R","T","?","M","$","R","M","R","B",null,"M","$","?","M","$","R","E","R","T","M","E"],"character_chosen":"DEFECT","items_purchased":["Defragment","Cold Snap+1","Energy Potion","Bag of Marbles"],"campfire_rested":3,"item_purchase_floors":[12,12,12,19],"current_hp_per_floor":[62,57,57,36,36,36,4,25,25,18,13,13,13,13,13,13,57,48,48,42,17,17,38,13,34,34,13,0,0],"gold":74,"neow_bonus":"BOSS_RELIC","is_daily":false,"chose_seed":false,"campfire_upgraded":3,"win_rate":0.0,"timestamp":1613274900,"path_taken":["M","M","M","?","?","R","E","R","T","?","M","$","R","?","R","BOSS","M","$","?","M","$","R","E","R","T","M","E"],"items_purchased_type":["Card","Card","Potion","Relic"],"build_version":"2020-12-22","purchased_purges":1,"victory":false,"max_hp_per_floor":[71,71,71,71,71,71,71,71,71,71,71,71,71,71,71,71,71,71,71,71,71,71,71,71,71,71,71,71,71],"relic_stats":{"counters":[12,51],"Snecko Eye":[79,89,102,111],"Art of War":[1],"obtain_stats":[{"Snecko Eye":0,"Molten Egg 2":9,"Fusion Hammer":17,"Bag of Marbles":19,"Art of War":24,"Toxic Egg 2":26,"Cracked Core":0,"Symbiotic Virus":7},{"Snecko Eye":0,"Molten Egg 2":4,"Fusion Hammer":7,"Bag of Marbles":8,"Art of War":10,"Toxic Egg 2":10,"Cracked Core":0,"Symbiotic Virus":4},{"Snecko Eye":0,"Molten Egg 2":14,"Fusion Hammer":29,"Bag of Marbles":32,"Art of War":43,"Toxic Egg 2":43,"Cracked Core":0,"Symbiotic Virus":14}]},"card_choices":[{"not_picked":["Leap","Barrage"],"picked":"Conserve Battery","floor":1},{"not_picked":["Beam Cell","Amplify"],"picked":"Streamline","floor":2},{"not_picked":["White Noise","Stack"],"picked":"Sweeping Beam","floor":3},{"not_picked":["Steam","Redo"],"picked":"Scrape","floor":7},{"not_picked":["Undo","BootSequence"],"picked":"Barrage+1","floor":11},{"not_picked":["Barrage+1","Gash+1"],"picked":"Defragment","floor":14},{"not_picked":["Amplify","Machine Learning"],"picked":"Creative AI","floor":16},{"not_picked":["Beam Cell+1","Static Discharge"],"picked":"Coolheaded","floor":18},{"not_picked":["Loop","Redo"],"picked":"Sweeping Beam+1","floor":21},{"not_picked":["Auto Shields+1","Coolheaded"],"picked":"Compile Driver+1","floor":24},{"not_picked":["Beam Cell+1","Streamline+1"],"picked":"Genetic Algorithm+1","floor":27}],"player_experience":8601400,"relics_obtained":[{"floor":7,"key":"Symbiotic Virus"},{"floor":9,"key":"Molten Egg 2"},{"floor":24,"key":"Art of War"},{"floor":26,"key":"Toxic Egg 2"}],"event_choices":[{"damage_healed":0,"gold_gain":0,"player_choice":"Entered Light","damage_taken":21,"max_hp_gain":0,"max_hp_loss":0,"event_name":"Shining Light","floor":4,"gold_loss":0,"cards_upgraded":["Defend_B","Conserve Battery"]},{"damage_healed":0,"gold_gain":66,"player_choice":"Gained Gold","damage_taken":0,"max_hp_gain":0,"max_hp_loss":0,"event_name":"Golden Wing","floor":5,"gold_loss":0},{"damage_healed":0,"gold_gain":50,"player_choice":"Touch","damage_taken":7,"max_hp_gain":0,"max_hp_loss":0,"event_name":"FaceTrader","floor":10,"gold_loss":0},{"damage_healed":0,"gold_gain":0,"player_choice":"Joined the Cult","damage_taken":6,"max_hp_gain":0,"max_hp_loss":0,"event_name":"Nest","floor":20,"gold_loss":0,"cards_obtained":["RitualDagger"]}],"is_beta":false,"boss_relics":[{"not_picked":["Nuclear Battery","Pandora\u0027s Box"],"picked":"Fusion Hammer"}],"items_purged_floors":[12],"is_endless":false,"potions_floor_spawned":[2,11,14,16,21],"killed_by":"Slavers","ascension_level":20}}