{"host":"8is2j71l4wmybkoi","time":1613302655,"event":{"mods":["AchievementEnabler","BaseMod","Colored Map","DeckTracker","Minty Spire (QoL Compilation)","Rare Cards Sparkle","Relic Stats","StSLib","SuperFastMode"],"gold_per_floor":[116,128,138,149,164,197,197,227,227,261,276,201,201,219,219,298,298,298,298,298,298,298,298,298,298,298,298,298,298,185,185,185,185,185],"floor_reached":33,"language":"KOR","playtime":1349,"items_purged":["Strike_R"],"score":566,"play_id":"54955ba9-ad63-470e-a8a2-83560b74acae","local_time":"20210214203735","is_ascension_mode":true,"campfire_choices":[{"data":"Whirlwind","floor":7.0,"key":"SMITH"},{"data":"Blood for Blood","floor":13.0,"key":"SMITH"},{"floor":15.0,"key":"REST"},{"floor":23,"key":"REST"},{"floor":25,"key":"REST"},{"floor":32,"key":"REST"}],"circlet_count":0,"master_deck":["AscendersBane","Strike_R","Strike_R","Defend_R","Defend_R","Defend_R","Defend_R","Bash","Whirlwind+1","Blood for Blood+1","Bloodletting","Demon Form","Shrug It Off","Body Slam+1","Anger+1","Limit Break","Flame Barrier","Burning Pact","Feel No Pain","Uppercut+1","Sword Boomerang+1","Second Wind","Warcry+1"],"relics":["Burning Blood","Molten Egg 2","Bag of Marbles","Mango","Shuriken","Ectoplasm","TungstenRod","Vajra","Strawberry"],"acts_visited":["Exordium","TheCity"],"potions_floor_usage":[20,31],"damage_taken":[{"damage":6.0,"enemies":"Cultist","floor":1.0,"turns":3.0},{"damage":2.0,"enemies":"Jaw Worm","floor":2.0,"turns":3.0},{"damage":0.0,"enemies":"2 Louse","floor":3.0,"turns":1.0},{"damage":18.0,"enemies":"Exordium Wildlife","floor":4.0,"turns":4.0},{"damage":12.0,"enemies":"2 Fungi Beasts","floor":5.0,"turns":3.0},{"damage":33.0,"enemies":"3 Sentries","floor":6.0,"turns":7.0},{"damage":19.0,"enemies":"Gremlin Nob","floor":8.0,"turns":3.0},{"damage":25.0,"enemies":"Lagavulin","floor":10.0,"turns":6.0},{"damage":0.0,"enemies":"3 Louse","floor":11.0,"turns":1.0},{"damage":8.0,"enemies":"Red Slaver","floor":14.0,"turns":4.0},{"damage":28.0,"enemies":"The Guardian","floor":16.0,"turns":9.0},{"damage":7.0,"enemies":"3 Byrds","floor":18.0,"turns":3.0},{"damage":0,"enemies":"Chosen","floor":20,"turns":4},{"damage":46,"enemies":"Sentry and Sphere","floor":21,"turns":5},{"damage":33,"enemies":"Snake Plant","floor":22,"turns":3},{"damage":23,"enemies":"Gremlin Leader","floor":24,"turns":6},{"damage":28,"enemies":"Book of Stabbing","floor":28,"turns":5},{"damage":10,"enemies":"Cultist and Chosen","floor":31,"turns":4},{"damage":39,"enemies":"Automaton","floor":33,"turns":4}],"seed_played":"-5899489054729407519","potions_obtained":[{"floor":3.0,"key":"ElixirPotion"},{"floor":5.0,"key":"CultistPotion"},{"floor":6.0,"key":"Ancient Potion"},{"floor":11.0,"key":"Block Potion"},{"floor":14.0,"key":"Fire Potion"},{"floor":24,"key":"AttackPotion"}],"is_trial":false,"path_per_floor":["M","M","M","M","M","E","R","E","T","E","M","?","R","M","R","B",null,"M","?","M","M","M","R","E","R","T","?","E","?","$","M","R","B"],"character_chosen":"IRONCLAD","items_purchased":["Second Wind"],"campfire_rested":4,"item_purchase_floors":[30],"current_hp_per_floor":[75,79,82,70,64,37,37,24,38,19,25,25,25,23,51,29,79,78,78,84,44,17,45,28,56,56,56,41,11,11,7,39,0,0],"gold":185,"neow_bonus":"TEN_PERCENT_HP_BONUS","is_daily":false,"chose_seed":false,"campfire_upgraded":2,"win_rate":0.0,"timestamp":1613302655,"path_taken":["M","?","M","M","M","E","R","E","T","E","M","?","R","M","R","BOSS","M","?","M","M","M","R","E","R","T","?","E","?","$","M","R","BOSS"],"items_purchased_type":["Card"],"build_version":"2020-12-22","purchased_purges":1,"victory":false,"max_hp_per_floor":[82,82,82,82,82,82,82,82,96,96,96,96,96,96,96,96,96,96,96,96,96,96,96,96,96,96,96,103,108,108,108,108,108,108],"relic_stats":{"counters":[19,78],"Shuriken":[10],"Ectoplasm":186,"obtain_stats":[{"Shuriken":10,"Strawberry":28,"Vajra":26,"Molten Egg 2":6,"Mango":9,"Ectoplasm":17,"Bag of Marbles":8,"Burning Blood":0,"TungstenRod":24},{"Shuriken":8,"Strawberry":17,"Vajra":16,"Molten Egg 2":6,"Mango":7,"Ectoplasm":11,"Bag of Marbles":7,"Burning Blood":0,"TungstenRod":16},{"Shuriken":30,"Strawberry":70,"Vajra":65,"Molten Egg 2":21,"Mango":24,"Ectoplasm":44,"Bag of Marbles":24,"Burning Blood":0,"TungstenRod":65}],"Burning Blood":105,"TungstenRod":17},"card_choices":[{"not_picked":["Shrug It Off","Fire Breathing"],"picked":"Whirlwind","floor":1.0},{"not_picked":["Sword Boomerang","Headbutt"],"picked":"Blood for Blood","floor":2.0},{"not_picked":["Headbutt","Iron Wave","Sword Boomerang"],"picked":"SKIP","floor":3.0},{"not_picked":["Thunderclap","Whirlwind","Clash"],"picked":"SKIP","floor":4.0},{"not_picked":["Wild Strike","Body Slam"],"picked":"Bloodletting","floor":5.0},{"not_picked":["Entrench","Thunderclap+1"],"picked":"Demon Form","floor":6.0},{"not_picked":["Iron Wave+1","Body Slam+1"],"picked":"Shrug It Off","floor":8.0},{"not_picked":["Disarm","Anger+1"],"picked":"Body Slam+1","floor":10.0},{"not_picked":["Clothesline+1","Carnage+1","Flex"],"picked":"SKIP","floor":11.0},{"not_picked":["Infernal Blade","Berserk"],"picked":"Anger+1","floor":14.0},{"not_picked":["Double Tap","Demon Form"],"picked":"Limit Break","floor":16.0},{"not_picked":["Iron Wave+1","True Grit","Rupture"],"picked":"SKIP","floor":18.0},{"not_picked":["Twin Strike+1","Havoc"],"picked":"Flame Barrier","floor":20},{"not_picked":["Reckless Charge+1","Battle Trance"],"picked":"Burning Pact","floor":21},{"not_picked":["Metallicize","Cleave+1"],"picked":"Feel No Pain","floor":22},{"not_picked":["Thunderclap+1","Armaments+1"],"picked":"Uppercut+1","floor":24},{"not_picked":["Uppercut+1","Carnage+1"],"picked":"Sword Boomerang+1","floor":28},{"not_picked":["Havoc+1","Rampage+1"],"picked":"Warcry+1","floor":31}],"player_experience":1202175,"relics_obtained":[{"floor":6.0,"key":"Molten Egg 2"},{"floor":8.0,"key":"Bag of Marbles"},{"floor":9.0,"key":"Mango"},{"floor":10.0,"key":"Shuriken"},{"floor":24,"key":"TungstenRod"},{"floor":26,"key":"Vajra"},{"floor":28,"key":"Strawberry"}],"event_choices":[{"cards_removed":["Strike_R"],"damage_healed":0.0,"max_hp_gain":0.0,"max_hp_loss":0.0,"gold_gain":0.0,"event_name":"The Cleric","player_choice":"Card Removal","floor":12.0,"gold_loss":75.0,"damage_taken":0.0},{"cards_removed":["Strike_R"],"damage_healed":0.0,"max_hp_gain":0.0,"max_hp_loss":0.0,"gold_gain":0.0,"event_name":"Back to Basics","player_choice":"Elegance","floor":19.0,"gold_loss":0.0,"damage_taken":0.0},{"damage_healed":0,"gold_gain":50,"player_choice":"Stole From Cult","damage_taken":0,"max_hp_gain":0,"max_hp_loss":0,"event_name":"Nest","floor":27,"gold_loss":0},{"damage_healed":0,"gold_gain":0,"player_choice":"Shed Blood","damage_taken":36,"max_hp_gain":5,"max_hp_loss":0,"event_name":"Forgotten Altar","floor":29,"gold_loss":0}],"is_beta":false,"boss_relics":[{"not_picked":["Pandora\u0027s Box","Snecko Eye"],"picked":"Ectoplasm"}],"items_purged_floors":[30],"is_endless":false,"potions_floor_spawned":[3,5,6,11,14,24],"killed_by":"Automaton","ascension_level":15}}