{"host":"q8mjpf3krl0t4p3x","time":1613275429,"event":{"mods":["BaseMod","Colored Map","Colored Powertips","Googly Eyes","Minty Spire (QoL Compilation)","Quick Restart","StSLib","everything is the same but u backflip on backflip","slay the spire mod where everything is the same but ironclad has a cowboy hat"],"gold_per_floor":[115,129,129,129,156,156,156,189,262,44,54,68,85,96,96,171,171,183,0,0,11,11,11,28,28,28,43,43,43,53,67,67,144,144,156,181,181,181,181,181,197,97,97,97,112,112,112,112],"floor_reached":47,"language":"ENG","playtime":4319,"items_purged":["Bludgeon"],"score":751,"play_id":"2e8a3d1f-f64a-4c33-a156-5d5668c52bdd","local_time":"20210213200349","is_ascension_mode":true,"campfire_choices":[{"data":"Iron Wave","floor":6.0,"key":"SMITH"},{"floor":15.0,"key":"REST"},{"data":"Whirlwind","floor":23.0,"key":"SMITH"},{"data":"Inflame","floor":25.0,"key":"SMITH"},{"floor":28.0,"key":"REST"},{"floor":32,"key":"REST"},{"data":"Seeing Red","floor":40,"key":"SMITH"},{"floor":44,"key":"REST"},{"floor":46,"key":"REST"}],"circlet_count":0,"master_deck":["AscendersBane","Strike_R+1","Strike_R+1","Strike_R+1","Strike_R+1","Strike_R+1","Defend_R+1","Defend_R+1","Defend_R+1","Defend_R+1","Bash+1","Iron Wave+1","Dual Wield+1","Whirlwind+1","Inflame+1","Thunderclap","Flex+1","Shrug It Off+1","Seeing Red+1"],"relics":["Black Blood","Smiling Mask","Sundial","Blue Candle","Chemical X","Darkstone Periapt","Philosopher\u0027s Stone","Prayer Wheel","Paper Frog"],"acts_visited":["Exordium","TheCity","TheBeyond"],"potions_floor_usage":[33,33,37,45,47],"damage_taken":[{"damage":1.0,"enemies":"Cultist","floor":1.0,"turns":3.0},{"damage":8.0,"enemies":"2 Louse","floor":2.0,"turns":3.0},{"damage":40.0,"enemies":"Lagavulin","floor":8.0,"turns":8.0},{"damage":7.0,"enemies":"Jaw Worm","floor":11.0,"turns":3.0},{"damage":0.0,"enemies":"2 Fungi Beasts","floor":12.0,"turns":1.0},{"damage":12.0,"enemies":"Large Slime","floor":13.0,"turns":4.0},{"damage":14.0,"enemies":"Exordium Thugs","floor":14.0,"turns":5.0},{"damage":46.0,"enemies":"The Guardian","floor":16.0,"turns":8.0},{"damage":50.0,"enemies":"2 Thieves","floor":18.0,"turns":4.0},{"damage":27.0,"enemies":"3 Byrds","floor":21.0,"turns":4.0},{"damage":33.0,"enemies":"Sentry and Sphere","floor":24.0,"turns":6.0},{"damage":24.0,"enemies":"Snake Plant","floor":27.0,"turns":2.0},{"damage":12.0,"enemies":"3 Cultists","floor":30.0,"turns":3.0},{"damage":41,"enemies":"Centurion and Healer","floor":31,"turns":4},{"damage":42,"enemies":"Champ","floor":33,"turns":11},{"damage":25,"enemies":"3 Shapes","floor":35,"turns":2},{"damage":44,"enemies":"Mind Bloom Boss Battle","floor":36,"turns":7},{"damage":3,"enemies":"3 Darklings","floor":37,"turns":2},{"damage":38,"enemies":"Writhing Mass","floor":41,"turns":6},{"damage":31,"enemies":"Sphere and 2 Shapes","floor":45,"turns":3},{"damage":113,"enemies":"Giant Head","floor":47,"turns":7}],"seed_played":"6189903505796939820","potions_obtained":[{"floor":8.0,"key":"BloodPotion"},{"floor":12.0,"key":"Fire Potion"},{"floor":13.0,"key":"CultistPotion"},{"floor":14.0,"key":"Ancient Potion"},{"floor":18.0,"key":"PowerPotion"},{"floor":24.0,"key":"SkillPotion"},{"floor":27.0,"key":"Weak Potion"},{"floor":33,"key":"SmokeBomb"},{"floor":45,"key":"AttackPotion"}],"is_trial":false,"path_per_floor":["M","M","?","?","T","R","?","E","T","$","M","M","M","M","R","B",null,"M","?","?","M","?","R","M","R","T","M","R","?","M","M","R","B",null,"M","?","M","?","?","R","M","$","T","R","M","R","E"],"character_chosen":"IRONCLAD","items_purchased":["Chemical X","Whirlwind","Strength Potion"],"campfire_rested":5,"item_purchase_floors":[10,10,42],"current_hp_per_floor":[80,78,62,62,62,62,62,44,44,44,43,49,43,35,59,19,66,28,28,28,13,82,82,61,61,61,49,73,73,73,44,68,38,71,58,26,35,72,72,72,46,46,46,67,48,69,0,0],"gold":112,"neow_bonus":"TEN_PERCENT_HP_BONUS","is_daily":false,"chose_seed":false,"campfire_upgraded":4,"win_rate":0.0,"timestamp":1613275429,"path_taken":["M","?","?","?","?","R","?","E","T","?","M","?","M","M","R","BOSS","M","?","?","M","?","R","?","R","T","M","R","?","M","M","R","BOSS","M","?","M","?","?","R","?","$","T","R","M","R","E"],"items_purchased_type":["Relic","Card","Potion"],"build_version":"2020-12-22","purchased_purges":1,"victory":false,"max_hp_per_floor":[82,82,82,82,82,82,82,82,82,82,82,82,82,82,82,82,82,82,82,82,82,82,82,82,82,82,82,82,82,82,82,82,82,82,82,82,82,72,72,72,72,72,72,72,72,72,72,72],"card_choices":[{"not_picked":["Perfected Strike","Blood for Blood"],"picked":"Iron Wave","floor":1.0},{"not_picked":["Havoc","Shockwave"],"picked":"Dual Wield","floor":2.0},{"not_picked":["Burning Pact","Twin Strike","Dual Wield"],"picked":"SKIP","floor":8.0},{"not_picked":["Shockwave","Limit Break"],"picked":"Inflame","floor":11.0},{"not_picked":["Sever Soul","Second Wind"],"picked":"Thunderclap","floor":12.0},{"not_picked":["Shrug It Off","Cleave","Body Slam"],"picked":"SKIP","floor":13.0},{"not_picked":["Anger","Pommel Strike"],"picked":"Inflame","floor":14.0},{"not_picked":["Ghostly Armor","Sentinel","Uppercut"],"picked":"SKIP","floor":18.0},{"not_picked":["Sword Boomerang","Havoc+1","Iron Wave"],"picked":"SKIP","floor":21.0},{"not_picked":["Twin Strike","Sword Boomerang"],"picked":"Flex+1","floor":24.0},{"not_picked":["Clothesline","Body Slam+1","Perfected Strike"],"picked":"SKIP","floor":27.0},{"not_picked":["Disarm","Thunderclap"],"picked":"Shrug It Off+1","floor":30.0},{"not_picked":["Wild Strike","Iron Wave","Demon Form"],"picked":"SKIP","floor":31},{"not_picked":["Barricade","Brutality"],"picked":"Bludgeon","floor":33},{"not_picked":["Whirlwind","Thunderclap"],"picked":"Seeing Red","floor":35},{"not_picked":["Hemokinesis","Disarm","Pummel"],"picked":"SKIP","floor":41},{"not_picked":["Second Wind","True Grit","Shockwave"],"picked":"SKIP","floor":41},{"not_picked":["Fiend Fire","Twin Strike","Heavy Blade"],"picked":"SKIP","floor":45},{"not_picked":["Hemokinesis+1","Anger+1","Flex"],"picked":"SKIP","floor":45}],"player_experience":348689,"relics_obtained":[{"floor":5.0,"key":"Smiling Mask"},{"floor":8.0,"key":"Sundial"},{"floor":9.0,"key":"Blue Candle"},{"floor":26.0,"key":"Darkstone Periapt"},{"floor":36,"key":"Prayer Wheel"},{"floor":43,"key":"Paper Frog"}],"event_choices":[{"damage_healed":0.0,"max_hp_gain":0.0,"max_hp_loss":0.0,"gold_gain":0.0,"event_name":"Shining Light","player_choice":"Entered Light","floor":3.0,"gold_loss":0.0,"damage_taken":16.0,"cards_upgraded":["Strike_R","Bash"]},{"damage_healed":0.0,"max_hp_gain":0.0,"max_hp_loss":0.0,"gold_gain":0.0,"event_name":"Living Wall","player_choice":"Grow","floor":4.0,"gold_loss":0.0,"damage_taken":0.0,"cards_upgraded":["Dual Wield"]},{"damage_healed":0.0,"max_hp_gain":0.0,"max_hp_loss":0.0,"gold_gain":0.0,"event_name":"The Cleric","player_choice":"Leave","floor":7.0,"gold_loss":0.0,"damage_taken":0.0},{"damage_healed":0.0,"max_hp_gain":0.0,"max_hp_loss":0.0,"gold_gain":0.0,"event_name":"Masked Bandits","player_choice":"Paid Fearfully","floor":19.0,"gold_loss":183.0,"damage_taken":0.0},{"damage_healed":0.0,"max_hp_gain":0.0,"max_hp_loss":0.0,"gold_gain":0.0,"event_name":"Vampires","player_choice":"Ignored","floor":20.0,"gold_loss":0.0,"damage_taken":0.0},{"cards_removed":["Inflame"],"damage_healed":69.0,"max_hp_gain":0.0,"max_hp_loss":0.0,"gold_gain":0.0,"event_name":"Bonfire Elementals","player_choice":"Offered Uncommon","floor":22.0,"gold_loss":0.0,"damage_taken":0.0},{"damage_healed":0.0,"max_hp_gain":0.0,"max_hp_loss":0.0,"gold_gain":0.0,"event_name":"Back to Basics","player_choice":"Simplicity","floor":29.0,"gold_loss":0.0,"damage_taken":0.0,"cards_upgraded":["Strike_R","Strike_R","Strike_R","Strike_R","Defend_R","Defend_R","Defend_R","Defend_R"]},{"damage_healed":0,"gold_gain":0,"player_choice":"Fight","damage_taken":0,"max_hp_gain":0,"max_hp_loss":0,"event_name":"MindBloom","floor":36,"gold_loss":0},{"damage_healed":72,"gold_gain":0,"player_choice":"Heal","damage_taken":0,"max_hp_gain":0,"max_hp_loss":10,"event_name":"The Moai Head","floor":38,"gold_loss":0},{"damage_healed":0,"gold_gain":0,"player_choice":"Ignored","damage_taken":0,"max_hp_gain":0,"max_hp_loss":0,"event_name":"Transmorgrifier","floor":39,"gold_loss":0}],"is_beta":false,"boss_relics":[{"not_picked":["Runic Pyramid","Fusion Hammer"],"picked":"Black Blood"},{"not_picked":["Astrolabe","Runic Cube"],"picked":"Philosopher\u0027s Stone"}],"items_purged_floors":[42],"is_endless":false,"potions_floor_spawned":[8,12,13,14,18,24,27,33,37,45],"killed_by":"Giant Head","ascension_level":14}}