{"host":"d6ni0fvdmr494qs7","time":1613276347,"event":{"mods":["ATMod(°¢èªMod)","BaseMod","Colored Powertips","Minty Spire (QoL Compilation)","Replay The Spire","Spicy Shops","StSLib","The Blue Laboratory","¡¾ÒÅÎï¿¨ÅÆ¡¿REMEMod"],"gold_per_floor":[114,114,126,139,155,190,190,36,59,59,85,55,73,87,87,191,191,208,208,29,128,128,128,161,172,172,197,197,210,210,241,241,345,445,460,515,515,530,470,470,502,502,502,551,551,571,606,481,481,481,481,481,481,512,512],"floor_reached":56,"language":"ZHS","playtime":4581,"items_purged":["Pain","Shame","ReplayTheSpireMod:Splinters"],"score":1363,"play_id":"7f6dd0b0-1d5e-4d12-920c-f021a89902c3","local_time":"20210214121907","is_ascension_mode":true,"campfire_choices":[{"data":"Dualcast","floor":7.0,"key":"SMITH"},{"data":"Coolheaded","floor":10.0,"key":"SMITH"},{"data":"Compile Driver","floor":10.0,"key":"SMITH"},{"data":"AT_ThunderBolt","floor":15.0,"key":"SMITH"},{"data":"Recycle","floor":15.0,"key":"SMITH"},{"data":"Multi-Cast","floor":23.0,"key":"SMITH"},{"data":"Darkness","floor":23.0,"key":"SMITH"},{"floor":28.0,"key":"REST"},{"data":"Turbo","floor":30.0,"key":"SMITH"},{"data":"Panic Button","floor":30.0,"key":"SMITH"},{"data":"Conserve Battery","floor":32.0,"key":"SMITH"},{"data":"Conserve Battery","floor":32.0,"key":"SMITH"},{"data":"Time Bomb","floor":40.0,"key":"SMITH"},{"data":"Thunder Strike","floor":40.0,"key":"SMITH"},{"data":"Chaos","floor":42.0,"key":"SMITH"},{"data":"Ball Lightning","floor":42.0,"key":"SMITH"},{"floor":45,"key":"RECALL"},{"data":"Coolheaded","floor":49,"key":"SMITH"},{"data":"Defend_B","floor":49,"key":"SMITH"},{"data":"Strike_B","floor":52,"key":"SMITH"},{"data":"Defend_B","floor":52,"key":"SMITH"}],"circlet_count":0,"master_deck":["Strike_B","Strike_B","Strike_B+1","Defend_B+1","Defend_B+1","Defend_B","Dualcast+1","Coolheaded+1","Darkness+1","Ball Lightning+1","Compile Driver+1","Recycle+1","AT_ThunderBolt+1","Multi-Cast+1","Conserve Battery+1","Panic Button+1","Turbo+1","Conserve Battery+1","Thunder Strike+1","Ball Lightning+1","Time Bomb+1","Chaos+1","Coolheaded+1","Static Discharge"],"relics":["Cracked Core","AT_ATBox","REME_ComplimentaryCards","WarpedTongs","Replay:Antivirus Software","Replay:Arrowhead","AT_ChloranthyRing","PreservedInsect","Black Star","AT_ForceNature","AT_LudenTempest","ReplayTheSpireMod:Lightbulb","Mirror","Bottled Flame","Juzu Bracelet","Thread and Needle","Bronze Scales","Replay:Wanted Poster","Counterbalance","AT_SpeedBoots","Replay:Ringing Soul","Ancient Tea Set","Ornamental Fan","AT_TimeSand","Gremlin Horn","Replay:Bottled Steam","ReplayTheSpireMod:Shallot"],"acts_visited":["Exordium","TheCity","TheBeyond","TheEnding"],"potions_floor_usage":[],"damage_taken":[{"damage":0.0,"enemies":"Cultist","floor":1.0,"turns":4.0},{"damage":1.0,"enemies":"Small Slimes","floor":3.0,"turns":2.0},{"damage":3.0,"enemies":"2 Louse","floor":4.0,"turns":2.0},{"damage":9.0,"enemies":"Blue Slaver","floor":5.0,"turns":3.0},{"damage":16.0,"enemies":"3 Sentries","floor":6.0,"turns":8.0},{"damage":12.0,"enemies":"Gremlin Nob","floor":11.0,"turns":4.0},{"damage":1.0,"enemies":"Looter","floor":13.0,"turns":3.0},{"damage":5.0,"enemies":"Gremlin Gang","floor":14.0,"turns":3.0},{"damage":20.0,"enemies":"Fading Forest","floor":16.0,"turns":13.0},{"damage":28.0,"enemies":"3 Byrds","floor":18.0,"turns":4.0},{"damage":3.0,"enemies":"Replay:Snechameleon","floor":24.0,"turns":2.0},{"damage":15.0,"enemies":"2 Thieves","floor":25.0,"turns":3.0},{"damage":22.0,"enemies":"Gremlin Leader","floor":27.0,"turns":5.0},{"damage":0.0,"enemies":"Snake Plant","floor":29.0,"turns":2.0},{"damage":4.0,"enemies":"Book of Stabbing","floor":31.0,"turns":3.0},{"damage":4.0,"enemies":"Automaton","floor":33.0,"turns":7.0},{"damage":0.0,"enemies":"3 Darklings","floor":35.0,"turns":3.0},{"damage":18.0,"enemies":"2 Orb Walkers","floor":36.0,"turns":4.0},{"damage":0.0,"enemies":"Orb Walker","floor":38.0,"turns":2.0},{"damage":11.0,"enemies":"R_Hoarder","floor":41.0,"turns":4.0},{"damage":0,"enemies":"Spire Growth","floor":46,"turns":2},{"damage":21,"enemies":"Nemesis","floor":47,"turns":3},{"damage":12,"enemies":"Donu and Deca","floor":50,"turns":4},{"damage":24,"enemies":"Shield and Spear","floor":54,"turns":2},{"damage":59,"enemies":"The Heart","floor":55,"turns":8}],"seed_played":"4414180731520611000","potions_obtained":[{"floor":1.0,"key":"Milkshake"},{"floor":4.0,"key":"blueLaboratory:TrueEctoplasm"},{"floor":11.0,"key":"Venom Potion"},{"floor":12.0,"key":"LiquidMemories"},{"floor":12.0,"key":"Toxic Potion"},{"floor":16.0,"key":"FearPotion"},{"floor":38.0,"key":"Swift Potion"},{"floor":46,"key":"DuplicationPotion"}],"is_trial":false,"path_per_floor":["M","?","M","M","M","E","R","$","T","R","E","?","M","M","R","B",null,"M","?","$","?","?","R","E","M","T","E","R","M","R","E","R","B",null,"M","?","?","M","?","R","E","R","T","?","R","M","E","$","R","B",null,"R","$","E","B",null],"character_chosen":"DEFECT","items_purchased":["Replay:Arrowhead","AT_LudenTempest"],"campfire_rested":1,"item_purchase_floors":[8,20],"current_hp_per_floor":[75,75,74,71,62,46,46,46,46,46,34,34,33,28,28,48,75,47,47,47,47,47,47,44,29,29,7,29,29,29,25,25,21,75,75,57,57,57,57,57,49,49,49,52,52,52,34,34,34,22,84,84,84,63,4],"gold":512,"neow_bonus":"REMOVE_CARD","is_daily":false,"chose_seed":false,"campfire_upgraded":19,"win_rate":0.0,"timestamp":1613276347,"path_taken":["M","?","M","M","?","E","R","$","T","R","E","?","?","M","R","BOSS","M","?","$","?","?","R","E","?","T","E","R","M","R","E","R","BOSS","M","?","?","M","?","R","E","R","T","?","R","M","E","$","R","BOSS","R","$","E","BOSS"],"items_purchased_type":["Relic","Relic"],"build_version":"2020-12-22","purchased_purges":3,"victory":true,"max_hp_per_floor":[75,75,75,75,75,75,75,75,75,75,75,75,75,75,75,75,75,75,75,75,75,75,75,75,75,75,75,75,75,75,75,75,75,75,75,75,75,75,75,75,78,78,78,81,81,81,84,84,84,84,84,84,84,87,87],"card_choices":[{"not_picked":["ReplaySolidLightProjector","Gash"],"picked":"Coolheaded","floor":1.0},{"not_picked":["Coolheaded","FTL"],"picked":"Darkness","floor":3.0},{"not_picked":["Conserve Battery","BasicCrystalCard"],"picked":"Ball Lightning","floor":4.0},{"not_picked":["AT_ThreeBodyProblem","Heatsinks"],"picked":"Compile Driver","floor":5.0},{"not_picked":["ReplayTheSpireMod:System Scan","Ball Lightning","Coolheaded"],"picked":"SKIP","floor":6.0},{"not_picked":["Hologram","ReplayTheSpireMod:GoodbyeWorld","BootSequence"],"picked":"SKIP","floor":11.0},{"not_picked":["Go for the Eyes","Stack"],"picked":"Recycle","floor":13.0},{"not_picked":["REME_Whirling","AT_StudyProgram"],"picked":"AT_ThunderBolt","floor":14.0},{"not_picked":["Biased Cognition","All For One"],"picked":"Multi-Cast","floor":16.0},{"not_picked":["FTL","Tempest"],"picked":"Conserve Battery","floor":18.0},{"not_picked":["AT_RobotInSpace","Amplify","ReplaySort"],"picked":"SKIP","floor":24.0},{"not_picked":["Ball Lightning","Leap"],"picked":"Panic Button","floor":25.0},{"not_picked":["Stack","Compile Driver+1"],"picked":"Turbo","floor":27.0},{"not_picked":["ReplayTheSpireMod:Calculation Training","Turbo+1","AT_HeatAcrobatics"],"picked":"SKIP","floor":29.0},{"not_picked":["Storm","Sunder"],"picked":"Conserve Battery","floor":31.0},{"not_picked":["Biased Cognition","Buffer"],"picked":"Thunder Strike","floor":33.0},{"not_picked":["Cold Snap+1","AT_RobotInSpace"],"picked":"Ball Lightning+1","floor":35.0},{"not_picked":["ReplayTheSpireMod:GoodbyeWorld+1","Gash+1"],"picked":"Time Bomb","floor":36.0},{"not_picked":["Hello World+1","Beam Cell","Panic Button+1"],"picked":"SKIP","floor":38.0},{"not_picked":["AT_HeatAcrobatics+1","Hologram+1"],"picked":"Chaos","floor":41.0},{"not_picked":["ReplayTheSpireMod:System Scan+1","BootSequence","Cold Snap+1"],"picked":"SKIP","floor":46},{"not_picked":["Barrage+1","Recycle"],"picked":"Coolheaded","floor":47},{"not_picked":["Panic Button","Amplify"],"picked":"Static Discharge","floor":54}],"player_experience":198593,"relics_obtained":[{"floor":6.0,"key":"Replay:Antivirus Software"},{"floor":9.0,"key":"AT_ChloranthyRing"},{"floor":11.0,"key":"PreservedInsect"},{"floor":24.0,"key":"ReplayTheSpireMod:Lightbulb"},{"floor":24.0,"key":"Mirror"},{"floor":27.0,"key":"Bottled Flame"},{"floor":27.0,"key":"Juzu Bracelet"},{"floor":31.0,"key":"Thread and Needle"},{"floor":31.0,"key":"Bronze Scales"},{"floor":36.0,"key":"Counterbalance"},{"floor":41.0,"key":"AT_SpeedBoots"},{"floor":41.0,"key":"Replay:Ringing Soul"},{"floor":43.0,"key":"Ancient Tea Set"},{"floor":44,"key":"Ornamental Fan"},{"floor":47,"key":"AT_TimeSand"},{"floor":47,"key":"Gremlin Horn"},{"floor":54,"key":"Replay:Bottled Steam"},{"floor":54,"key":"ReplayTheSpireMod:Shallot"}],"event_choices":[{"damage_healed":0.0,"max_hp_gain":0.0,"max_hp_loss":0.0,"gold_gain":0.0,"event_name":"Accursed Blacksmith","player_choice":"Rummage","floor":2.0,"gold_loss":0.0,"damage_taken":0.0,"relics_obtained":["WarpedTongs"],"cards_obtained":["Pain"]},{"damage_healed":0.0,"max_hp_gain":0.0,"max_hp_loss":0.0,"gold_gain":0.0,"event_name":"The Woman in Blue","player_choice":"Bought 2 Potions","floor":12.0,"gold_loss":0.0,"damage_taken":0.0},{"damage_healed":0.0,"max_hp_gain":0.0,"max_hp_loss":0.0,"gold_gain":0.0,"event_name":"Addict","player_choice":"Stole Relic","floor":19.0,"gold_loss":0.0,"damage_taken":0.0,"relics_obtained":["AT_ForceNature"],"cards_obtained":["Shame"]},{"damage_healed":0.0,"max_hp_gain":0.0,"max_hp_loss":0.0,"gold_gain":99.0,"event_name":"Nest","player_choice":"Stole From Cult","floor":21.0,"gold_loss":0.0,"damage_taken":0.0},{"cards_removed":["Zap"],"damage_healed":0.0,"max_hp_gain":0.0,"max_hp_loss":0.0,"gold_gain":0.0,"event_name":"Purifier","player_choice":"Purged","floor":22.0,"gold_loss":0.0,"damage_taken":0.0},{"damage_healed":0.0,"max_hp_gain":0.0,"max_hp_loss":0.0,"gold_gain":0.0,"event_name":"Mysterious Sphere","player_choice":"Fight","floor":36.0,"gold_loss":0.0,"damage_taken":0.0},{"damage_healed":0.0,"max_hp_gain":0.0,"max_hp_loss":0.0,"gold_gain":0.0,"event_name":"Tomb of Lord Red Mask","player_choice":"Ignored","floor":37.0,"gold_loss":0.0,"damage_taken":0.0},{"cards_removed":["Defend_B"],"damage_healed":0.0,"max_hp_gain":0.0,"max_hp_loss":0.0,"gold_gain":0.0,"event_name":"Designer","player_choice":"Single Remove","floor":39.0,"gold_loss":60.0,"damage_taken":0.0}],"is_beta":false,"boss_relics":[{"not_picked":["Ectoplasm","Runic Dome"],"picked":"Black Star"},{"not_picked":["Velvet Choker","Snecko Eye"],"picked":"Replay:Wanted Poster"}],"items_purged_floors":[8,20,48],"is_endless":false,"potions_floor_spawned":[1,4,11,16,25,27,29,38,41,46,47,54],"ascension_level":2}}