{"host":"p25bz88bsavvfmyg","time":1613342785,"event":{"mods":["BaseMod","Minty Spire (QoL Compilation)","Permanent Neow","StSLib"],"gold_per_floor":[112,112,123,123,123,150,150,180,180,192,203,217,217,251,251,352,352,362,362,376,393,412,443,455,498,510,536,558,570,40,40,40,141,141,158,208,220,266,266,293,305,335,335,361,372,400,400,411,411,411,411,411,48,75,75],"floor_reached":56,"language":"ENG","playtime":5019,"items_purged":["Strike_B","Shame"],"score":1532,"play_id":"6a66fa34-fb90-464e-8703-087e638462c5","local_time":"20210214234625","is_ascension_mode":true,"campfire_choices":[{"floor":7.0,"key":"RECALL"},{"data":"Echo Form","floor":15.0,"key":"SMITH"},{"data":"Coolheaded","floor":32.0,"key":"SMITH"},{"floor":47,"key":"REST"},{"data":"Seek","floor":49,"key":"SMITH"},{"data":"Dualcast","floor":52,"key":"SMITH"}],"circlet_count":0,"master_deck":["Strike_B","Strike_B","Defend_B","Defend_B","Defend_B+1","Defend_B","Zap+1","Dualcast+1","Ball Lightning","Lockon+1","Genetic Algorithm+1","Sweeping Beam","Echo Form+1","Cold Snap+1","Coolheaded+1","Defragment+1","Genetic Algorithm+1","Ball Lightning+1","Coolheaded+1","Consume+1","Glacier","Seek+1","Defragment","Chill"],"relics":["Cracked Core","Vajra","Shuriken","InkBottle","Lizard Tail","Juzu Bracelet","Sozu","Bag of Marbles","MawBank","MealTicket","Bottled Lightning","Runic Capacitor","Strawberry","Happy Flower","Regal Pillow","Black Star","Girya","Ginger","Anchor","Bronze Scales","Potion Belt","Bag of Preparation","Blood Vial","Turnip","Kunai","Gremlin Horn","Pen Nib","Pocketwatch","Oddly Smooth Stone"],"acts_visited":["Exordium","TheCity","TheBeyond","TheEnding"],"potions_floor_usage":[46],"damage_taken":[{"damage":0.0,"enemies":"2 Louse","floor":1.0,"turns":2.0},{"damage":2.0,"enemies":"Jaw Worm","floor":3.0,"turns":3.0},{"damage":17.0,"enemies":"Lagavulin","floor":6.0,"turns":4.0},{"damage":17.0,"enemies":"3 Sentries","floor":8.0,"turns":5.0},{"damage":0.0,"enemies":"Small Slimes","floor":10.0,"turns":3.0},{"damage":0.0,"enemies":"Gremlin Gang","floor":11.0,"turns":3.0},{"damage":0.0,"enemies":"Large Slime","floor":12.0,"turns":4.0},{"damage":0.0,"enemies":"Lagavulin","floor":14.0,"turns":7.0},{"damage":12.0,"enemies":"Slime Boss","floor":16.0,"turns":6.0},{"damage":4.0,"enemies":"Shell Parasite","floor":18.0,"turns":4.0},{"damage":0.0,"enemies":"Chosen","floor":20.0,"turns":3.0},{"damage":0.0,"enemies":"Centurion and Healer","floor":21.0,"turns":4.0},{"damage":0.0,"enemies":"Snecko","floor":22.0,"turns":4.0},{"damage":17.0,"enemies":"Gremlin Leader","floor":23.0,"turns":5.0},{"damage":14.0,"enemies":"Book of Stabbing","floor":25.0,"turns":4.0},{"damage":10.0,"enemies":"Snake Plant","floor":27.0,"turns":4.0},{"damage":6.0,"enemies":"Shelled Parasite and Fungi","floor":28.0,"turns":5.0},{"damage":40.0,"enemies":"Automaton","floor":33.0,"turns":9.0},{"damage":16.0,"enemies":"3 Darklings","floor":35.0,"turns":5.0},{"damage":31.0,"enemies":"Mind Bloom Boss Battle","floor":36.0,"turns":8.0},{"damage":0.0,"enemies":"3 Shapes","floor":37.0,"turns":6.0},{"damage":27.0,"enemies":"2 Orb Walkers","floor":38.0,"turns":5.0},{"damage":9.0,"enemies":"Reptomancer","floor":40.0,"turns":8.0},{"damage":0.0,"enemies":"Jaw Worm Horde","floor":41.0,"turns":4.0},{"damage":32.0,"enemies":"Nemesis","floor":42.0,"turns":7.0},{"damage":28,"enemies":"Reptomancer","floor":44,"turns":8},{"damage":0,"enemies":"3 Darklings","floor":45,"turns":5},{"damage":16,"enemies":"Nemesis","floor":46,"turns":9},{"damage":6,"enemies":"Maw","floor":48,"turns":9},{"damage":37,"enemies":"Awakened One","floor":50,"turns":11},{"damage":38,"enemies":"Shield and Spear","floor":54,"turns":8},{"damage":76,"enemies":"The Heart","floor":55,"turns":12}],"seed_played":"1288046361341535834","potions_obtained":[{"floor":3.0,"key":"Fruit Juice"},{"floor":10.0,"key":"Swift Potion"},{"floor":11.0,"key":"ColorlessPotion"},{"floor":16.0,"key":"SteroidPotion"}],"is_trial":false,"path_per_floor":["M","?","M","?","?","E","R","E","T","M","M","M","?","E","R","B",null,"M","?","M","M","M","E","?","E","T","M","M","?","$","?","R","B",null,"M","?","M","?","?","E","M","E","T","E","M","E","R","M","R","B",null,"R","$","E","B",null],"character_chosen":"DEFECT","items_purchased":["Runic Capacitor","Strawberry","Happy Flower","Defragment","Pen Nib","Chill"],"campfire_rested":1,"item_purchase_floors":[30,30,30,53,53,53],"current_hp_per_floor":[75,68,66,66,51,34,34,17,17,17,17,17,17,17,17,5,75,71,71,71,71,71,54,54,40,40,30,24,85,92,92,92,52,92,76,45,45,18,80,71,71,39,39,11,13,4,44,40,40,5,85,85,85,47,28],"gold":75,"neow_bonus":"RANDOM_COMMON_RELIC","is_daily":false,"chose_seed":false,"campfire_upgraded":4,"win_rate":0.0,"timestamp":1613342785,"path_taken":["M","?","M","?","?","E","R","E","T","M","M","M","?","E","R","BOSS","M","?","M","M","M","E","?","E","T","M","M","?","?","?","R","BOSS","M","?","M","?","?","E","M","E","T","E","M","E","R","M","R","BOSS","R","$","E","BOSS"],"items_purchased_type":["Relic","Relic","Relic","Card","Relic","Card"],"build_version":"2020-12-22","purchased_purges":2,"victory":true,"max_hp_per_floor":[75,75,75,75,75,75,75,75,75,75,75,75,75,75,75,75,75,75,75,75,75,75,75,75,75,75,75,75,85,92,92,92,92,92,92,92,92,92,80,80,80,80,80,80,80,85,85,85,85,85,85,85,85,85,85],"card_choices":[{"not_picked":["Compile Driver","Streamline"],"picked":"Ball Lightning","floor":1.0},{"not_picked":["Aggregate","Skim"],"picked":"Lockon","floor":3.0},{"not_picked":["Hologram","Compile Driver","Fusion"],"picked":"SKIP","floor":6.0},{"not_picked":["Seek","Hologram"],"picked":"Genetic Algorithm","floor":8.0},{"not_picked":["Go for the Eyes","Heatsinks"],"picked":"Sweeping Beam","floor":10.0},{"not_picked":["Beam Cell","Steam"],"picked":"Echo Form","floor":11.0},{"not_picked":["Turbo","Go for the Eyes","Redo"],"picked":"SKIP","floor":12.0},{"not_picked":["Sweeping Beam","Heatsinks","Leap"],"picked":"SKIP","floor":14.0},{"not_picked":["Machine Learning","Reboot"],"picked":"Rainbow","floor":16.0},{"not_picked":["Steam","Streamline","Leap"],"picked":"SKIP","floor":18.0},{"not_picked":["Rebound","Scrape"],"picked":"Cold Snap+1","floor":20.0},{"not_picked":["Rebound","Sunder"],"picked":"Coolheaded","floor":21.0},{"not_picked":["Ball Lightning","Genetic Algorithm"],"picked":"Defragment+1","floor":22.0},{"not_picked":["Compile Driver","Rebound","Scrape"],"picked":"SKIP","floor":23.0},{"not_picked":["Cold Snap","Sweeping Beam","Undo"],"picked":"SKIP","floor":25.0},{"not_picked":["Sweeping Beam","Reboot","Blizzard+1"],"picked":"SKIP","floor":27.0},{"not_picked":["BootSequence","Tempest+1","Stack"],"picked":"SKIP","floor":28.0},{"not_picked":["Melter","Leap+1","Turbo+1"],"picked":"SKIP","floor":35.0},{"not_picked":["Turbo","Steam+1"],"picked":"Ball Lightning+1","floor":36.0},{"not_picked":["Beam Cell+1","Reinforced Body"],"picked":"Coolheaded+1","floor":37.0},{"not_picked":["Aggregate","Consume+1","Recycle+1"],"picked":"SKIP","floor":40.0},{"not_picked":["Aggregate","Recycle+1"],"picked":"Consume+1","floor":40.0},{"not_picked":["BootSequence+1","Rip and Tear+1"],"picked":"Glacier","floor":41.0},{"not_picked":["Skim+1","Cold Snap"],"picked":"Seek","floor":42.0},{"not_picked":["Redo+1","Undo+1","Sunder+1"],"picked":"SKIP","floor":44},{"not_picked":["Genetic Algorithm","Go for the Eyes+1","Ball Lightning+1"],"picked":"SKIP","floor":45},{"not_picked":["Redo+1","Sunder","Genetic Algorithm+1"],"picked":"SKIP","floor":46},{"not_picked":["Conserve Battery","Streamline+1","Force Field"],"picked":"SKIP","floor":48},{"not_picked":["Conserve Battery","Hyperbeam","Double Energy"],"picked":"SKIP","floor":54}],"player_experience":488826,"relics_obtained":[{"floor":6.0,"key":"Shuriken"},{"floor":8.0,"key":"InkBottle"},{"floor":9.0,"key":"Lizard Tail"},{"floor":14.0,"key":"Juzu Bracelet"},{"floor":23.0,"key":"MawBank"},{"floor":25.0,"key":"MealTicket"},{"floor":26.0,"key":"Bottled Lightning"},{"floor":36.0,"key":"Girya"},{"floor":38.0,"key":"Ginger"},{"floor":40.0,"key":"Anchor"},{"floor":40.0,"key":"Bronze Scales"},{"floor":42.0,"key":"Potion Belt"},{"floor":42.0,"key":"Bag of Preparation"},{"floor":44,"key":"Blood Vial"},{"floor":44,"key":"Turnip"},{"floor":46,"key":"Kunai"},{"floor":46,"key":"Gremlin Horn"},{"floor":54,"key":"Pocketwatch"},{"floor":54,"key":"Oddly Smooth Stone"}],"event_choices":[{"cards_removed":["Strike_B"],"damage_healed":0.0,"max_hp_gain":0.0,"max_hp_loss":0.0,"gold_gain":0.0,"event_name":"Golden Wing","player_choice":"Card Removal","floor":2.0,"gold_loss":0.0,"damage_taken":7.0},{"damage_healed":0.0,"max_hp_gain":0.0,"max_hp_loss":0.0,"gold_gain":0.0,"event_name":"Living Wall","player_choice":"Grow","floor":4.0,"gold_loss":0.0,"damage_taken":0.0,"cards_upgraded":["Zap"]},{"damage_healed":0.0,"max_hp_gain":0.0,"max_hp_loss":0.0,"gold_gain":0.0,"event_name":"Shining Light","player_choice":"Entered Light","floor":5.0,"gold_loss":0.0,"damage_taken":15.0,"cards_upgraded":["Lockon","Defend_B"]},{"damage_healed":0.0,"max_hp_gain":0.0,"max_hp_loss":0.0,"gold_gain":0.0,"event_name":"Accursed Blacksmith","player_choice":"Forge","floor":13.0,"gold_loss":0.0,"damage_taken":0.0,"cards_upgraded":["Genetic Algorithm"]},{"damage_healed":0.0,"max_hp_gain":0.0,"max_hp_loss":0.0,"gold_gain":0.0,"event_name":"The Mausoleum","player_choice":"Opened","floor":19.0,"gold_loss":0.0,"damage_taken":0.0,"relics_obtained":["Bag of Marbles"]},{"damage_healed":0.0,"max_hp_gain":0.0,"max_hp_loss":0.0,"gold_gain":0.0,"event_name":"Duplicator","player_choice":"Copied","floor":24.0,"gold_loss":0.0,"damage_taken":0.0,"cards_obtained":["Genetic Algorithm"]},{"cards_removed":["Rainbow"],"damage_healed":51.0,"max_hp_gain":10.0,"max_hp_loss":0.0,"gold_gain":0.0,"event_name":"Bonfire Elementals","player_choice":"Offered Rare","floor":29.0,"gold_loss":0.0,"damage_taken":0.0},{"damage_healed":0.0,"max_hp_gain":0.0,"max_hp_loss":0.0,"gold_gain":0.0,"event_name":"Addict","player_choice":"Stole Relic","floor":31.0,"gold_loss":0.0,"damage_taken":0.0,"relics_obtained":["Regal Pillow"],"cards_obtained":["Shame"]},{"damage_healed":0.0,"max_hp_gain":0.0,"max_hp_loss":0.0,"gold_gain":0.0,"event_name":"MindBloom","player_choice":"Fight","floor":36.0,"gold_loss":0.0,"damage_taken":0.0},{"damage_healed":0.0,"max_hp_gain":0.0,"max_hp_loss":0.0,"gold_gain":0.0,"event_name":"Mysterious Sphere","player_choice":"Fight","floor":38.0,"gold_loss":0.0,"damage_taken":0.0},{"damage_healed":80.0,"max_hp_gain":0.0,"max_hp_loss":12.0,"gold_gain":0.0,"event_name":"The Moai Head","player_choice":"Heal","floor":39.0,"gold_loss":0.0,"damage_taken":0.0}],"is_beta":false,"boss_relics":[{"not_picked":["Empty Cage","FrozenCore"],"picked":"Sozu"},{"not_picked":["Tiny House","Fusion Hammer"],"picked":"Black Star"}],"items_purged_floors":[30,53],"is_endless":false,"potions_floor_spawned":[3,10,11,16,18,25,28,33,36,38,40,42,54],"ascension_level":4}}