{"host":"g53g9qlo34vrqi92","time":1613286661,"event":{"mods":["Aspiration","Bard","BaseMod","Beaked The Cultist","BetterRewards","Colored Map","Conspire","Energized Spire","Fiend Mod","GifTheSpireLib","Googly Eyes","Gremlin Skip","Halation","Hermit","Hubris","Infinite Spire","Jedi Mod","Minty Spire (QoL Compilation)","Permanent Neow","Quick Restart","Relic Filter","Replay The Spire","Spikes Relics","StSLib","Stuff the Spire","Synergy Search","The Bladedancer","The Bug Knight","The Construct","The Cursed","The Forsaken","The Jungle","The Necromancer","The Spell Scribe","The Trickster","Trackpad","slay the spire mod where everything is the same but ironclad has a cowboy hat"],"gold_per_floor":[112,128,147,96,96,130,144,144,144,144,144,26,26,46,46,147,147,159,32,50,64,78,78,113,113,136,148,73,88,88,106,106,207,207,224,524,534,534,604,604,634,649,649,664,378,378,389,406,406,426],"floor_reached":51,"language":"ENG","playtime":2502,"items_purged":["hubris:Compulsion"],"score":1001,"play_id":"db2bbee8-7a23-4472-8d30-cf795f000f5e","local_time":"20210213231101","is_ascension_mode":false,"campfire_choices":[{"data":"1","floor":11,"key":"LIFT"},{"data":"2","floor":13,"key":"LIFT"},{"data":"3","floor":15,"key":"LIFT"},{"floor":23,"key":"REST"},{"floor":30,"key":"REST"},{"floor":32,"key":"REST"},{"floor":40,"key":"REST"},{"floor":49,"key":"REST"}],"circlet_count":0,"master_deck":["Strike_R","Strike_R","Strike_R","Strike_R","Strike_R","Defend_R","Defend_R","Defend_R","Defend_R","Bash+1","Panacea+1","hubris:ReadiedAction","Absolvement+1","StuffTheSpire:Incineration+1","Invigoration+1","Iron Wave+1","Replay:Undeath\u0027s Touch","StuffTheSpire:Incineration","StuffTheSpire:Incineration","Ghostly Armor+1","Inflame+1","Flame Barrier+1","Sentinel+1","Abandon+1","ReplayTheSpireMod:Strike From Hell+1","jedi:bloodyhammer","Barricade+1","Ghostly Armor+1","Twin Strike+1","Inflame","StuffTheSpire:Incineration+1","Pommel Strike+1","Shrug It Off+1","hubris:ReadiedAction+1"],"relics":["Burning Blood","Girya","Replay:Baseball","trackpad:Compendium","hubris:Towel","ReplayTheSpireMod:CursedCoin","conspire:DeflatedDodgeball","aspiration:PoetsPen_weak","infinitespire:ShieldingShard","trackpad:AdjectivePendant","Honey Jar","Paper Frog","ReplayTheSpireMod:Spearhead","halation:AfternoonTea","Another Sword","halation:PapillonHeart"],"acts_visited":["Exordium","TheCity","TheBeyond"],"potions_floor_usage":[20,24,48,50,50,50],"damage_taken":[{"damage":10,"enemies":"Jaw Worm","floor":1,"turns":4},{"damage":5,"enemies":"Small Slimes","floor":2,"turns":3},{"damage":0,"enemies":"2 Louse","floor":3,"turns":3},{"damage":14,"enemies":"HollowMod:MossKnight","floor":6,"turns":7},{"damage":5,"enemies":"Looter","floor":7,"turns":2},{"damage":7,"enemies":"Blue Slaver","floor":14,"turns":3},{"damage":32,"enemies":"Slime Boss","floor":16,"turns":2},{"damage":0,"enemies":"2 Thieves","floor":18,"turns":2},{"damage":8,"enemies":"conspire:FuzzyDice","floor":20,"turns":4},{"damage":28,"enemies":"conspire:HollyBat","floor":21,"turns":7},{"damage":14,"enemies":"Centurion and Healer","floor":22,"turns":5},{"damage":18,"enemies":"Book of Stabbing","floor":24,"turns":5},{"damage":6,"enemies":"3 Cultists","floor":27,"turns":4},{"damage":7,"enemies":"Shelled Parasite and Fungi","floor":29,"turns":2},{"damage":20,"enemies":"conspire:HollyBat","floor":31,"turns":8},{"damage":70,"enemies":"Champ","floor":33,"turns":8},{"damage":0,"enemies":"Orb Walker","floor":35,"turns":3},{"damage":29,"enemies":"3 Darklings","floor":37,"turns":4},{"damage":46,"enemies":"HollowMod:StalkingDevout","floor":41,"turns":6},{"damage":32,"enemies":"Spire Growth","floor":42,"turns":4},{"damage":2,"enemies":"4 Shapes","floor":44,"turns":5},{"damage":4,"enemies":"Writhing Mass","floor":47,"turns":2},{"damage":0,"enemies":"Jaw Worm Horde","floor":48,"turns":2},{"damage":20,"enemies":"Donu and Deca","floor":50,"turns":5}],"seed_played":"-8341813487410421845","potions_obtained":[{"floor":2,"key":"jedi:mysterypotion"},{"floor":7,"key":"DistilledChaos"},{"floor":14,"key":"Weak Potion"},{"floor":21,"key":"SteroidPotion"},{"floor":24,"key":"ColorlessPotion"},{"floor":41,"key":"Regen Potion"},{"floor":44,"key":"jedi:StrikingPotion"},{"floor":47,"key":"jedi:StrikingPotion"}],"is_trial":false,"path_per_floor":["M","M","M","$","?","E","M","?","T","?","R","$","R","M","R","B",null,"M","$","M","M","M","R","E","?","T","M","$","M","R","M","R","B",null,"M","?","M","?","T","R","E","M","T","M","$","?","M","M","R","B",null],"character_chosen":"IRONCLAD","items_purchased":["Panacea","Replay:Baseball","Invigoration+1","ReplayTheSpireMod:CursedCoin","conspire:DeflatedDodgeball","StuffTheSpire:Incineration","Inflame+1","Flame Barrier","Another Sword"],"campfire_rested":5,"item_purchase_floors":[0,0,4,12,12,12,19,19,45],"current_hp_per_floor":[55,56,62,62,62,54,55,70,70,70,70,70,70,69,69,43,80,80,80,78,56,48,72,60,60,60,60,60,59,80,66,80,16,80,80,80,57,57,57,80,40,14,14,18,18,18,20,31,53,53],"gold":426,"neow_bonus":"","is_daily":false,"chose_seed":false,"campfire_upgraded":0,"win_rate":0.0,"timestamp":1613286661,"path_taken":["M","M","M","$","?","E","M","?","T","?","R","$","R","M","R","BOSS","M","$","M","M","M","R","E","?","T","M","$","M","R","M","R","BOSS","M","?","?","?","?","R","E","?","T","M","$","?","M","M","R","BOSS"],"items_purchased_type":["Card","Relic","Card","Relic","Relic","Card","Card","Card","Relic"],"build_version":"2020-12-22","purchased_purges":1,"victory":true,"max_hp_per_floor":[80,80,80,80,80,80,80,80,80,80,80,80,80,80,80,80,80,80,80,80,80,80,80,80,80,80,80,80,80,80,80,80,80,80,80,80,80,80,80,80,80,80,80,80,80,76,76,76,76,76],"card_choices":[{"not_picked":["Replay:Undeath\u0027s Touch","Armaments"],"picked":"hubris:ReadiedAction","floor":1},{"not_picked":["jedi:controlledanger","Clothesline"],"picked":"Absolvement","floor":2},{"not_picked":["Iron Wave","Feel No Pain"],"picked":"StuffTheSpire:Incineration","floor":3},{"not_picked":["Clothesline","hubris:CleavingFinish"],"picked":"Iron Wave","floor":6},{"not_picked":["Shockwave","Dual Wield"],"picked":"Replay:Undeath\u0027s Touch","floor":7},{"not_picked":["Headbutt","Barricade"],"picked":"StuffTheSpire:Incineration","floor":14},{"not_picked":["Cleave+1","Disarm"],"picked":"Ghostly Armor","floor":18},{"not_picked":["Power Through","Searing Blow"],"picked":"Sentinel+1","floor":20},{"not_picked":["Flex+1","Havoc+1"],"picked":"Abandon+1","floor":21},{"not_picked":["Second Wind","Shrug It Off"],"picked":"ReplayTheSpireMod:Strike From Hell+1","floor":22},{"not_picked":["Clothesline","Havoc"],"picked":"jedi:bloodyhammer","floor":24},{"not_picked":["Abandon","Sever Soul","Carnage"],"picked":"SKIP","floor":27},{"not_picked":["Eclipse","Flex","Perfected Strike"],"picked":"SKIP","floor":29},{"not_picked":["True Grit","Hemokinesis","Body Slam"],"picked":"SKIP","floor":31},{"not_picked":["Juggernaut","Replay:Many Hands"],"picked":"Barricade","floor":33},{"not_picked":["StuffTheSpire:Incineration+1","ReplayTheSpireMod:LeadingStrike","Intimidate"],"picked":"Ghostly Armor+1","floor":35},{"not_picked":["Warcry+1","hubris:ReadiedAction+1","StuffTheSpire:Incineration"],"picked":"Twin Strike+1","floor":37},{"not_picked":["Armaments","Cleave+1","StuffTheSpire:TitanForm"],"picked":"Inflame","floor":41},{"not_picked":["Perfected Strike","Replay:Undeath\u0027s Touch+1","True Grit"],"picked":"StuffTheSpire:Incineration+1","floor":42},{"not_picked":["Anger+1","jedi:bloodyhammer","Headbutt"],"picked":"Pommel Strike+1","floor":44},{"not_picked":["StuffTheSpire:Pyroclast","Run Through+1","Sword Boomerang+1"],"picked":"Shrug It Off+1","floor":47},{"not_picked":["Body Slam+1","Evolve","Reckless Charge+1"],"picked":"hubris:ReadiedAction+1","floor":48}],"player_experience":1212170,"relics_obtained":[{"floor":6,"key":"trackpad:Compendium"},{"floor":24,"key":"infinitespire:ShieldingShard"},{"floor":26,"key":"trackpad:AdjectivePendant"},{"floor":39,"key":"Paper Frog"},{"floor":41,"key":"ReplayTheSpireMod:Spearhead"},{"floor":43,"key":"halation:AfternoonTea"}],"event_choices":[{"damage_healed":0,"gold_gain":300,"player_choice":"Gold","damage_taken":0,"max_hp_gain":0,"max_hp_loss":0,"event_name":"Wheel of Change","floor":36,"gold_loss":0}],"is_beta":false,"boss_relics":[{"not_picked":["Replay:Ancient Bell","infinitespire:Burning Sword"],"picked":"aspiration:PoetsPen_weak"},{"not_picked":["Astrolabe","halation:PinkAlligatorPlush"],"picked":"Honey Jar"}],"items_purged_floors":[28],"is_endless":false,"potions_floor_spawned":[2,7,14,16,21,24,27,29,41,44,47],"ascension_level":0}}