{"host":"zsnmfqgcm92hlreo","time":1613285609,"event":{"mods":["AchievementEnabler","BaseMod","Bestiary","Block Reminder","Colored Map","Colored Powertips","Filter the Spire","Minty Spire (QoL Compilation)","Permanent Neow","Quick Restart","Relic Stats","StSLib","Weighted Paths"],"gold_per_floor":[112,129,141,141,153,187,187,218,218,218,238,255,405,424,424,502,502,516,358,358,368,42,68,68,85,166,166,166,177,203,203,203,203,203],"floor_reached":33,"language":"ENG","playtime":978,"items_purged":["Doubt"],"score":619,"play_id":"b00a927e-4d22-474a-a252-153087c7d9be","local_time":"20210214005329","is_ascension_mode":true,"campfire_choices":[{"floor":7.0,"key":"REST"},{"floor":10.0,"key":"REST"},{"floor":15.0,"key":"REST"},{"floor":24.0,"key":"REST"},{"floor":27.0,"key":"REST"},{"floor":32,"key":"REST"}],"circlet_count":0,"master_deck":["AscendersBane","Zap","Dualcast","Electrodynamics","Rip and Tear","Darkness","Biased Cognition","Barrage","Barrage","Turbo","Doom and Gloom","Consume","Conserve Battery","Melter","Steam","Conserve Battery","Conserve Battery","Hologram","BootSequence","Glacier","Seek","Loop","Glacier","Core Surge","Biased Cognition","Redo+1","Self Repair","Reinforced Body","Conserve Battery","Darkness+1","Ball Lightning"],"relics":["Pandora\u0027s Box","PreservedInsect","Ornamental Fan","White Beast Statue","Fusion Hammer","DollysMirror","Orrery","Pen Nib","Singing Bowl","Vajra"],"acts_visited":["Exordium","TheCity"],"potions_floor_usage":[30,33,33],"damage_taken":[{"damage":12.0,"enemies":"2 Louse","floor":1.0,"turns":2.0},{"damage":6.0,"enemies":"Cultist","floor":2.0,"turns":3.0},{"damage":12.0,"enemies":"Jaw Worm","floor":3.0,"turns":2.0},{"damage":15.0,"enemies":"Looter","floor":5.0,"turns":3.0},{"damage":14.0,"enemies":"Gremlin Nob","floor":6.0,"turns":3.0},{"damage":14.0,"enemies":"Lagavulin","floor":8.0,"turns":3.0},{"damage":0.0,"enemies":"2 Fungi Beasts","floor":11.0,"turns":2.0},{"damage":6.0,"enemies":"Large Slime","floor":12.0,"turns":4.0},{"damage":0.0,"enemies":"Lots of Slimes","floor":14.0,"turns":2.0},{"damage":38.0,"enemies":"The Guardian","floor":16.0,"turns":12.0},{"damage":6.0,"enemies":"2 Thieves","floor":18.0,"turns":2.0},{"damage":0.0,"enemies":"Spheric Guardian","floor":21.0,"turns":2.0},{"damage":38.0,"enemies":"Gremlin Leader","floor":23.0,"turns":5.0},{"damage":19.0,"enemies":"Snake Plant","floor":25.0,"turns":3.0},{"damage":10.0,"enemies":"Sentry and Sphere","floor":29.0,"turns":5.0},{"damage":14,"enemies":"Slavers","floor":30,"turns":3},{"damage":40,"enemies":"Collector","floor":33,"turns":6}],"seed_played":"-8924879174814102298","potions_obtained":[{"floor":1.0,"key":"Ancient Potion"},{"floor":2.0,"key":"SteroidPotion"},{"floor":8.0,"key":"BlessingOfTheForge"},{"floor":16.0,"key":"FearPotion"},{"floor":18.0,"key":"EntropicBrew"},{"floor":29.0,"key":"Strength Potion"},{"floor":30,"key":"Dexterity Potion"}],"is_trial":false,"path_per_floor":["M","M","M","?","M","E","R","E","T","R","M","M","?","M","R","B",null,"M","$","?","M","$","E","R","M","T","R","?","M","E","?","R","B"],"character_chosen":"DEFECT","items_purchased":["DollysMirror","Orrery","Self Repair"],"campfire_rested":6,"item_purchase_floors":[19,22,22],"current_hp_per_floor":[52,46,34,34,19,5,26,12,12,33,33,27,27,27,48,10,56,50,50,50,50,50,19,40,21,21,42,42,39,25,19,40,0,0],"gold":203,"neow_bonus":"BOSS_RELIC","is_daily":false,"chose_seed":false,"campfire_upgraded":0,"win_rate":0.0,"timestamp":1613285609,"path_taken":["M","M","M","?","?","E","R","E","T","R","?","M","?","M","R","BOSS","M","$","?","M","$","E","R","M","T","R","?","M","E","?","R","BOSS"],"items_purchased_type":["Relic","Relic","Card"],"build_version":"2020-12-22","purchased_purges":1,"victory":false,"max_hp_per_floor":[71,71,71,71,71,71,71,71,71,71,71,71,71,71,71,71,71,71,71,71,71,71,71,71,71,71,71,71,71,71,71,71,71,71],"relic_stats":{"Singing Bowl":0,"counters":[17,62],"Ornamental Fan":[8],"Pandora\u0027s Box":["Electrodynamics","Rip and Tear","Darkness","Scrape","Biased Cognition","Barrage","Barrage","Turbo"],"PreservedInsect":115,"Pen Nib":[1],"obtain_stats":[{"Singing Bowl":26,"Ornamental Fan":8,"DollysMirror":19,"Orrery":22,"Vajra":30,"Pandora\u0027s Box":0,"PreservedInsect":6,"Fusion Hammer":17,"Pen Nib":23,"Cracked Core":0,"White Beast Statue":9},{"Singing Bowl":14,"Ornamental Fan":6,"DollysMirror":11,"Orrery":12,"Vajra":16,"Pandora\u0027s Box":0,"PreservedInsect":5,"Fusion Hammer":10,"Pen Nib":13,"Cracked Core":0,"White Beast Statue":6},{"Singing Bowl":48,"Ornamental Fan":16,"DollysMirror":38,"Orrery":40,"Vajra":56,"Pandora\u0027s Box":0,"PreservedInsect":13,"Fusion Hammer":36,"Pen Nib":45,"Cracked Core":0,"White Beast Statue":16}]},"card_choices":[{"not_picked":["Auto Shields","Reinforced Body"],"picked":"Doom and Gloom","floor":1.0},{"not_picked":["Streamline","Redo"],"picked":"Consume","floor":2.0},{"not_picked":["Cold Snap","Turbo"],"picked":"Conserve Battery","floor":3.0},{"not_picked":["Gash","Beam Cell"],"picked":"Steam","floor":5.0},{"not_picked":["Melter","Reboot"],"picked":"Conserve Battery","floor":6.0},{"not_picked":["Go for the Eyes","Double Energy"],"picked":"Conserve Battery","floor":8.0},{"not_picked":["Double Energy","Beam Cell"],"picked":"Hologram","floor":11.0},{"not_picked":["Streamline","Ball Lightning"],"picked":"BootSequence","floor":12.0},{"not_picked":["Hologram","Redo"],"picked":"Glacier","floor":14.0},{"not_picked":["Reboot","Buffer"],"picked":"Seek","floor":16.0},{"not_picked":["Beam Cell+1","Streamline"],"picked":"Loop","floor":18.0},{"not_picked":["Sweeping Beam","Force Field","Recycle"],"picked":"SKIP","floor":21.0},{"not_picked":["Defragment","Stack"],"picked":"Core Surge","floor":22.0},{"not_picked":["Streamline","Conserve Battery"],"picked":"Biased Cognition","floor":22.0},{"not_picked":["Recycle","Go for the Eyes"],"picked":"Redo+1","floor":22.0},{"not_picked":["Hyperbeam","Compile Driver"],"picked":"Reinforced Body","floor":23.0},{"not_picked":["Go for the Eyes+1","Fusion"],"picked":"Conserve Battery","floor":25.0},{"not_picked":["Tempest","Beam Cell"],"picked":"Darkness+1","floor":29.0},{"not_picked":["Sunder","Cold Snap"],"picked":"Ball Lightning","floor":30}],"player_experience":1125880,"relics_obtained":[{"floor":6.0,"key":"PreservedInsect"},{"floor":8.0,"key":"Ornamental Fan"},{"floor":9.0,"key":"White Beast Statue"},{"floor":23.0,"key":"Pen Nib"},{"floor":26.0,"key":"Singing Bowl"},{"floor":30,"key":"Vajra"}],"event_choices":[{"damage_healed":0.0,"max_hp_gain":0.0,"max_hp_loss":0.0,"gold_gain":0.0,"cards_transformed":["Scrape"],"event_name":"Transmorgrifier","player_choice":"Transformed","floor":4.0,"gold_loss":0.0,"damage_taken":0.0,"cards_obtained":["Melter"]},{"damage_healed":0.0,"max_hp_gain":0.0,"max_hp_loss":0.0,"gold_gain":150.0,"event_name":"Liars Game","player_choice":"AGREE","floor":13.0,"gold_loss":0.0,"damage_taken":0.0,"cards_obtained":["Doubt"]},{"damage_healed":0.0,"max_hp_gain":0.0,"max_hp_loss":0.0,"gold_gain":0.0,"event_name":"Vampires","player_choice":"Ignored","floor":20.0,"gold_loss":0.0,"damage_taken":0.0},{"damage_healed":0.0,"max_hp_gain":0.0,"max_hp_loss":0.0,"gold_gain":0.0,"event_name":"Cursed Tome","player_choice":"Ignored","floor":28.0,"gold_loss":0.0,"damage_taken":0.0},{"damage_healed":0,"gold_gain":0,"player_choice":"","damage_taken":6,"max_hp_gain":0,"max_hp_loss":0,"event_name":"Knowing Skull","floor":31,"potions_obtained":[],"gold_loss":0,"cards_obtained":[]}],"is_beta":false,"boss_relics":[{"not_picked":["Astrolabe","Cursed Key"],"picked":"Fusion Hammer"}],"items_purged_floors":[22],"is_endless":false,"potions_floor_spawned":[1,2,8,11,12,14,16,18,21,23,25,29,30],"killed_by":"Collector","ascension_level":20}}