{"host":"aapp7ew3jk5k1bvd","time":1613313684,"event":{"mods":["AchievementEnabler","BaseMod","Colored Map","Custom Start","Keyboard Shortcuts","Minty Spire (QoL Compilation)","Permanent Neow","Quick Restart","StSLib","SuperFastMode"],"gold_per_floor":[114,132,132,151,169,169,205,205,257,207,246,266,279,229,229,229,229],"floor_reached":16,"language":"KOR","playtime":350,"items_purged":["Strike_R"],"score":174,"play_id":"d4c456a0-ab53-4db2-937c-297592d0ebbc","local_time":"20210214234124","is_ascension_mode":true,"campfire_choices":[{"floor":8,"key":"REST"},{"floor":15,"key":"REST"}],"circlet_count":0,"master_deck":["AscendersBane","Strike_R","Strike_R","Strike_R","Strike_R","Defend_R","Defend_R","Defend_R","Bash","Clash"],"relics":["Burning Blood","Smiling Mask","Golden Idol","Self Forming Clay","Boot","Vajra"],"acts_visited":["Exordium"],"potions_floor_usage":[12],"damage_taken":[{"damage":6,"enemies":"Small Slimes","floor":1,"turns":5},{"damage":2,"enemies":"Jaw Worm","floor":2,"turns":3},{"damage":6,"enemies":"Cultist","floor":4,"turns":3},{"damage":17,"enemies":"Large Slime","floor":5,"turns":7},{"damage":44,"enemies":"Lagavulin","floor":7,"turns":8},{"damage":40,"enemies":"Gremlin Nob","floor":11,"turns":5},{"damage":1,"enemies":"Lots of Slimes","floor":12,"turns":2},{"damage":0,"enemies":"Exordium Wildlife","floor":13,"turns":3},{"damage":31,"enemies":"The Guardian","floor":16,"turns":4}],"seed_played":"8174486195899598617","potions_obtained":[{"floor":11,"key":"Explosive Potion"},{"floor":12,"key":"SpeedPotion"}],"is_trial":false,"path_per_floor":["M","M","?","M","M","?","E","R","T","?","E","M","M","$","R","B"],"character_chosen":"IRONCLAD","items_purchased":[],"campfire_rested":2,"item_purchase_floors":[],"current_hp_per_floor":[72,76,76,76,65,65,27,49,49,49,15,20,26,26,48,17,17],"gold":229,"neow_bonus":"RANDOM_COMMON_RELIC","is_daily":false,"chose_seed":false,"campfire_upgraded":0,"win_rate":0.0,"timestamp":1613313684,"path_taken":["M","M","?","M","M","?","E","R","T","?","E","M","?","?","R","BOSS"],"items_purchased_type":[],"build_version":"2020-12-22","purchased_purges":1,"victory":false,"max_hp_per_floor":[80,80,80,80,80,74,74,74,74,74,74,74,74,74,74,74,74],"card_choices":[{"not_picked":["Twin Strike","Havoc"],"picked":"Clash","floor":1},{"not_picked":["Inflame","Power Through","Warcry"],"picked":"SKIP","floor":2},{"not_picked":["Shrug It Off","Warcry","Feel No Pain"],"picked":"SKIP","floor":4},{"not_picked":["Seeing Red","Heavy Blade","Brutality"],"picked":"SKIP","floor":5},{"not_picked":["True Grit","Thunderclap","Rupture"],"picked":"SKIP","floor":7},{"not_picked":["Immolate","Rupture","Sword Boomerang"],"picked":"SKIP","floor":11},{"not_picked":["Rampage","Perfected Strike","Clash"],"picked":"SKIP","floor":12},{"not_picked":["Power Through","Perfected Strike","Shockwave"],"picked":"SKIP","floor":13}],"player_experience":1368457,"relics_obtained":[{"floor":7,"key":"Self Forming Clay"},{"floor":9,"key":"Boot"},{"floor":11,"key":"Vajra"}],"event_choices":[{"damage_healed":0,"gold_gain":0,"player_choice":"Ignored","damage_taken":0,"max_hp_gain":0,"max_hp_loss":0,"event_name":"Liars Game","floor":3,"gold_loss":0},{"damage_healed":0,"gold_gain":0,"player_choice":"Lose Max HP","damage_taken":0,"relics_obtained":["Golden Idol"],"max_hp_gain":0,"max_hp_loss":6,"event_name":"Golden Idol","floor":6,"gold_loss":0},{"cards_removed":["Defend_R"],"damage_healed":0,"gold_gain":0,"player_choice":"Card Removal","damage_taken":0,"max_hp_gain":0,"max_hp_loss":0,"event_name":"The Cleric","floor":10,"gold_loss":50}],"is_beta":false,"boss_relics":[],"items_purged_floors":[14],"is_endless":false,"potions_floor_spawned":[11,12],"killed_by":"The Guardian","ascension_level":11}}