{"host":"cdhs3rcdp0bmp3c4","time":1613276714,"event":{"mods":["BaseMod","Hermit","Minty Spire (QoL Compilation)","Relic Stats","Robot Space Explorer","StSLib","Td1madao Mod","The Construct","The Forsaken","The Hierophant","The Runesmith"],"gold_per_floor":[111,111,111,131,56,83,83,117,117,147,147,157,167,201,201,300,300,312,164,184,184,196,196,212,212,236,236,271,271,271,306,306,407,407,419,435,445,30,47,47,74,74,74,105,124,152,152,166,166,166,166,166,16,47,47,47],"floor_reached":55,"language":"ENG","playtime":4739,"items_purged":["RobotSpaceExplorer:Defend","RobotSpaceExplorer:Strike","RobotSpaceExplorer:Defend","RobotSpaceExplorer:JunkDive"],"score":1263,"play_id":"29fe0c32-60b8-4285-af9f-1ed22e217463","local_time":"20210213222514","is_ascension_mode":true,"campfire_choices":[{"data":"RobotSpaceExplorer:PowerGlove","floor":7,"key":"SMITH"},{"floor":11,"key":"RECALL"},{"data":"RobotSpaceExplorer:MiniLasers","floor":15,"key":"SMITH"},{"data":"RobotSpaceExplorer:TrailblazerForm","floor":23,"key":"SMITH"},{"data":"RobotSpaceExplorer:DualCore","floor":27,"key":"SMITH"},{"data":"RobotSpaceExplorer:Comet","floor":30,"key":"SMITH"},{"floor":32,"key":"REST"},{"data":"RobotSpaceExplorer:PowerCollector","floor":40,"key":"PURGE"},{"data":"RobotSpaceExplorer:Strike","floor":42,"key":"PURGE"},{"data":"RobotSpaceExplorer:Defend+1","floor":47,"key":"PURGE"},{"data":"RobotSpaceExplorer:LaserBurst+1","floor":49,"key":"PURGE"},{"data":"RobotSpaceExplorer:DoubleFind+1","floor":52,"key":"PURGE"}],"circlet_count":0,"master_deck":["RobotSpaceExplorer:Scan","RobotSpaceExplorer:MiniLasers+1","RobotSpaceExplorer:Probe","RobotSpaceExplorer:PowerGlove+1","RobotSpaceExplorer:MiniDrones","RobotSpaceExplorer:Jetpack","RobotSpaceExplorer:TrailblazerForm+1","RobotSpaceExplorer:MiniDrones+1","RobotSpaceExplorer:MiniDrones+1","RobotSpaceExplorer:DualCore+1","RobotSpaceExplorer:Comet+1","RobotSpaceExplorer:DroneSwarm","RobotSpaceExplorer:ScrapToss+1","RobotSpaceExplorer:Probe+1","RobotSpaceExplorer:ScrapToss+1"],"relics":["RobotSpaceExplorer:TurboCore","NeowsBlessing","Ornamental Fan","RobotSpaceExplorer:FoglandsKnife","Pantograph","Bag of Marbles","CaptainsWheel","Runic Dome","Molten Egg 2","Whetstone","Peace Pipe","War Paint","Sundial","Happy Flower","Runesmith:AutoHammer","Boot"],"acts_visited":["Exordium","TheCity","TheBeyond","TheEnding"],"potions_floor_usage":[8,20,20,20,31,33,39,41,50,50,50,55],"damage_taken":[{"damage":0,"enemies":"Small Slimes","floor":1,"turns":1},{"damage":0,"enemies":"Jaw Worm","floor":4,"turns":1},{"damage":0,"enemies":"Lagavulin","floor":6,"turns":1},{"damage":0,"enemies":"Gremlin Nob","floor":8,"turns":3},{"damage":1,"enemies":"3 Sentries","floor":10,"turns":5},{"damage":3,"enemies":"2 Louse","floor":12,"turns":2},{"damage":0,"enemies":"Blue Slaver","floor":13,"turns":2},{"damage":6,"enemies":"Gremlin Nob","floor":14,"turns":3},{"damage":0,"enemies":"Slime Boss","floor":16,"turns":5},{"damage":5,"enemies":"Shell Parasite","floor":18,"turns":4},{"damage":0,"enemies":"Spheric Guardian","floor":20,"turns":3},{"damage":28,"enemies":"Cultist and Chosen","floor":22,"turns":6},{"damage":12,"enemies":"Snake Plant","floor":24,"turns":3},{"damage":10,"enemies":"Gremlin Leader","floor":28,"turns":4},{"damage":25,"enemies":"Book of Stabbing","floor":31,"turns":4},{"damage":0,"enemies":"Collector","floor":33,"turns":5},{"damage":0,"enemies":"Orb Walker","floor":35,"turns":1},{"damage":4,"enemies":"3 Darklings","floor":36,"turns":3},{"damage":0,"enemies":"4 Shapes","floor":37,"turns":2},{"damage":27,"enemies":"Maw","floor":39,"turns":5},{"damage":0,"enemies":"Giant Head","floor":41,"turns":6},{"damage":0,"enemies":"Reptomancer","floor":44,"turns":3},{"damage":4,"enemies":"Writhing Mass","floor":45,"turns":5},{"damage":2,"enemies":"Giant Head","floor":46,"turns":6},{"damage":0,"enemies":"Transient","floor":48,"turns":5},{"damage":0,"enemies":"Donu and Deca","floor":50,"turns":6},{"damage":16,"enemies":"Shield and Spear","floor":54,"turns":4},{"damage":94,"enemies":"The Heart","floor":55,"turns":6}],"seed_played":"-7510491963398153756","potions_obtained":[{"floor":4,"key":"Weak Potion"},{"floor":6,"key":"AttackPotion"},{"floor":10,"key":"Block Potion"},{"floor":16,"key":"Fire Potion"},{"floor":20,"key":"SkillPotion"},{"floor":31,"key":"RobotSpaceExplorer:PlasmaFlask"},{"floor":33,"key":"Strength Potion"},{"floor":36,"key":"SkillPotion"},{"floor":39,"key":"ColorlessPotion"},{"floor":44,"key":"BlessingOfTheForge"},{"floor":46,"key":"Dexterity Potion"},{"floor":54,"key":"Regen Potion"}],"is_trial":false,"path_per_floor":["M","?","?","M","$","E","R","E","T","E","R","M","M","E","R","B",null,"M","$","M","?","M","R","M","?","T","R","E","?","R","E","R","B",null,"M","M","M","$","M","R","E","R","T","E","M","E","R","M","R","B",null,"R","$","E","B"],"character_chosen":"RobotSpaceExplorer","items_purchased":["RobotSpaceExplorer:MiniDrones","Peace Pipe"],"campfire_rested":1,"item_purchase_floors":[19,38],"current_hp_per_floor":[75,80,80,80,80,80,80,80,80,79,79,76,76,70,70,80,80,75,75,75,75,47,47,35,61,61,61,51,51,51,26,50,75,80,80,76,76,76,49,49,49,49,49,49,45,43,43,43,43,68,80,80,80,64,0,0],"gold":47,"neow_bonus":"THREE_ENEMY_KILL","is_daily":false,"chose_seed":false,"campfire_upgraded":5,"win_rate":0.0,"timestamp":1613276714,"path_taken":["M","?","?","M","$","E","R","E","T","E","R","M","M","E","R","BOSS","M","$","M","?","M","R","M","?","T","R","E","?","R","E","R","BOSS","M","M","M","$","M","R","E","R","T","E","M","E","R","M","R","BOSS","R","$","E","BOSS"],"items_purchased_type":["Card","Relic"],"build_version":"2020-12-22","purchased_purges":4,"victory":false,"max_hp_per_floor":[75,80,80,80,80,80,80,80,80,80,80,80,80,80,80,80,80,80,80,80,80,80,80,80,80,80,80,80,80,80,80,80,80,80,80,80,80,80,80,80,80,80,80,80,80,80,80,80,80,80,80,80,80,80,80,80],"relic_stats":{"Peace Pipe":5,"Happy Flower":[10],"counters":[28,104],"Ornamental Fan":[356],"Sundial":[4],"Pantograph":76,"Whetstone":["RobotSpaceExplorer:MiniDrones","RobotSpaceExplorer:MiniDrones"],"War Paint":["RobotSpaceExplorer:Defend","RobotSpaceExplorer:DoubleFind"],"Boot":[9],"obtain_stats":[{"NeowsBlessing":0,"Happy Flower":44,"RobotSpaceExplorer:RoboCore":0,"Whetstone":31,"War Paint":41,"Boot":54,"RobotSpaceExplorer:TurboCore":34,"Peace Pipe":38,"RobotSpaceExplorer:FoglandsKnife":8,"Runic Dome":17,"CaptainsWheel":14,"Ornamental Fan":6,"Sundial":43,"Pantograph":9,"Molten Egg 2":28,"Bag of Marbles":10,"Runesmith:AutoHammer":46},{"NeowsBlessing":0,"Happy Flower":22,"RobotSpaceExplorer:RoboCore":0,"Whetstone":15,"War Paint":21,"Boot":27,"RobotSpaceExplorer:TurboCore":16,"Peace Pipe":19,"RobotSpaceExplorer:FoglandsKnife":4,"Runic Dome":9,"CaptainsWheel":8,"Ornamental Fan":3,"Sundial":21,"Pantograph":4,"Molten Egg 2":14,"Bag of Marbles":5,"Runesmith:AutoHammer":24},{"NeowsBlessing":0,"Happy Flower":72,"RobotSpaceExplorer:RoboCore":0,"Whetstone":47,"War Paint":69,"Boot":98,"RobotSpaceExplorer:TurboCore":52,"Peace Pipe":58,"RobotSpaceExplorer:FoglandsKnife":6,"Runic Dome":23,"CaptainsWheel":18,"Ornamental Fan":3,"Sundial":69,"Pantograph":6,"Molten Egg 2":43,"Bag of Marbles":11,"Runesmith:AutoHammer":83}]},"card_choices":[{"not_picked":["RobotSpaceExplorer:Fix","RobotSpaceExplorer:GearShield"],"picked":"RobotSpaceExplorer:Probe","floor":1},{"not_picked":["RobotSpaceExplorer:ShockKick","RobotSpaceExplorer:ExhaustFan","RobotSpaceExplorer:DoubleBlock"],"picked":"SKIP","floor":4},{"not_picked":["RobotSpaceExplorer:MiniDrones","RobotSpaceExplorer:ToxicBomb"],"picked":"RobotSpaceExplorer:PowerGlove","floor":6},{"not_picked":["RobotSpaceExplorer:ShovelStrike","RobotSpaceExplorer:Pulsar"],"picked":"RobotSpaceExplorer:JunkDive","floor":8},{"not_picked":["RobotSpaceExplorer:BigMissile","RobotSpaceExplorer:SurgingShield","RobotSpaceExplorer:Blitz"],"picked":"SKIP","floor":10},{"not_picked":["RobotSpaceExplorer:SwiftStep","RobotSpaceExplorer:ShockKick","RobotSpaceExplorer:StunGrenade"],"picked":"SKIP","floor":12},{"not_picked":["RobotSpaceExplorer:SwiftStep","RobotSpaceExplorer:Pulsar"],"picked":"RobotSpaceExplorer:MiniDrones","floor":13},{"not_picked":["RobotSpaceExplorer:SelfCleaning","RobotSpaceExplorer:Pulsar"],"picked":"RobotSpaceExplorer:Jetpack","floor":14},{"not_picked":["RobotSpaceExplorer:Exploration","RobotSpaceExplorer:Wormhole"],"picked":"RobotSpaceExplorer:TrailblazerForm","floor":16},{"not_picked":["RobotSpaceExplorer:PowerGlove","RobotSpaceExplorer:ShockKick+1"],"picked":"RobotSpaceExplorer:MiniDrones","floor":18},{"not_picked":["RobotSpaceExplorer:SurgingShield","RobotSpaceExplorer:Ammunition"],"picked":"RobotSpaceExplorer:PowerCollector","floor":20},{"not_picked":["RobotSpaceExplorer:MiniDrones","RobotSpaceExplorer:SurgingShield+1","RobotSpaceExplorer:Pulsar"],"picked":"SKIP","floor":22},{"not_picked":["RobotSpaceExplorer:ShockKick","RobotSpaceExplorer:ShovelStrike"],"picked":"RobotSpaceExplorer:DualCore","floor":24},{"not_picked":["RobotSpaceExplorer:ImprovisedAttack+1","RobotSpaceExplorer:Ammunition","RobotSpaceExplorer:SelfCleaning"],"picked":"SKIP","floor":28},{"not_picked":["RobotSpaceExplorer:Ammunition","RobotSpaceExplorer:StunGrenade+1"],"picked":"RobotSpaceExplorer:DoubleFind","floor":31},{"not_picked":["RobotSpaceExplorer:Explosion+1","RobotSpaceExplorer:Scanner"],"picked":"RobotSpaceExplorer:DroneSwarm","floor":33},{"not_picked":["RobotSpaceExplorer:MakeshiftVolley+1","RobotSpaceExplorer:FranticSearch"],"picked":"RobotSpaceExplorer:ScrapToss+1","floor":35},{"not_picked":["RobotSpaceExplorer:Fix+1","RobotSpaceExplorer:Electroshield"],"picked":"RobotSpaceExplorer:Probe+1","floor":36},{"not_picked":["RobotSpaceExplorer:ScrapMissile+1","RobotSpaceExplorer:ImprovisedAttack+1","RobotSpaceExplorer:Ammunition"],"picked":"SKIP","floor":37},{"not_picked":["RobotSpaceExplorer:ScrapShield","RobotSpaceExplorer:SlimeMissile+1","RobotSpaceExplorer:DoubleFind+1"],"picked":"SKIP","floor":39},{"not_picked":["RobotSpaceExplorer:Comet","RobotSpaceExplorer:RigExplosive+1","RobotSpaceExplorer:Fix"],"picked":"SKIP","floor":41},{"not_picked":["RobotSpaceExplorer:MetalStrike+1","RobotSpaceExplorer:Counterblock"],"picked":"RobotSpaceExplorer:ScrapToss+1","floor":44},{"not_picked":["RobotSpaceExplorer:SurgingShield+1","RobotSpaceExplorer:Pulsar","RobotSpaceExplorer:GlueSpray"],"picked":"SKIP","floor":45},{"not_picked":["RobotSpaceExplorer:Pulsar","RobotSpaceExplorer:SelfCleaning","RobotSpaceExplorer:Blaster+1"],"picked":"SKIP","floor":46},{"not_picked":["RobotSpaceExplorer:SelfCleaning+1","RobotSpaceExplorer:Pulsar","RobotSpaceExplorer:Probe+1"],"picked":"SKIP","floor":48},{"not_picked":["RobotSpaceExplorer:Ammunition+1","RobotSpaceExplorer:Discharger","RobotSpaceExplorer:StarLightning+1"],"picked":"SKIP","floor":54}],"player_experience":211930,"relics_obtained":[{"floor":6,"key":"Ornamental Fan"},{"floor":8,"key":"RobotSpaceExplorer:FoglandsKnife"},{"floor":9,"key":"Pantograph"},{"floor":10,"key":"Bag of Marbles"},{"floor":14,"key":"CaptainsWheel"},{"floor":28,"key":"Molten Egg 2"},{"floor":31,"key":"Whetstone"},{"floor":41,"key":"War Paint"},{"floor":43,"key":"Sundial"},{"floor":44,"key":"Happy Flower"},{"floor":46,"key":"Runesmith:AutoHammer"},{"floor":54,"key":"Boot"}],"event_choices":[{"damage_healed":0,"gold_gain":0,"player_choice":"Donut","damage_taken":0,"max_hp_gain":5,"max_hp_loss":0,"event_name":"Big Fish","floor":2,"gold_loss":0},{"cards_removed":["RobotSpaceExplorer:Strike"],"damage_healed":0,"gold_gain":0,"player_choice":"Forget","damage_taken":0,"max_hp_gain":0,"max_hp_loss":0,"event_name":"Living Wall","floor":3,"gold_loss":0},{"damage_healed":26,"gold_gain":0,"player_choice":"Heal","damage_taken":0,"max_hp_gain":0,"max_hp_loss":0,"event_name":"The Library","floor":25,"gold_loss":0},{"damage_healed":0,"gold_gain":0,"cards_transformed":["RobotSpaceExplorer:Defend","RobotSpaceExplorer:Strike"],"player_choice":"Became Test Subject","damage_taken":0,"max_hp_gain":0,"max_hp_loss":0,"event_name":"Drug Dealer","floor":29,"gold_loss":0,"cards_obtained":["RobotSpaceExplorer:Comet","RobotSpaceExplorer:LaserBurst"]}],"is_beta":false,"boss_relics":[{"not_picked":["Philosopher\u0027s Stone","Fusion Hammer"],"picked":"Runic Dome"},{"not_picked":["Tiny House","Cursed Key"],"picked":"RobotSpaceExplorer:TurboCore"}],"items_purged_floors":[5,19,38,53],"is_endless":false,"potions_floor_spawned":[4,6,10,16,18,20,31,33,36,39,44,46,54],"killed_by":"The Heart","ascension_level":3}}