{"host":"vxxgntm1odai56nh","time":1613272869,"event":{"mods":["AchievementEnabler","BaseMod","Colored Map","Colored Powertips","Highlight Path","Minty Spire (QoL Compilation)","Permanent Neow","Rare Cards Sparkle","Relic Stats","StSLib"],"gold_per_floor":[112,112,112,132,6,40,40,51,74,74,85,118,118,142,142,265,265,283,302,302,302,320,355,355,396,396,437,456,496,496,496,496],"floor_reached":31,"language":"ENG","playtime":993,"items_purged":[],"score":478,"play_id":"b2f85cc8-69b8-46d4-9ad5-07de7758f9f4","local_time":"20210213222109","is_ascension_mode":true,"campfire_choices":[{"data":"Whirlwind","floor":7,"key":"SMITH"},{"data":"Flex","floor":10,"key":"SMITH"},{"data":"Offering","floor":15,"key":"SMITH"},{"floor":24,"key":"REST"}],"circlet_count":0,"master_deck":["Strike_R","Strike_R+1","Defend_R","Defend_R","Defend_R+1","Defend_R","Bash+1","Armaments","Heavy Blade","Whirlwind+1","Flex+1","Ghostly Armor","Bloodletting","Dropkick","Offering+1","Limit Break+1","Seeing Red+1","Intimidate+1","Offering+1","Inflame","Shrug It Off+1","Battle Trance","Flex","Exhume"],"relics":["Burning Blood","NeowsBlessing","Ancient Tea Set","PreservedInsect","Bag of Marbles","Golden Idol","Astrolabe","Nilry\u0027s Codex","MutagenicStrength","Anchor","Nunchaku","Turnip","Prayer Wheel","War Paint"],"acts_visited":["Exordium","TheCity"],"potions_floor_usage":[16,22,23],"damage_taken":[{"damage":0,"enemies":"Cultist","floor":1,"turns":1},{"damage":0,"enemies":"2 Louse","floor":4,"turns":1},{"damage":0,"enemies":"Gremlin Nob","floor":6,"turns":1},{"damage":2,"enemies":"Jaw Worm","floor":8,"turns":3},{"damage":2,"enemies":"Looter","floor":11,"turns":3},{"damage":20,"enemies":"Lagavulin","floor":12,"turns":5},{"damage":6,"enemies":"3 Louse","floor":14,"turns":1},{"damage":15,"enemies":"The Guardian","floor":16,"turns":3},{"damage":0,"enemies":"3 Byrds","floor":18,"turns":4},{"damage":10,"enemies":"2 Thieves","floor":19,"turns":3},{"damage":33,"enemies":"Centurion and Healer","floor":22,"turns":2},{"damage":29,"enemies":"Slavers","floor":23,"turns":3},{"damage":15,"enemies":"Book of Stabbing","floor":25,"turns":2},{"damage":15,"enemies":"Gremlin Leader","floor":27,"turns":2},{"damage":6,"enemies":"3 Cultists","floor":28,"turns":2},{"damage":15,"enemies":"Book of Stabbing","floor":29,"turns":4},{"damage":39,"enemies":"Snecko","floor":31,"turns":4}],"seed_played":"-2103297932111834797","potions_obtained":[{"floor":11,"key":"FairyPotion"},{"floor":12,"key":"Strength Potion"},{"floor":14,"key":"GamblersBrew"},{"floor":18,"key":"Energy Potion"},{"floor":27,"key":"PowerPotion"},{"floor":29,"key":"Explosive Potion"}],"is_trial":false,"path_per_floor":["M","?","?","M","$","E","R","M","T","R","M","E","?","M","R","B",null,"M","M","?","?","M","E","R","E","T","E","M","E","?","M"],"character_chosen":"IRONCLAD","items_purchased":["Whirlwind","Flex"],"campfire_rested":1,"item_purchase_floors":[5,5],"current_hp_per_floor":[80,64,69,75,75,81,81,85,85,85,85,71,50,50,50,41,85,85,81,65,65,38,15,40,31,31,22,22,13,13,0,0],"gold":496,"neow_bonus":"THREE_ENEMY_KILL","is_daily":false,"chose_seed":false,"campfire_upgraded":3,"win_rate":0.0,"timestamp":1613272869,"path_taken":["M","?","?","M","$","E","R","M","T","R","M","E","?","M","R","BOSS","M","M","?","?","M","E","R","E","T","E","M","E","?","?"],"items_purchased_type":["Card","Card"],"build_version":"2020-12-22","purchased_purges":0,"victory":false,"max_hp_per_floor":[80,80,85,85,85,85,85,85,85,85,85,85,85,85,85,85,85,85,85,85,85,85,85,85,85,85,85,85,85,85,85,85],"relic_stats":{"Nunchaku":[1],"counters":[17,44],"Golden Idol":77,"Astrolabe":["Seeing Red","Intimidate","Offering"],"Prayer Wheel":1,"PreservedInsect":191,"Turnip":[0],"War Paint":["Defend_R","Limit Break"],"obtain_stats":[{"NeowsBlessing":0,"Golden Idol":13,"Nilry\u0027s Codex":20,"Astrolabe":17,"PreservedInsect":9,"War Paint":29,"Ancient Tea Set":6,"Burning Blood":0,"Anchor":23,"Nunchaku":25,"MutagenicStrength":21,"Prayer Wheel":27,"Turnip":26,"Bag of Marbles":12},{"NeowsBlessing":0,"Golden Idol":6,"Nilry\u0027s Codex":10,"Astrolabe":8,"PreservedInsect":4,"War Paint":16,"Ancient Tea Set":3,"Burning Blood":0,"Anchor":12,"Nunchaku":13,"MutagenicStrength":10,"Prayer Wheel":14,"Turnip":13,"Bag of Marbles":6},{"NeowsBlessing":0,"Golden Idol":14,"Nilry\u0027s Codex":25,"Astrolabe":18,"PreservedInsect":6,"War Paint":40,"Ancient Tea Set":3,"Burning Blood":0,"Anchor":30,"Nunchaku":32,"MutagenicStrength":25,"Prayer Wheel":34,"Turnip":32,"Bag of Marbles":14}],"Burning Blood":80},"card_choices":[{"not_picked":["Clash","Second Wind"],"picked":"Armaments","floor":1},{"not_picked":["Sword Boomerang","Armaments"],"picked":"Heavy Blade","floor":4},{"not_picked":["Berserk","Twin Strike"],"picked":"Ghostly Armor","floor":6},{"not_picked":["Rampage","Body Slam"],"picked":"Bloodletting","floor":8},{"not_picked":["Anger","Clothesline"],"picked":"Dropkick","floor":11},{"not_picked":["Feel No Pain","Perfected Strike"],"picked":"Offering","floor":12},{"not_picked":["Clothesline","Pommel Strike","Bloodletting"],"picked":"SKIP","floor":14},{"not_picked":["Double Tap","Exhume"],"picked":"Limit Break","floor":16},{"not_picked":["Sword Boomerang","Pummel","Wild Strike+1"],"picked":"SKIP","floor":18},{"not_picked":["Clothesline","Entrench"],"picked":"Inflame","floor":19},{"not_picked":["Iron Wave","Hemokinesis"],"picked":"Shrug It Off+1","floor":22},{"not_picked":["Iron Wave","Second Wind+1","Clothesline"],"picked":"SKIP","floor":23},{"not_picked":["Searing Blow","Pommel Strike","Shrug It Off"],"picked":"SKIP","floor":25},{"not_picked":["Feel No Pain","Second Wind"],"picked":"Battle Trance","floor":27},{"not_picked":["Power Through","Armaments","Rage"],"picked":"SKIP","floor":28},{"not_picked":["Anger","Carnage","True Grit"],"picked":"SKIP","floor":28},{"not_picked":["Shrug It Off+1","Twin Strike+1"],"picked":"Flex","floor":29}],"player_experience":142269,"relics_obtained":[{"floor":6,"key":"Ancient Tea Set"},{"floor":9,"key":"PreservedInsect"},{"floor":12,"key":"Bag of Marbles"},{"floor":20,"key":"Nilry\u0027s Codex"},{"floor":23,"key":"Anchor"},{"floor":25,"key":"Nunchaku"},{"floor":26,"key":"Turnip"},{"floor":27,"key":"Prayer Wheel"},{"floor":29,"key":"War Paint"}],"event_choices":[{"damage_healed":0,"gold_gain":0,"player_choice":"Entered Light","damage_taken":16,"max_hp_gain":0,"max_hp_loss":0,"event_name":"Shining Light","floor":2,"gold_loss":0,"cards_upgraded":["Strike_R","Bash"]},{"damage_healed":0,"gold_gain":0,"player_choice":"Donut","damage_taken":0,"max_hp_gain":5,"max_hp_loss":0,"event_name":"Big Fish","floor":3,"gold_loss":0},{"damage_healed":0,"gold_gain":0,"player_choice":"Take Damage","damage_taken":21,"relics_obtained":["Golden Idol"],"max_hp_gain":0,"max_hp_loss":0,"event_name":"Golden Idol","floor":13,"gold_loss":0},{"damage_healed":0,"gold_gain":0,"player_choice":"Obtained Book","damage_taken":16,"max_hp_gain":0,"max_hp_loss":0,"event_name":"Cursed Tome","floor":20,"gold_loss":0},{"damage_healed":0,"gold_gain":0,"player_choice":"Inject Mutagens","damage_taken":0,"relics_obtained":["MutagenicStrength"],"max_hp_gain":0,"max_hp_loss":0,"event_name":"Drug Dealer","floor":21,"gold_loss":0},{"damage_healed":0,"gold_gain":0,"player_choice":"1 cards matched","damage_taken":0,"max_hp_gain":0,"max_hp_loss":0,"event_name":"Match and Keep!","floor":30,"gold_loss":0,"cards_obtained":["Exhume"]}],"is_beta":false,"boss_relics":[{"not_picked":["Tiny House","Ectoplasm"],"picked":"Astrolabe"}],"items_purged_floors":[],"is_endless":false,"potions_floor_spawned":[11,12,14,18,27,29],"killed_by":"Snecko","ascension_level":4}}