{"host":"flk9eme3n59cnu2c","time":1613310614,"event":{"mods":["A Penny For Your Troubles","AchievementEnabler","BaseMod","Better-Laid Plans","Block Reminder","Colored Map","Googly Eyes","Minty Spire (QoL Compilation)","RNG Fix","Rare Cards Sparkle","Relic Stats","Reorder Act Four","Slay-I","StSLib","Weighted Paths"],"gold_per_floor":[19,39,56,71,71,96,96,96,96],"floor_reached":8,"language":"ENG","playtime":234,"items_purged":[],"score":116,"play_id":"ddcd00e3-ca97-4cec-8df5-b9215e43fdc6","local_time":"20210214075014","is_ascension_mode":true,"campfire_choices":[{"floor":7,"key":"REST"}],"circlet_count":0,"master_deck":["AscendersBane","Strike_B","Strike_B","Strike_B","Strike_B","Defend_B","Defend_B","Defend_B","Defend_B","Zap","Dualcast","All For One","Beam Cell","Cold Snap","Streamline"],"relics":["Cracked Core","Question Card"],"acts_visited":["Exordium"],"potions_floor_usage":[4,6,8],"damage_taken":[{"damage":2,"enemies":"Small Slimes","floor":1,"turns":5},{"damage":25,"enemies":"2 Louse","floor":2,"turns":3},{"damage":12,"enemies":"Jaw Worm","floor":3,"turns":2},{"damage":11,"enemies":"Blue Slaver","floor":4,"turns":3},{"damage":6,"enemies":"Gremlin Nob","floor":6,"turns":3},{"damage":23,"enemies":"3 Sentries","floor":8,"turns":4}],"seed_played":"6216126536877158733","potions_obtained":[{"floor":2,"key":"Explosive Potion"},{"floor":3,"key":"ColorlessPotion"},{"floor":6,"key":"Dexterity Potion"}],"is_trial":false,"path_per_floor":["M","M","M","M","?","E","R","E"],"character_chosen":"DEFECT","items_purchased":[],"campfire_rested":1,"item_purchase_floors":[],"current_hp_per_floor":[62,37,25,14,14,8,29,6,6],"gold":96,"neow_bonus":"THREE_RARE_CARDS","is_daily":false,"chose_seed":false,"campfire_upgraded":0,"win_rate":0.0,"timestamp":1613310614,"path_taken":["M","M","M","M","?","E","R","E"],"items_purchased_type":[],"build_version":"2020-12-22","purchased_purges":0,"victory":false,"max_hp_per_floor":[71,71,71,71,71,71,71,71,71],"relic_stats":{"counters":[6,20],"Question Card":0,"obtain_stats":[{"Cracked Core":0,"Question Card":6},{"Cracked Core":0,"Question Card":5},{"Cracked Core":0,"Question Card":16}]},"card_choices":[{"not_picked":["Electrodynamics","Biased Cognition"],"picked":"All For One","floor":0},{"not_picked":["Turbo","Consume"],"picked":"Beam Cell","floor":1},{"not_picked":["Barrage","Tempest"],"picked":"Cold Snap","floor":2},{"not_picked":["Redo","Leap"],"picked":"Streamline","floor":3},{"not_picked":["Stack","Ball Lightning","Rebound"],"picked":"SKIP","floor":4},{"not_picked":["Fission","Barrage","Leap"],"picked":"SKIP","floor":6}],"player_experience":930917,"relics_obtained":[{"floor":6,"key":"Question Card"}],"event_choices":[{"damage_healed":0,"gold_gain":0,"player_choice":"Fled","damage_taken":0,"max_hp_gain":0,"max_hp_loss":0,"event_name":"Scrap Ooze","floor":5,"gold_loss":0}],"is_beta":false,"boss_relics":[],"items_purged_floors":[],"is_endless":false,"potions_floor_spawned":[2,3,6],"killed_by":"3 Sentries","ascension_level":20}}