{"host":"vgmhxp0kxvybuvcq","time":1613272280,"event":{"mods":["BaseMod","Minty Spire (QoL Compilation)","Replay The Spire","StSLib"],"gold_per_floor":[115,115,134,151,36,36,61,61,84,104,104,104,4,36,36,36,36],"floor_reached":16,"language":"ENG","playtime":737,"items_purged":["Regret","Strike_R"],"score":119,"play_id":"7de3bac2-9c7e-4755-9704-f1bddf477bea","local_time":"20210213191120","is_ascension_mode":true,"campfire_choices":[{"data":"Infernal Blade","floor":6,"key":"SMITH"},{"data":"Entrench","floor":12,"key":"SMITH"},{"data":"True Grit","floor":15,"key":"SMITH"}],"circlet_count":0,"master_deck":["Strike_R","Strike_R","Strike_R","Defend_R","Defend_R","Defend_R","Defend_R","Bash","Juggernaut","Iron Wave","Armaments","Infernal Blade+1","Warcry","Disarm","Entrench+1","Defy Death","ReplayTheSpireMod:Corrosion Curse","True Grit+1"],"relics":["Burning Blood","Strawberry","Prayer Wheel","Juzu Bracelet","King of Hearts"],"acts_visited":["Exordium"],"potions_floor_usage":[7,14,16],"damage_taken":[{"damage":1,"enemies":"Small Slimes","floor":1,"turns":5},{"damage":16,"enemies":"Jaw Worm","floor":3,"turns":4},{"damage":3,"enemies":"Cultist","floor":4,"turns":4},{"damage":18,"enemies":"Lagavulin","floor":7,"turns":8},{"damage":11,"enemies":"Lots of Slimes","floor":10,"turns":4},{"damage":4,"enemies":"Replay:BlueRogue","floor":14,"turns":6},{"damage":60,"enemies":"Fading Forest","floor":16,"turns":8}],"seed_played":"8254263802980609032","potions_obtained":[{"floor":3,"key":"AttackPotion"},{"floor":4,"key":"Fruit Juice"},{"floor":10,"key":"SpeedPotion"}],"is_trial":false,"path_per_floor":["M","?","M","M","$","R","E","?","T","M","?","R","$","E","R","B"],"character_chosen":"IRONCLAD","items_purchased":["Warcry"],"campfire_rested":0,"item_purchase_floors":[5],"current_hp_per_floor":[61,68,58,61,61,61,54,47,47,42,42,42,42,44,44,0,0],"gold":36,"neow_bonus":"THREE_RARE_CARDS","is_daily":false,"chose_seed":false,"campfire_upgraded":3,"win_rate":0.0,"timestamp":1613272280,"path_taken":["M","?","M","M","$","R","E","?","T","M","?","R","$","E","R","BOSS"],"items_purchased_type":["Card"],"build_version":"2020-12-22","purchased_purges":2,"victory":false,"max_hp_per_floor":[80,87,87,87,87,87,92,92,92,92,92,92,92,92,92,92,92],"card_choices":[{"not_picked":["Brutality","Hemogenesis"],"picked":"Juggernaut","floor":0},{"not_picked":["Wild Strike","Infernal Blade"],"picked":"Iron Wave","floor":1},{"not_picked":["Replay:Undeath\u0027s Touch","Evolve"],"picked":"Armaments","floor":3},{"not_picked":["Abandon","Flex"],"picked":"Infernal Blade","floor":4},{"not_picked":["Pommel Strike","Clash"],"picked":"Disarm","floor":7},{"not_picked":["Replay:Undeath\u0027s Touch","Warcry"],"picked":"Entrench","floor":10},{"not_picked":["Flex","Twin Strike"],"picked":"Defy Death","floor":10},{"not_picked":["Juggernaut","Clash"],"picked":"True Grit","floor":14}],"player_experience":320164,"relics_obtained":[{"floor":7,"key":"Prayer Wheel"},{"floor":9,"key":"Juzu Bracelet"},{"floor":14,"key":"King of Hearts"}],"event_choices":[{"damage_healed":0,"gold_gain":0,"player_choice":"Box","damage_taken":0,"relics_obtained":["Strawberry"],"max_hp_gain":0,"max_hp_loss":0,"event_name":"Big Fish","floor":2,"gold_loss":0,"cards_obtained":["Regret"]},{"cards_removed":["Strike_R"],"damage_healed":0,"gold_gain":0,"player_choice":"Card Removal","damage_taken":7,"max_hp_gain":0,"max_hp_loss":0,"event_name":"Golden Wing","floor":8,"gold_loss":0},{"damage_healed":0,"gold_gain":0,"cards_transformed":["Warcry"],"player_choice":"Transformed","damage_taken":0,"max_hp_gain":0,"max_hp_loss":0,"event_name":"Transmorgrifier","floor":11,"gold_loss":0,"cards_obtained":["ReplayTheSpireMod:Corrosion Curse"]}],"is_beta":false,"boss_relics":[],"items_purged_floors":[5,13],"is_endless":false,"potions_floor_spawned":[3,4,10],"killed_by":"Fading Forest","ascension_level":2}}