{"host":"t9zjxed0utvsfjwc","time":1613261733,"event":{"mods":["2.2 Compatiblity","Aspiration","BaseMod","Better Altar","Better Match","Better Note","Better Sensory Stone","Better Skull","Better Third Choice","Block Reminder","Colored Map","Colored Powertips","Custom Start","Downfall","Hermit","Highlight Path","Hubris","Infinite Spire","Marisa????????","Minty Spire (QoL Compilation)","Quick Restart","Rare Cards Sparkle","Reliquary","Replay The Spire","StSLib","The Cursed","The Marked","The Runesmith","Unceasing Turn Reminder","everything is the same but u backflip on backflip"],"gold_per_floor":[111,36,36,50,125,125,150,150,177,177,189,222,3,19,19,115,115,130,130,130,147,147,167,187,200,281,281,293,293,311,328,328,447,447,495,495,495],"floor_reached":36,"language":"ENG","playtime":1360,"items_purged":["theMarked:Strike","Regret"],"score":526,"play_id":"e92344f9-8441-4eec-a2bd-05a64e24c2b0","local_time":"20210214001533","is_ascension_mode":false,"campfire_choices":[{"data":"theMarked:EmpowerWeapon","floor":6,"key":"SMITH"},{"floor":8,"key":"REST"},{"floor":32,"key":"REST"}],"circlet_count":0,"master_deck":["theMarked:Strike","theMarked:Strike","theMarked:Defend","theMarked:SoldierOfQuellstein","theMarked:SwordAndMagic","Madness+1","theMarked:EmpowerWeapon+1","theMarked:EternalStudent","theMarked:SoldierOfQuellstein+1","Injury","hubris:Wrath","theMarked:BindingBlade"],"relics":["Velvet Choker","Meat on the Bone","hubris:TenFootPole","Art of War","Oddly Smooth Stone","reliquary:RedCape","Kintsugi","ReplayTheSpireMod:TigerMarble","hubris:PeanutButter","infinitespire:EvilPickle","aspiration:MobileForge"],"acts_visited":["Exordium","TheCity","TheBeyond"],"potions_floor_usage":[25,36,36],"damage_taken":[{"damage":1,"enemies":"Jaw Worm","floor":1,"turns":3},{"damage":0,"enemies":"Cultist","floor":4,"turns":2},{"damage":5,"enemies":"Lagavulin","floor":7,"turns":4},{"damage":5,"enemies":"infinitespire:Voidling","floor":11,"turns":3},{"damage":22,"enemies":"Gremlin Nob","floor":12,"turns":4},{"damage":0,"enemies":"Exordium Wildlife","floor":14,"turns":2},{"damage":19,"enemies":"Hexaghost","floor":16,"turns":7},{"damage":2,"enemies":"3 Byrds","floor":18,"turns":4},{"damage":4,"enemies":"Chosen","floor":21,"turns":3},{"damage":15,"enemies":"Shelled Parasite and Fungi","floor":23,"turns":3},{"damage":8,"enemies":"Centurion and Healer","floor":24,"turns":4},{"damage":0,"enemies":"3 Cultists","floor":25,"turns":4},{"damage":10,"enemies":"Shelled Parasite and Fungi","floor":28,"turns":3},{"damage":0,"enemies":"Centurion and Healer","floor":30,"turns":3},{"damage":13,"enemies":"Snake Plant","floor":31,"turns":2},{"damage":39,"enemies":"Pondfish","floor":33,"turns":7},{"damage":0,"enemies":"Orb Walker","floor":35,"turns":2},{"damage":22,"enemies":"infinitespire:Three Voidlings","floor":36,"turns":3},{"damage":58,"enemies":"Nightmare_Alpha","floor":36,"turns":3}],"seed_played":"-7660076196735161203","potions_obtained":[{"floor":14,"key":"sneckomod:MuddlingPotion"},{"floor":16,"key":"theMarked:ChargePotion"},{"floor":23,"key":"SkillPotion"},{"floor":25,"key":"FearPotion"}],"is_trial":false,"path_per_floor":["M","?","$","M","?","R","E","R","T","?","M","E","$","M","R_BF","B",null,"M","?","?","M","AVR","M","M","M","T","?","M","?","M","M","R","B",null,"M","?"],"character_chosen":"THE_DEFAULT","items_purchased":["Oddly Smooth Stone"],"campfire_rested":2,"item_purchase_floors":[13],"current_hp_per_floor":[69,69,69,69,58,58,53,70,70,70,65,43,43,43,43,36,70,68,70,70,66,66,51,43,43,43,43,45,45,45,44,65,38,70,70,0,0],"gold":495,"neow_bonus":"BOSS_RELIC","is_daily":false,"chose_seed":false,"campfire_upgraded":1,"win_rate":0.0,"timestamp":1613261733,"path_taken":["M","?","$","?","?","R","E","R","T","?","M","E","$","M","R_BF","BOSS","M","?","?","?","AVR","M","M","M","T","?","M","?","M","M","R","BOSS","M","?"],"items_purchased_type":["Relic"],"build_version":"2020-12-22","purchased_purges":2,"victory":false,"max_hp_per_floor":[70,70,70,70,70,70,70,70,70,70,70,70,70,70,70,70,70,70,70,70,70,70,70,70,70,70,70,70,70,70,70,70,70,70,70,70,70],"card_choices":[{"not_picked":["theMarked:MuscleMemory","theMarked:Improvise"],"picked":"theMarked:SwordAndMagic","floor":1},{"not_picked":["Finesse+1","hubris:Ssssneak+1"],"picked":"Madness+1","floor":2},{"not_picked":["theMarked:Memento","theMarked:WastefulAttack"],"picked":"theMarked:EmpowerWeapon","floor":4},{"not_picked":["theMarked:ChainLightning","theMarked:CreepingChasm","theMarked:SwordAndMagic"],"picked":"SKIP","floor":7},{"not_picked":["theMarked:ElectricStrings","theMarked:SuspiciousRaven","theMarked:Polarize"],"picked":"SKIP","floor":11},{"not_picked":["theMarked:Panic","theMarked:UnarmedFury","theMarked:Generate"],"picked":"SKIP","floor":12},{"not_picked":["theMarked:WardOff","theMarked:TwofoldDefense","theMarked:Standoff"],"picked":"SKIP","floor":14},{"not_picked":["theMarked:Defy","theMarked:TakeOffHeels"],"picked":"theMarked:EternalStudent","floor":16},{"not_picked":["theMarked:RepellingDischarge","theMarked:ElectricStrings","theMarked:BanishingWave+1"],"picked":"SKIP","floor":18},{"not_picked":["theMarked:Static+1","theMarked:Memento+1","theMarked:ChainLightning"],"picked":"SKIP","floor":21},{"not_picked":["theMarked:ShockingTouch","theMarked:ChainLightning","theMarked:Electrify"],"picked":"SKIP","floor":23},{"not_picked":["theMarked:OneWithTheBlade+1","theMarked:SwordAndMagic","theMarked:WardOff"],"picked":"SKIP","floor":24},{"not_picked":["theMarked:Electrify","theMarked:WardOff","theMarked:StartUp"],"picked":"SKIP","floor":25},{"not_picked":["theMarked:AttractMetal","theMarked:ResourceFulStrike","theMarked:TakeOffHeels"],"picked":"SKIP","floor":28},{"not_picked":["theMarked:Memento","theMarked:Overcharge","theMarked:SwordAndMagic"],"picked":"SKIP","floor":30},{"not_picked":["theMarked:Overthink","theMarked:WastefulAttack+1","theMarked:UnarmedFury"],"picked":"SKIP","floor":31},{"not_picked":["theMarked:Snap","theMarked:Challenge"],"picked":"theMarked:BindingBlade","floor":33},{"not_picked":["theMarked:BanishingStrike+1","theMarked:TakeCover+1","theMarked:WastefulAttack+1"],"picked":"SKIP","floor":35}],"player_experience":556892,"relics_obtained":[{"floor":7,"key":"Meat on the Bone"},{"floor":9,"key":"hubris:TenFootPole"},{"floor":12,"key":"Art of War"},{"floor":26,"key":"hubris:PeanutButter"}],"event_choices":[{"damage_healed":0,"gold_gain":0,"player_choice":"2","damage_taken":0,"max_hp_gain":0,"max_hp_loss":0,"event_name":"betterMatch:BetterMatch","floor":2,"gold_loss":0,"cards_obtained":["betterMatch:UncommonCard","betterMatch:ColorlessUncommonCard"]},{"damage_healed":0,"gold_gain":75,"player_choice":"Gold","damage_taken":11,"max_hp_gain":0,"max_hp_loss":0,"event_name":"betterThird:BetterGoop","floor":5,"gold_loss":0},{"damage_healed":4,"gold_gain":0,"player_choice":"LEAVE ","damage_taken":0,"relics_obtained":[],"max_hp_gain":0,"max_hp_loss":0,"event_name":"betterSkull:BetterSkull","floor":19,"gold_loss":0,"cards_upgraded":[]},{"cards_removed":["Madness"],"damage_healed":0,"gold_gain":0,"player_choice":"Take \u0026 Give","damage_taken":0,"max_hp_gain":0,"max_hp_loss":0,"event_name":"betterNote:BetterNote","floor":20,"gold_loss":0,"cards_obtained":["theMarked:SoldierOfQuellstein"]},{"damage_healed":0,"gold_gain":0,"player_choice":"Ignored","damage_taken":0,"max_hp_gain":0,"max_hp_loss":0,"event_name":"Vampires","floor":27,"gold_loss":0}],"is_beta":false,"boss_relics":[{"not_picked":["expansioncontent:StudyCardRelic","SacredBark"],"picked":"reliquary:RedCape"},{"not_picked":["Runesmith:UraniumAnvil","aspiration:SilentSkillbook"],"picked":"aspiration:MobileForge"}],"items_purged_floors":[13,22],"is_endless":false,"potions_floor_spawned":[14,16,23,25,31,33],"killed_by":"Nightmare_Alpha","ascension_level":0}}