{"host":"l7l2v2zs4hqku4vk","time":1613277139,"event":{"mods":["Act Like it!","BaseMod","Colored Powertips","Highlight Path","Minty Spire (QoL Compilation)","Replay The Spire","RumiaBox-露米娅的神秘盒子","StSLib","TestMod","The Servant 0.9.4","篝火指南"],"gold_per_floor":[112,131,131,150,166,166,191,191,214,214,139,173,189,189,189,262,262,272,272,292,310,320,320,348,348,348,348,348],"floor_reached":27,"language":"ZHS","playtime":1555,"items_purged":["Strike_R"],"score":486,"play_id":"797ce6b8-1ba3-46f2-a0ed-d3a76a52f94f","local_time":"20210214123219","is_ascension_mode":true,"campfire_choices":[{"data":"Armaments","floor":6,"key":"SMITH"},{"data":"Pommel Strike","floor":8,"key":"SMITH"},{"data":"Flame Barrier","floor":10,"key":"SMITH"},{"data":"Body Slam","floor":15,"key":"SMITH"},{"data":"Juggernaut","floor":23,"key":"SMITH"},{"floor":25,"key":"REST"}],"circlet_count":0,"master_deck":["AscendersBane","Strike_R","Strike_R","Strike_R","Defend_R","Defend_R","Defend_R","Defend_R","Bash","Flame Barrier+1","Pommel Strike+1","Armaments+1","Rage","Body Slam+1","Juggernaut+1","Flex"],"relics":["Burning Blood","testmod-TestBox","testmod-Alchemist","NeowsBlessing","Ancient Tea Set","MealTicket","ReplayTheSpireMod:Shallot","testmod-SaigiyounoYou","Mummified Hand","Juzu Bracelet"],"acts_visited":["Exordium","TheCity"],"potions_floor_usage":[7,16],"damage_taken":[{"damage":0,"enemies":"Cultist","floor":1,"turns":1},{"damage":0,"enemies":"Jaw Worm","floor":2,"turns":1},{"damage":0,"enemies":"Small Slimes","floor":4,"turns":1},{"damage":7,"enemies":"Red Slaver","floor":5,"turns":4},{"damage":46,"enemies":"Gremlin Nob","floor":7,"turns":6},{"damage":29,"enemies":"3 Sentries","floor":12,"turns":14},{"damage":0,"enemies":"Exordium Wildlife","floor":13,"turns":5},{"damage":36,"enemies":"Hexaghost","floor":16,"turns":10},{"damage":9,"enemies":"3 Byrds","floor":18,"turns":4},{"damage":23,"enemies":"Shell Parasite","floor":20,"turns":6},{"damage":9,"enemies":"Centurion and Healer","floor":21,"turns":9},{"damage":60,"enemies":"Cultist and Chosen","floor":22,"turns":8},{"damage":22,"enemies":"Book of Stabbing","floor":24,"turns":5},{"damage":84,"enemies":"Gremlin Leader","floor":27,"turns":7}],"seed_played":"-7917147725783911491","potions_obtained":[{"floor":4,"key":"Dexterity Potion"},{"floor":5,"key":"Block Potion"},{"floor":12,"key":"DistilledChaos"},{"floor":20,"key":"BlessingOfTheForge"},{"floor":21,"key":"SkillPotion"}],"is_trial":false,"path_per_floor":["M","M","?","M","M","R","E","R","T","R","$","E","M","?","R","B",null,"M","T","M","M","M","R","E","R","T","E"],"character_chosen":"IRONCLAD","items_purchased":[],"campfire_rested":1,"item_purchase_floors":[],"current_hp_per_floor":[74,75,75,75,74,74,34,34,34,34,49,26,32,75,75,45,68,75,75,66,75,34,34,40,62,62,0,0],"gold":348,"neow_bonus":"THREE_ENEMY_KILL","is_daily":false,"chose_seed":false,"campfire_upgraded":5,"win_rate":0.0,"timestamp":1613277139,"path_taken":["M","?","?","?","M","R","E","R","T","R","$","E","M","?","R","BOSS","M","?","M","M","M","R","E","R","T","E"],"items_purchased_type":[],"build_version":"2020-12-22","purchased_purges":1,"victory":false,"max_hp_per_floor":[75,75,75,75,75,75,75,75,75,75,75,75,75,75,75,75,75,75,75,75,75,75,75,75,75,75,75,75],"card_choices":[{"not_picked":["Run Through","Anger"],"picked":"Flame Barrier","floor":1},{"not_picked":["Heavy Blade","Headbutt"],"picked":"Pommel Strike","floor":2},{"not_picked":["Rupture","ReplayTheSpireMod:Corrosion Curse"],"picked":"Armaments","floor":4},{"not_picked":["Ghostly Armor","Feel No Pain","Anger"],"picked":"SKIP","floor":5},{"not_picked":["ReplayTheSpireMod:Stacked","Heavy Blade"],"picked":"Rage","floor":7},{"not_picked":["ReplayTheSpireMod:Strike From Hell","Reaper"],"picked":"Body Slam","floor":12},{"not_picked":["Clash","Body Slam","Abandon"],"picked":"SKIP","floor":13},{"not_picked":["Double Tap","Bludgeon"],"picked":"Juggernaut","floor":16},{"not_picked":["Warcry","Iron Wave","Shrug It Off"],"picked":"SKIP","floor":18},{"not_picked":["Body Slam","Heavy Blade"],"picked":"Flex","floor":20},{"not_picked":["Massacre","Blood for Blood","Anger"],"picked":"SKIP","floor":21},{"not_picked":["Body Slam","Run Through+1","Dropkick"],"picked":"SKIP","floor":22},{"not_picked":["Shockwave+1","Rage","ReplayTheSpireMod:Strike From Hell"],"picked":"SKIP","floor":24}],"player_experience":1766116,"relics_obtained":[{"floor":7,"key":"Ancient Tea Set"},{"floor":9,"key":"MealTicket"},{"floor":12,"key":"ReplayTheSpireMod:Shallot"},{"floor":24,"key":"Mummified Hand"},{"floor":26,"key":"Juzu Bracelet"}],"event_choices":[{"cards_removed":["Strike_R"],"damage_healed":0,"gold_gain":0,"player_choice":"Purged","damage_taken":0,"max_hp_gain":0,"max_hp_loss":0,"event_name":"Purifier","floor":3,"gold_loss":0},{"damage_healed":43,"gold_gain":0,"player_choice":"Full Heal","damage_taken":0,"max_hp_gain":0,"max_hp_loss":0,"event_name":"Wheel of Change","floor":14,"gold_loss":0}],"is_beta":false,"boss_relics":[{"not_picked":["Runic Cube","testmod-Temperance"],"picked":"testmod-SaigiyounoYou"}],"items_purged_floors":[11],"is_endless":false,"potions_floor_spawned":[4,5,12,20,21],"killed_by":"Gremlin Leader","ascension_level":20}}