{"host":"qy1e0kd24tpj3i2m","time":1613325024,"event":{"mods":["Act Like it!","BaseMod","Better Skull","Better Vampires","Colored Map","Colored Powertips","Custom Start","Faster Ascension Climbing","Friendly Minions","GifTheSpireLib","Gremlin Skip","Highlight Path","Minty Spire (QoL Compilation)","Permanent Neow","Poor People Problems","Quick Restart","Red Circlet Mod","Relic Filter Mod","Relic Sorter","Reorder Act Four","SacredBarkPlus","Shop Mod","StSLib","SuperFastMode","Transform Curses","没有小屋子和绿帽子啦"],"gold_per_floor":[111,124,124,124,6,40,40,68,68,68,68,68,82,82,82,176,176,190,21,35,85,98,98,98],"floor_reached":23,"language":"ZHS","playtime":771,"items_purged":["Regret"],"score":444,"play_id":"21b5bf23-9dd4-4c0f-886b-f47cbcf3c24c","local_time":"20210215025024","is_ascension_mode":true,"campfire_choices":[{"data":"Whirlwind","floor":11.0,"key":"SMITH"},{"data":"Bludgeon","floor":15.0,"key":"SMITH"}],"circlet_count":0,"master_deck":["AscendersBane","Strike_R","Strike_R","Strike_R","Strike_R","Strike_R","Defend_R","Defend_R","Defend_R","Defend_R","Anger","Sentinel","Whirlwind+1","Ghostly Armor","Bludgeon+1","Fiend Fire","Demon Form+1","True Grit","Burning Pact","Body Slam"],"relics":["Burning Blood","NeowsBlessing","Art of War","Vajra","Bottled Lightning","Frozen Egg 2","Golden Idol","Mark of Pain","Lee\u0027s Waffle"],"acts_visited":["Exordium","TheCity"],"potions_floor_usage":[20],"damage_taken":[{"damage":0.0,"enemies":"2 Louse","floor":1.0,"turns":1.0},{"damage":0.0,"enemies":"Jaw Worm","floor":2.0,"turns":1.0},{"damage":0.0,"enemies":"3 Sentries","floor":6.0,"turns":1.0},{"damage":35.0,"enemies":"Lagavulin","floor":8.0,"turns":6.0},{"damage":2.0,"enemies":"Small Slimes","floor":13.0,"turns":3.0},{"damage":45.0,"enemies":"The Guardian","floor":16.0,"turns":11.0},{"damage":47.0,"enemies":"3 Byrds","floor":18.0,"turns":4.0},{"damage":0,"enemies":"Spheric Guardian","floor":20,"turns":2},{"damage":52,"enemies":"Snecko","floor":22,"turns":5},{"damage":25,"enemies":"Book of Stabbing","floor":23,"turns":3}],"seed_played":"797708562168155042","potions_obtained":[{"floor":2.0,"key":"DuplicationPotion"},{"floor":16.0,"key":"GamblersBrew"},{"floor":18.0,"key":"SteroidPotion"}],"is_trial":false,"path_per_floor":["M","M","?","?","$","E","$","E","T","?","R","?","M","?","R","B",null,"M","$","M","?","M","E"],"character_chosen":"IRONCLAD","items_purchased":["Whirlwind","Lee\u0027s Waffle"],"campfire_rested":0,"item_purchase_floors":[5,19],"current_hp_per_floor":[74,75,75,75,75,75,75,46,46,46,46,46,50,50,50,11,54,13,75,75,75,29,4,4],"gold":98,"neow_bonus":"THREE_ENEMY_KILL","is_daily":false,"chose_seed":false,"campfire_upgraded":2,"win_rate":0.0,"timestamp":1613325024,"path_taken":["M","M","?","?","$","E","?","E","T","?","R","?","?","?","R","BOSS","M","$","?","?","M","E"],"items_purchased_type":["Card","Relic"],"build_version":"2020-12-22","purchased_purges":1,"victory":false,"max_hp_per_floor":[75,75,75,75,75,75,75,75,75,75,75,68,68,68,68,68,68,68,75,75,75,75,75,75],"card_choices":[{"not_picked":["Clash","Heavy Blade"],"picked":"Anger","floor":1.0},{"not_picked":["Thunderclap","Intimidate","Headbutt"],"picked":"SKIP","floor":2.0},{"not_picked":["Headbutt","Offering"],"picked":"Ghostly Armor","floor":6.0},{"not_picked":["Armaments","Intimidate"],"picked":"Bludgeon","floor":8.0},{"not_picked":["Searing Blow","Havoc","Rupture+1"],"picked":"SKIP","floor":13.0},{"not_picked":["Reaper","Exhume"],"picked":"Demon Form+1","floor":16.0},{"not_picked":["Clash+1","Clothesline"],"picked":"True Grit","floor":18.0},{"not_picked":["Perfected Strike","Anger"],"picked":"Burning Pact","floor":20},{"not_picked":["Dual Wield","Perfected Strike+1"],"picked":"Body Slam","floor":22}],"player_experience":1032432,"relics_obtained":[{"floor":6.0,"key":"Vajra"},{"floor":8.0,"key":"Bottled Lightning"},{"floor":9.0,"key":"Frozen Egg 2"}],"event_choices":[{"damage_healed":0.0,"max_hp_gain":0.0,"max_hp_loss":0.0,"gold_gain":0.0,"cards_transformed":["Bash"],"event_name":"Living Wall","player_choice":"Change","floor":3.0,"gold_loss":0.0,"damage_taken":0.0,"cards_obtained":["Sentinel"]},{"damage_healed":0.0,"max_hp_gain":0.0,"max_hp_loss":0.0,"gold_gain":0.0,"event_name":"Big Fish","player_choice":"Box","floor":4.0,"gold_loss":0.0,"damage_taken":0.0,"relics_obtained":["Art of War"],"cards_obtained":["Regret"]},{"damage_healed":0.0,"max_hp_gain":0.0,"max_hp_loss":0.0,"gold_gain":0.0,"event_name":"Dead Adventurer","player_choice":"Searched \u00270\u0027 times","floor":10.0,"gold_loss":0.0,"damage_taken":0.0},{"damage_healed":0.0,"max_hp_gain":0.0,"max_hp_loss":7.0,"gold_gain":0.0,"event_name":"Golden Idol","player_choice":"Lose Max HP","floor":12.0,"gold_loss":0.0,"damage_taken":0.0,"relics_obtained":["Golden Idol"]},{"damage_healed":0.0,"max_hp_gain":0.0,"max_hp_loss":0.0,"gold_gain":0.0,"event_name":"Match and Keep!","player_choice":"1 cards matched","floor":14.0,"gold_loss":0.0,"damage_taken":0.0,"cards_obtained":["Fiend Fire"]},{"damage_healed":0,"gold_gain":50,"player_choice":"Stole From Cult","damage_taken":0,"max_hp_gain":0,"max_hp_loss":0,"event_name":"Nest","floor":21,"gold_loss":0}],"is_beta":false,"boss_relics":[{"not_picked":["Astrolabe","Calling Bell"],"picked":"Mark of Pain"}],"items_purged_floors":[5],"is_endless":false,"potions_floor_spawned":[2,16,18],"killed_by":"Book of Stabbing","ascension_level":20}}