{"host":"p0hktren06injwdf","time":1613321688,"event":{"mods":["AchievementEnabler","BaseMod","Colored Map","DeckTracker","Minty Spire (QoL Compilation)","Permanent Neow","StSLib","SuperFastMode"],"gold_per_floor":[111,124,138,34,34,34,34,50,73,73,90,105,180,209,209,306,306,319,330,255,269,194,228,245,264,289,289,309,326,326,326,326,424,424,444,198,209,209,228,241,270,270,270,286,286,314,327,377,377,377,377],"floor_reached":50,"language":"KOR","playtime":937,"items_purged":["Strike_R"],"score":578,"play_id":"d98dc2cb-7241-430b-9c05-41c29e56da96","local_time":"20210215015448","is_ascension_mode":false,"campfire_choices":[{"data":"Bash","floor":6.0,"key":"SMITH"},{"data":"Pommel Strike","floor":10.0,"key":"SMITH"},{"data":"Twin Strike","floor":15.0,"key":"SMITH"},{"data":"Perfected Strike","floor":30.0,"key":"SMITH"},{"floor":32.0,"key":"REST"},{"data":"Pommel Strike","floor":42.0,"key":"SMITH"},{"floor":45.0,"key":"REST"},{"data":"Perfected Strike","floor":49,"key":"SMITH"}],"circlet_count":0,"master_deck":["Strike_R","Strike_R","Strike_R","Strike_R+1","Defend_R","Defend_R","Defend_R","Bash+1","Pommel Strike+1","Shrug It Off","Shrug It Off","Twin Strike+1","Pommel Strike+1","Pommel Strike+1","Thunderclap","Twin Strike","Twin Strike","Headbutt","Perfected Strike+1","Headbutt","Shrug It Off","Pommel Strike+1","Warcry+1","Wild Strike","Pommel Strike","Perfected Strike+1"],"relics":["Burning Blood","Lantern","Boot","Orichalcum","Velvet Choker","Oddly Smooth Stone","Whetstone","Runic Dome","Question Card","Pen Nib","Dream Catcher","MealTicket","Calipers"],"acts_visited":["Exordium","TheCity","TheBeyond"],"potions_floor_usage":[47,47,50],"damage_taken":[{"damage":0.0,"enemies":"Small Slimes","floor":1.0,"turns":4.0},{"damage":6.0,"enemies":"Cultist","floor":2.0,"turns":3.0},{"damage":0.0,"enemies":"2 Louse","floor":3.0,"turns":3.0},{"damage":8.0,"enemies":"Large Slime","floor":8.0,"turns":6.0},{"damage":2.0,"enemies":"Exordium Wildlife","floor":11.0,"turns":3.0},{"damage":17.0,"enemies":"Gremlin Gang","floor":12.0,"turns":5.0},{"damage":20.0,"enemies":"Lagavulin","floor":14.0,"turns":7.0},{"damage":35.0,"enemies":"The Guardian","floor":16.0,"turns":14.0},{"damage":0.0,"enemies":"Chosen","floor":18.0,"turns":3.0},{"damage":11.0,"enemies":"2 Thieves","floor":19.0,"turns":3.0},{"damage":21.0,"enemies":"Shelled Parasite and Fungi","floor":21.0,"turns":5.0},{"damage":21.0,"enemies":"Book of Stabbing","floor":23.0,"turns":4.0},{"damage":5.0,"enemies":"Cultist and Chosen","floor":24.0,"turns":4.0},{"damage":4.0,"enemies":"Chosen and Byrds","floor":25.0,"turns":4.0},{"damage":9.0,"enemies":"Snecko","floor":28.0,"turns":3.0},{"damage":6.0,"enemies":"3 Cultists","floor":29.0,"turns":4.0},{"damage":62.0,"enemies":"Champ","floor":33.0,"turns":9.0},{"damage":5.0,"enemies":"3 Shapes","floor":35.0,"turns":4.0},{"damage":4.0,"enemies":"3 Darklings","floor":37.0,"turns":2.0},{"damage":2.0,"enemies":"Transient","floor":39.0,"turns":5.0},{"damage":8.0,"enemies":"Spire Growth","floor":40.0,"turns":3.0},{"damage":61.0,"enemies":"Reptomancer","floor":41.0,"turns":6.0},{"damage":2.0,"enemies":"Sphere and 2 Shapes","floor":44.0,"turns":5.0},{"damage":21.0,"enemies":"Nemesis","floor":46.0,"turns":3.0},{"damage":9,"enemies":"Writhing Mass","floor":47,"turns":2},{"damage":0,"enemies":"Mind Bloom Boss Battle","floor":48,"turns":3},{"damage":81,"enemies":"Awakened One","floor":50,"turns":7}],"seed_played":"2370531317428389550","potions_obtained":[{"floor":2.0,"key":"SpeedPotion"},{"floor":3.0,"key":"Fire Potion"},{"floor":11.0,"key":"Explosive Potion"},{"floor":16.0,"key":"Explosive Potion"},{"floor":19.0,"key":"FearPotion"},{"floor":21.0,"key":"Block Potion"},{"floor":33.0,"key":"Fire Potion"},{"floor":35.0,"key":"BloodPotion"},{"floor":37.0,"key":"LiquidMemories"},{"floor":46.0,"key":"SteroidPotion"},{"floor":47,"key":"SneckoOil"}],"is_trial":false,"path_per_floor":["M","M","M","$","?","R","$","M","T","R","M","M","?","E","R","B",null,"M","M","$","M","?","E","M","M","T","?","M","M","R","$","R","B",null,"M","$","M","$","M","M","E","R","T","M","R","E","M","?","R","B"],"character_chosen":"IRONCLAD","items_purchased":["Shrug It Off","Twin Strike","Question Card"],"campfire_rested":2,"item_purchase_floors":[4,4,36],"current_hp_per_floor":[80,80,80,80,80,80,80,78,78,78,80,69,58,44,44,15,80,80,75,75,60,60,45,46,48,48,48,45,45,45,45,69,13,80,80,80,80,80,80,78,39,39,39,43,67,52,49,55,55,0,0],"gold":377,"neow_bonus":"RANDOM_COMMON_RELIC","is_daily":false,"chose_seed":false,"campfire_upgraded":6,"win_rate":0.0,"timestamp":1613321688,"path_taken":["M","M","M","$","?","R","$","M","T","R","M","?","?","E","R","BOSS","M","M","$","M","?","E","M","M","T","?","M","M","R","?","R","BOSS","M","$","?","$","M","M","E","R","T","M","R","E","?","?","R","BOSS"],"items_purchased_type":["Card","Card","Relic"],"build_version":"2020-12-22","purchased_purges":1,"victory":false,"max_hp_per_floor":[80,80,80,80,80,80,80,80,80,80,80,80,80,80,80,80,80,80,80,80,80,80,80,80,80,80,80,80,80,80,80,80,80,80,80,80,80,80,80,80,80,80,80,80,80,80,80,80,80,80,80],"card_choices":[{"not_picked":["Twin Strike","Searing Blow"],"picked":"Pommel Strike","floor":1.0},{"not_picked":["Dropkick","Clothesline","Power Through"],"picked":"SKIP","floor":2.0},{"not_picked":["Flex","Clothesline"],"picked":"Shrug It Off","floor":3.0},{"not_picked":["Ghostly Armor","Fire Breathing"],"picked":"Pommel Strike","floor":8.0},{"not_picked":["Havoc","Clothesline"],"picked":"Pommel Strike","floor":11.0},{"not_picked":["Cleave","Anger","Havoc"],"picked":"SKIP","floor":12.0},{"not_picked":["Seeing Red","Bludgeon"],"picked":"Thunderclap","floor":14.0},{"not_picked":["Disarm","Flex"],"picked":"Twin Strike","floor":18.0},{"not_picked":["Dropkick","Uppercut","Body Slam"],"picked":"SKIP","floor":19.0},{"not_picked":["Wild Strike","Hemokinesis"],"picked":"Twin Strike","floor":21.0},{"not_picked":["Rage","Cleave","Burning Pact"],"picked":"SKIP","floor":23.0},{"not_picked":["Dropkick","Disarm+1","Cleave"],"picked":"SKIP","floor":24.0},{"not_picked":["Seeing Red","Disarm","Clothesline"],"picked":"SKIP","floor":25.0},{"not_picked":["Flex","Clothesline"],"picked":"Perfected Strike","floor":28.0},{"not_picked":["Iron Wave","Armaments","Sword Boomerang"],"picked":"SKIP","floor":29.0},{"not_picked":["Disarm","Havoc+1"],"picked":"Headbutt","floor":35.0},{"not_picked":["Warcry+1","Armaments","Heavy Blade"],"picked":"Shrug It Off","floor":37.0},{"not_picked":["Body Slam+1","Heavy Blade","Thunderclap+1","Sword Boomerang"],"picked":"SKIP","floor":39.0},{"not_picked":["Ghostly Armor+1","Cleave","Reaper","Carnage+1"],"picked":"SKIP","floor":40.0},{"not_picked":["Thunderclap+1","Anger","Wild Strike+1"],"picked":"Pommel Strike","floor":41.0},{"not_picked":["Thunderclap+1","Power Through+1","Flame Barrier"],"picked":"Warcry+1","floor":44.0},{"not_picked":["Metallicize","Heavy Blade","Corruption"],"picked":"Wild Strike","floor":45.0},{"not_picked":["Dual Wield","Dark Embrace","Blood for Blood+1"],"picked":"Pommel Strike","floor":46.0},{"not_picked":["Metallicize+1","Pummel+1","Body Slam+1"],"picked":"Perfected Strike","floor":47}],"player_experience":1058002,"relics_obtained":[{"floor":9.0,"key":"Boot"},{"floor":14.0,"key":"Orichalcum"},{"floor":23.0,"key":"Oddly Smooth Stone"},{"floor":26.0,"key":"Whetstone"},{"floor":41.0,"key":"Pen Nib"},{"floor":43.0,"key":"Dream Catcher"},{"floor":46.0,"key":"MealTicket"},{"floor":48,"key":"Calipers"}],"event_choices":[{"damage_healed":0.0,"max_hp_gain":0.0,"max_hp_loss":0.0,"gold_gain":0.0,"event_name":"Accursed Blacksmith","player_choice":"Forge","floor":5.0,"gold_loss":0.0,"damage_taken":0.0,"cards_upgraded":["Pommel Strike"]},{"damage_healed":0.0,"max_hp_gain":0.0,"max_hp_loss":0.0,"gold_gain":75.0,"event_name":"World of Goop","player_choice":"Gather Gold","floor":13.0,"gold_loss":0.0,"damage_taken":11.0},{"cards_removed":["Defend_R"],"damage_healed":0.0,"max_hp_gain":0.0,"max_hp_loss":0.0,"gold_gain":0.0,"event_name":"Beggar","player_choice":"Gave Gold","floor":22.0,"gold_loss":75.0,"damage_taken":0.0},{"damage_healed":0.0,"max_hp_gain":0.0,"max_hp_loss":0.0,"gold_gain":0.0,"event_name":"The Library","player_choice":"Read","floor":27.0,"gold_loss":0.0,"damage_taken":0.0,"cards_obtained":["Headbutt"]},{"damage_healed":0,"gold_gain":0,"player_choice":"Fight","damage_taken":0,"max_hp_gain":0,"max_hp_loss":0,"event_name":"MindBloom","floor":48,"gold_loss":0}],"is_beta":false,"boss_relics":[{"not_picked":["Black Star","Runic Pyramid"],"picked":"Velvet Choker"},{"not_picked":["Empty Cage","Mark of Pain"],"picked":"Runic Dome"}],"items_purged_floors":[20],"is_endless":false,"potions_floor_spawned":[2,3,11,16,19,21,33,35,37,46,47],"killed_by":"Awakened One","ascension_level":0}}