{"host":"0qlrtuw7bw78ucw4","time":1613308326,"event":{"mods":["BaseMod","Downfall","Minty Spire (QoL Compilation)","StSLib"],"gold_per_floor":[99,99,9,28,40,68,95,95,108,134,145,45,1,101,119,119,119,119],"floor_reached":16,"language":"ENG","playtime":779,"items_purged":["Decay"],"score":180,"play_id":"2183c9da-9c8b-4890-8050-685d63b83b38","local_time":"20210215001206","is_ascension_mode":true,"campfire_choices":[{"data":"Guardian:CurlUp","floor":1,"key":"SMITH"},{"data":"Guardian:ShieldSpikes","floor":12,"key":"SMITH"}],"circlet_count":0,"master_deck":["AscendersBane","Guardian:Strike_Guardian","Guardian:Strike_Guardian","Guardian:Defend_Guardian","Guardian:Defend_Guardian","Guardian:Defend_Guardian","Guardian:CurlUp+1","Guardian:TwinSlam+1","Guardian:PiercingHide","Guardian:ShieldSpikes+1","Guardian:TimeBomb","Guardian:TemporalStrike","Guardian:TemporalStrike","Guardian:TimeSifter","Guardian:ShieldCharger","Guardian:Gem_Red","Guardian:TemporalStrike","Guardian:DecasProtection","Guardian:ExploitGems","Dark Shackles","downfall:Bewildered","Guardian:Gem_Red","Guardian:Gem_Fragmented"],"relics":["Guardian:ModeShifter","Shovel","Guardian:StasisCodex","MealTicket","downfall:HeartBlessingBlue","downfall:GremlinSack"],"acts_visited":["Exordium"],"potions_floor_usage":[14],"damage_taken":[{"damage":0,"enemies":"downfall:FleeingMerchant","floor":3,"turns":4},{"damage":1,"enemies":"2 Louse","floor":4,"turns":3},{"damage":0,"enemies":"Cultist","floor":5,"turns":4},{"damage":30,"enemies":"Gremlin Nob","floor":6,"turns":6},{"damage":0,"enemies":"Small Slimes","floor":9,"turns":4},{"damage":4,"enemies":"downfall:LooterAlt","floor":11,"turns":4},{"damage":0,"enemies":"downfall:FleeingMerchant","floor":13,"turns":4},{"damage":42,"enemies":"downfall:FleeingMerchant","floor":14,"turns":6},{"damage":1,"enemies":"2 Fungi Beasts","floor":15,"turns":5},{"damage":16,"enemies":"WA_ARCHETYPE_RETAIN","floor":16,"turns":4}],"seed_played":"-2949213776533918390","potions_obtained":[{"floor":5,"key":"Regen Potion"},{"floor":6,"key":"PowerPotion"}],"is_trial":false,"path_per_floor":["R","?","$","M","M","E","T","?","M","T","M","R","$","?","M","B"],"character_chosen":"GUARDIAN","items_purchased":["Guardian:ShieldCharger"],"campfire_rested":0,"item_purchase_floors":[13],"current_hp_per_floor":[65,65,65,64,64,34,34,23,23,23,19,29,44,17,16,0,0,0],"gold":119,"neow_bonus":"UPGRADE_CARD","is_daily":false,"chose_seed":false,"campfire_upgraded":2,"win_rate":0.0,"timestamp":1613308326,"path_taken":["R","?","?","M","M","E","T","?","M","?","M","R","?","?","M","BOSS"],"items_purchased_type":["Card"],"build_version":"2020-12-22","purchased_purges":1,"victory":false,"max_hp_per_floor":[72,72,72,72,72,72,72,72,72,72,72,82,82,82,82,82,82,82],"card_choices":[{"not_picked":["Guardian:CrystalBeam","Guardian:Recover"],"picked":"Guardian:PiercingHide","floor":3},{"not_picked":["Guardian:Gem_Purple","Guardian:RollAttack"],"picked":"Guardian:ShieldSpikes","floor":4},{"not_picked":["Guardian:Planning","Guardian:PiercingHide"],"picked":"Guardian:TimeBomb","floor":5},{"not_picked":["Guardian:PolyBeam","Guardian:ArmoredProtocol"],"picked":"Guardian:Gem_Synthetic","floor":6},{"not_picked":["Guardian:DecasProtection","Guardian:WalkerClaw"],"picked":"Guardian:TemporalStrike","floor":9},{"not_picked":["Guardian:Preprogram","Guardian:BronzeOrb"],"picked":"Guardian:TemporalStrike","floor":11},{"not_picked":["Guardian:WalkerClaw","Guardian:Gem_Lightblue"],"picked":"Guardian:TimeSifter","floor":13},{"not_picked":["Guardian:TemporalShield","Guardian:BronzeArmor"],"picked":"Guardian:Gem_Red","floor":14},{"not_picked":["Guardian:TemporalStrike","Guardian:Recover"],"picked":"Guardian:Gem_Fragmented","floor":15}],"player_experience":1017249,"relics_obtained":[{"floor":6,"key":"Shovel"},{"floor":10,"key":"MealTicket"},{"floor":14,"key":"downfall:GremlinSack"}],"event_choices":[{"damage_healed":0,"gold_gain":0,"player_choice":"Success","damage_taken":11,"relics_obtained":["Guardian:StasisCodex"],"max_hp_gain":0,"max_hp_loss":0,"event_name":"Scrap Ooze","floor":8,"gold_loss":0}],"is_beta":false,"boss_relics":[],"items_purged_floors":[3],"is_endless":false,"potions_floor_spawned":[5,6,9],"killed_by":"WA_ARCHETYPE_RETAIN","ascension_level":16}}