{"host":"xp5rvh2jwe2ejyfm","time":1613311376,"event":{"mods":["2.2 Compatiblity","Aspiration","BaseMod","Better Altar","Better Match","Better Note","Better Sensory Stone","Better Skull","BetterRewards","Colored Powertips","Conspire","Downfall","GifTheSpireLib","Gremlin Mod","GungeonMod","Hermit","Hubris","Jorbs\u0027s Wanderer Trilogy","Minty Spire (QoL Compilation)","Potionbrewer","Quick Restart","Replay The Spire","Robot Space Explorer","Shade Mod","Somnambulant","StSLib","The Bug Knight","The Clintock","The Construct","The Cursed","The Disciple","The Forsaken","The Hierophant","The Necromancer","The Runesmith","The Servant 0.9.4","The Valiant","The Witch","TheFirefly","thorton"],"gold_per_floor":[109,129,13,23,42,61,95,95,144,144,144,144,144,173,173,281,281,310,356,4,16,16],"floor_reached":21,"language":"ENG","playtime":972,"items_purged":[],"score":181,"play_id":"1e148300-c68f-440d-88d2-dc3f2c8844af","local_time":"20210214090256","is_ascension_mode":false,"campfire_choices":[{"floor":10,"key":"REST"},{"data":"RobotSpaceExplorer:StarDust","floor":13,"key":"SMITH"},{"floor":15,"key":"REST"}],"circlet_count":0,"master_deck":["RobotSpaceExplorer:Strike","RobotSpaceExplorer:Strike+1","RobotSpaceExplorer:Strike","RobotSpaceExplorer:Strike","RobotSpaceExplorer:Defend","RobotSpaceExplorer:Defend","RobotSpaceExplorer:Defend","RobotSpaceExplorer:Defend","RobotSpaceExplorer:Scan","RobotSpaceExplorer:MiniLasers","Jack Of All Trades","RobotSpaceExplorer:StunGrenade","RobotSpaceExplorer:StunGrenade","RobotSpaceExplorer:MiniBoosters+1","RobotSpaceExplorer:MetalStrike","RobotSpaceExplorer:SurgingStrike","RobotSpaceExplorer:ImprovisedAttack","RobotSpaceExplorer:StarDust+1","RobotSpaceExplorer:LaserBurst","Injury","RobotSpaceExplorer:MiniBoosters+1","RobotSpaceExplorer:Comet","RobotSpaceExplorer:ScrapMissile","RobotSpaceExplorer:Probe","RobotSpaceExplorer:DoubleFind","RobotSpaceExplorer:DoubleFind","Sadistic Nature+1","ReplayTheSpireMod:Brewmster+1","Dark Shackles","Dramatic Entrance"],"relics":["RobotSpaceExplorer:RoboCore","Replay:Bandana","Frozen Egg 2","HollowMod:PaleOreRelic","Bottled Tornado","thethorton:CrushedCigarette","ReplayTheSpireMod:ShopPack"],"acts_visited":["Exordium","TheCity"],"potions_floor_usage":[1,6,19,19,21],"damage_taken":[{"damage":6,"enemies":"2 Louse","floor":1,"turns":2},{"damage":0,"enemies":"Jaw Worm","floor":2,"turns":4},{"damage":0,"enemies":"Cultist","floor":4,"turns":4},{"damage":6,"enemies":"Looter","floor":5,"turns":4},{"damage":7,"enemies":"Exordium Wildlife","floor":6,"turns":3},{"damage":28,"enemies":"Lagavulin","floor":7,"turns":6},{"damage":15,"enemies":"2 Fungi Beasts","floor":14,"turns":3},{"damage":29,"enemies":"Slime Boss","floor":16,"turns":6},{"damage":18,"enemies":"3 Byrds","floor":18,"turns":4},{"damage":34,"enemies":"2 Thieves","floor":19,"turns":4},{"damage":23,"enemies":"Sentry and Sphere","floor":21,"turns":3}],"seed_played":"1497761286586691074","potions_obtained":[{"floor":1,"key":"potionbrewer:BlacksmithPotion"},{"floor":5,"key":"SkillPotion"},{"floor":16,"key":"potionbrewer:MidasPotion"},{"floor":18,"key":"potionbrewer:ToxicPotion"},{"floor":19,"key":"Ancient Potion"}],"is_trial":false,"path_per_floor":["M","M","$","M","M","M","E","?","T","R","?","T","R","M","R","B",null,"M","M","$","M"],"character_chosen":"RobotSpaceExplorer","items_purchased":["RobotSpaceExplorer:MiniBoosters","RobotSpaceExplorer:MetalStrike","RobotSpaceExplorer:DoubleFind","ReplayTheSpireMod:ShopPack","Sadistic Nature+1"],"campfire_rested":2,"item_purchase_floors":[3,3,20,20,20],"current_hp_per_floor":[69,69,69,69,63,56,28,28,28,50,50,50,50,35,57,28,75,57,23,23,0,0],"gold":16,"neow_bonus":"RANDOM_COLORLESS","is_daily":false,"chose_seed":false,"campfire_upgraded":1,"win_rate":0.0,"timestamp":1613311376,"path_taken":["M","M","$","M","M","M","E","?","T","R","?","?","R","?","R","BOSS","M","M","$","M"],"items_purchased_type":["Card","Card","Card","Relic","Card"],"build_version":"2020-12-22","purchased_purges":0,"victory":false,"max_hp_per_floor":[75,75,75,75,75,75,75,75,75,75,75,75,75,75,75,75,75,75,75,75,75,75],"card_choices":[{"not_picked":["hubris:Insight","ReplayTheSpireMod:Trickstab"],"picked":"Jack Of All Trades","floor":0},{"not_picked":["RobotSpaceExplorer:LuckyStrike","RobotSpaceExplorer:Probe"],"picked":"RobotSpaceExplorer:StunGrenade","floor":1},{"not_picked":["RobotSpaceExplorer:FrostMissile","RobotSpaceExplorer:MakeshiftVolley"],"picked":"RobotSpaceExplorer:StunGrenade","floor":2},{"not_picked":["RobotSpaceExplorer:SwiftStep","RobotSpaceExplorer:ShovelStrike"],"picked":"RobotSpaceExplorer:SurgingStrike","floor":4},{"not_picked":["RobotSpaceExplorer:ScrapToss","RobotSpaceExplorer:ScrapMissile"],"picked":"RobotSpaceExplorer:ImprovisedAttack","floor":5},{"not_picked":["RobotSpaceExplorer:MakeshiftVolley","RobotSpaceExplorer:MetalStrike"],"picked":"RobotSpaceExplorer:StarDust","floor":6},{"not_picked":["RobotSpaceExplorer:SlimeMissile","RobotSpaceExplorer:Ammunition"],"picked":"RobotSpaceExplorer:LaserBurst","floor":7},{"not_picked":["RobotSpaceExplorer:SurgingShield","RobotSpaceExplorer:Scanner+1"],"picked":"RobotSpaceExplorer:MiniBoosters+1","floor":14},{"not_picked":["RobotSpaceExplorer:BlastShield","RobotSpaceExplorer:HighVoltage"],"picked":"RobotSpaceExplorer:Comet","floor":16},{"not_picked":["RobotSpaceExplorer:SlimeMissile","RobotSpaceExplorer:Ammunition"],"picked":"RobotSpaceExplorer:ScrapMissile","floor":18},{"not_picked":["RobotSpaceExplorer:SurgingShield","RobotSpaceExplorer:Counterblock+1"],"picked":"RobotSpaceExplorer:Probe","floor":19},{"not_picked":["Panache","Master of Strategy"],"picked":"ReplayTheSpireMod:Brewmster","floor":20},{"not_picked":["hubris:Ssssneak","Panacea"],"picked":"Dark Shackles","floor":20},{"not_picked":["ReplayTheSpireMod:Trickstab","ReplayTheSpireMod:Necrogeddon"],"picked":"Dramatic Entrance","floor":20}],"player_experience":502319,"relics_obtained":[{"floor":7,"key":"Replay:Bandana"},{"floor":9,"key":"HollowMod:PaleOreRelic"},{"floor":12,"key":"Bottled Tornado"}],"event_choices":[{"damage_healed":0,"gold_gain":0,"player_choice":"Grow","damage_taken":0,"max_hp_gain":0,"max_hp_loss":0,"event_name":"Living Wall","floor":11,"gold_loss":0,"cards_upgraded":["RobotSpaceExplorer:MiniBoosters"]}],"is_beta":false,"boss_relics":[{"not_picked":["Astrolabe","aspiration:SecretTechniqueScroll"],"picked":"thethorton:CrushedCigarette"}],"items_purged_floors":[],"is_endless":false,"potions_floor_spawned":[1,5,16,18,19],"killed_by":"Sentry and Sphere","ascension_level":0}}