{"host":"bvp2uifzy1c463d9","time":1613291146,"event":{"mods":["AchievementEnabler","BaseMod","Better Note","Block Reminder","Bossed Relics","ChefMod","Colored Map","Colored Powertips","Energized Spire","Hermit","Highlight Path","Hubris","Infinite Spire","Minty Spire (QoL Compilation)","Random Character Button","Relic Sorter","Relic Stats","Reliquary","Replay The Spire","Robot Space Explorer","StSLib","The Blue Laboratory","The Jungle","The Servant 0.9.4","Wandering Minibosses"],"gold_per_floor":[109,123,21,21,34,67,67,67,67,77,88,88,88,100,100,196,196,208,228,242,270,270,270],"floor_reached":22,"language":"ENG","playtime":1092,"items_purged":[],"score":237,"play_id":"a2a75330-308f-4a9a-aaca-4f855d33259c","local_time":"20210214022546","is_ascension_mode":true,"campfire_choices":[{"data":"hermit:Dive","floor":7,"key":"SMITH"},{"data":"hermit:Determination","floor":13,"key":"SMITH"},{"data":"hermit:Headshot","floor":15,"key":"SMITH"}],"circlet_count":0,"master_deck":["hermit:Strike_Hermit","hermit:Strike_Hermit","hermit:Strike_Hermit","hermit:Strike_Hermit","hermit:Defend_Hermit","hermit:Defend_Hermit","hermit:Defend_Hermit","hermit:Defend_Hermit","hermit:Snapshot","hermit:Covet","hermit:Dive+1","hermit:BigShot+1","hermit:TrackingShot","hermit:Headshot+1","hermit:ItchyTrigger","hermit:WideOpen","Blind","hermit:Determination+1","hermit:DeadOrAlive+1","hermit:NoHoldsBarred+1","hermit:Dive","hermit:EyeOfTheStorm","hermit:FlashPowder"],"relics":["hermit:BartenderGlass","Vajra","Golden Egg","ReplayTheSpireMod:DimensionalGlitch"],"acts_visited":["Exordium","TheCity"],"potions_floor_usage":[6,6,11,18,20],"damage_taken":[{"damage":1,"enemies":"Cultist","floor":1,"turns":4},{"damage":3,"enemies":"2 Louse","floor":2,"turns":4},{"damage":4,"enemies":"Jaw Worm","floor":5,"turns":5},{"damage":12,"enemies":"Gremlin Nob","floor":6,"turns":1},{"damage":0,"enemies":"3 Louse","floor":10,"turns":4},{"damage":0,"enemies":"Gremlin Gang","floor":11,"turns":7},{"damage":8,"enemies":"Looter","floor":14,"turns":2},{"damage":55,"enemies":"Fading Forest","floor":16,"turns":11},{"damage":30,"enemies":"Shell Parasite","floor":18,"turns":6},{"damage":6,"enemies":"Spheric Guardian","floor":19,"turns":3},{"damage":10,"enemies":"Centurion and Healer","floor":20,"turns":5},{"damage":7,"enemies":"Cultist and Chosen","floor":21,"turns":4},{"damage":25,"enemies":"Shelled Parasite and Fungi","floor":22,"turns":2}],"seed_played":"7464732237213445838","potions_obtained":[{"floor":1,"key":"blueLaboratory:BottleOfVodka"},{"floor":5,"key":"Death Potion"},{"floor":11,"key":"blueLaboratory:LouseDecoction"}],"is_trial":false,"path_per_floor":["M","M","$","$","M","E","R","?","T","M","M","?","R","M","R_BF","B",null,"M","M","M","M","M"],"character_chosen":"HERMIT","items_purchased":["hermit:TrackingShot","blueLaboratory:FruitPunch"],"campfire_rested":0,"item_purchase_floors":[3,3],"current_hp_per_floor":[74,71,71,71,67,57,57,57,57,57,57,57,57,49,49,16,77,47,41,31,24,0,0],"gold":270,"neow_bonus":"BOSS_RELIC","is_daily":false,"chose_seed":false,"campfire_upgraded":3,"win_rate":0.0,"timestamp":1613291146,"path_taken":["M","M","?","$","M","E","R","?","T","M","M","?","R","M","R_BF","BOSS","M","M","M","M","M"],"items_purchased_type":["Card","Potion"],"build_version":"2020-12-22","purchased_purges":0,"victory":false,"max_hp_per_floor":[75,75,75,75,75,77,77,77,77,77,77,77,77,77,77,77,77,77,77,77,77,77,77],"relic_stats":{"counters":[13,58],"obtain_stats":[{"Golden Egg":9,"Vajra":6,"hermit:BartenderGlass":0,"ReplayTheSpireMod:DimensionalGlitch":17,"hermit:Momento":0},{"Golden Egg":4,"Vajra":4,"hermit:BartenderGlass":0,"ReplayTheSpireMod:DimensionalGlitch":8,"hermit:Momento":0},{"Golden Egg":14,"Vajra":14,"hermit:BartenderGlass":0,"ReplayTheSpireMod:DimensionalGlitch":38,"hermit:Momento":0}]},"card_choices":[{"not_picked":["hermit:PistolWhip","hermit:ItchyTrigger"],"picked":"hermit:Dive","floor":1},{"not_picked":["hermit:HoleUp","hermit:Quickdraw"],"picked":"hermit:BigShot","floor":2},{"not_picked":["hermit:Gestalt","hermit:LowProfile"],"picked":"hermit:Headshot","floor":5},{"not_picked":["hermit:SprayPray","hermit:Virtue"],"picked":"hermit:ItchyTrigger","floor":6},{"not_picked":["hermit:SprayPray","hermit:Glare","hermit:TakeCover"],"picked":"SKIP","floor":10},{"not_picked":["hermit:Glare","hermit:Quickdraw"],"picked":"hermit:WideOpen","floor":11},{"not_picked":["hermit:WideOpen","hermit:HighCaliber","hermit:Spite"],"picked":"SKIP","floor":14},{"not_picked":["hermit:Purgatory","hermit:Reprieve"],"picked":"hermit:DeadOrAlive","floor":16},{"not_picked":["hermit:FullyLoaded+1","hermit:Midnight"],"picked":"hermit:NoHoldsBarred+1","floor":18},{"not_picked":["hermit:Glare","hermit:Coalescence"],"picked":"hermit:Dive","floor":19},{"not_picked":["hermit:Malice","hermit:Deadeye"],"picked":"hermit:EyeOfTheStorm","floor":20},{"not_picked":["hermit:ShadowCloak+1","hermit:Spite"],"picked":"hermit:FlashPowder","floor":21}],"player_experience":357106,"relics_obtained":[{"floor":6,"key":"Vajra"},{"floor":9,"key":"Golden Egg"}],"event_choices":[{"damage_healed":0,"gold_gain":0,"player_choice":"2 cards matched","damage_taken":0,"max_hp_gain":0,"max_hp_loss":0,"event_name":"Match and Keep!","floor":12,"gold_loss":0,"cards_obtained":["Blind","hermit:Determination"]}],"is_beta":false,"boss_relics":[{"not_picked":["reliquary:Craggleroot","Replay:Ancient Bell"],"picked":"ReplayTheSpireMod:DimensionalGlitch"}],"items_purged_floors":[],"is_endless":false,"potions_floor_spawned":[1,5,10,11,16,19,20],"killed_by":"Shelled Parasite and Fungi","ascension_level":2}}