{"host":"n2havra2dgtcizuw","time":1613316137,"event":{"mods":["100% Spire Juice","ATMod(阿瑾Mod)","Bard","BaseMod","Downfall","Marisa（F雨　魔理沙）","Minty Spire (QoL Compilation)","Permanent Neow","Reliquary","Remilia（蕾米莉亚）","Replay The Spire","RumiaBox-露米娅的神秘盒子","StSLib","TestMod","The Alterego","The Animator","The Servant 0.9.4","[IsaacMod]以撒尖塔"],"gold_per_floor":[433,433,125,144,163,202,202,264,264,65,104,152,152,190,190,311,311,368,768,504,573,451,516,516,572,572,589,161,189,189,189,189,343,343,370,452,525,525,549,600,633,234,234,144,14,67,19,50,50,100],"floor_reached":51,"language":"ZHS","playtime":2213,"items_purged":["Strike_P","Strike_P","Strike_P","Strike_P","BowlingBash"],"score":1576,"play_id":"4e7f3188-caa7-436f-9453-a83d1fd24bfd","local_time":"20210214232217","is_ascension_mode":true,"campfire_choices":[{"data":"AT_OneInchPunch","floor":15,"key":"SMITH"},{"data":"Devotion","floor":30,"key":"SMITH"},{"data":"Apotheosis","floor":49,"key":"SMITH"}],"circlet_count":0,"master_deck":["Defend_P","Defend_P","Eruption","Vigilance","BettingIsNotGood","AT_OneInchPunch+1","EmptyFist","BowlingBash+1","BowlingBash+1","BowlingBash","SignatureMove","CarveReality","AT_OneInchPunch+1","Worship+1","Replay:Vibes","Devotion+1","LessonLearned","SashWhip+1","Dramatic Entrance+1","JustLucky+1","Consecrate+1","FearNoEvil+1","FlyingSleeves","Brilliance","Fasting2","BattleHymn","LessonLearned","FlyingSleeves","Apotheosis+1","Tantrum","Tantrum"],"relics":["PureWater","testmod-TestBox","AT_ATBox","NeowsBlessing","testmod-CasingShield","SalivaCoin","Ornamental Fan","Orichalcum","Replay:Bandana","MagicDraw1","testmod-Hope","The Courier","testmod-CardMagician","Baka2","Bag of Marbles","Red Mask","Whetstone","reliquary:Sideboard","AT_Kusabimaru","Replay:Ringing Soul","Oddly Smooth Stone","ZombieArmy","GreatHeart","MagicMushroom","CatCart","D6","HowToJump","testmod-EqualTreatment","Replay:Wax Seal","Replay:Bottled Snecko","Frozen Egg 2"],"acts_visited":["Exordium","TheCity","TheBeyond"],"potions_floor_usage":[11,33,50],"damage_taken":[{"damage":0,"enemies":"Small Slimes","floor":1,"turns":2},{"damage":0,"enemies":"2 Louse","floor":4,"turns":1},{"damage":0,"enemies":"Cultist","floor":5,"turns":1},{"damage":3,"enemies":"3 Sentries","floor":6,"turns":2},{"damage":18,"enemies":"Gremlin Nob","floor":8,"turns":3},{"damage":0,"enemies":"Lagavulin","floor":11,"turns":4},{"damage":0,"enemies":"2 Fungi Beasts","floor":12,"turns":2},{"damage":0,"enemies":"Replay:BlueRogue","floor":14,"turns":3},{"damage":0,"enemies":"Slime Boss","floor":16,"turns":7},{"damage":3,"enemies":"3 Byrds","floor":18,"turns":2},{"damage":21,"enemies":"Masked Bandits","floor":21,"turns":1},{"damage":0,"enemies":"Spheric Guardian","floor":22,"turns":1},{"damage":8,"enemies":"Gremlin Leader","floor":23,"turns":2},{"damage":0,"enemies":"Slavers","floor":25,"turns":3},{"damage":0,"enemies":"Snake Plant","floor":27,"turns":1},{"damage":0,"enemies":"Chosen and Byrds","floor":29,"turns":1},{"damage":10,"enemies":"Collector","floor":33,"turns":5},{"damage":0,"enemies":"3 Darklings","floor":35,"turns":1},{"damage":1,"enemies":"Orin","floor":36,"turns":4},{"damage":0,"enemies":"Hiden Room Battle","floor":37,"turns":1},{"damage":4,"enemies":"3 Shapes","floor":39,"turns":1},{"damage":1,"enemies":"R_Hoarder","floor":40,"turns":2},{"damage":2,"enemies":"Jaw Worm Horde","floor":41,"turns":1},{"damage":0,"enemies":"Giant Head","floor":46,"turns":3},{"damage":1,"enemies":"Writhing Mass","floor":48,"turns":2},{"damage":0,"enemies":"Donu and Deca","floor":50,"turns":3}],"seed_played":"-2559989907515971803","potions_obtained":[{"floor":1,"key":"Cursed Concoction"},{"floor":4,"key":"Elixir"},{"floor":14,"key":"ColorlessPotion"},{"floor":18,"key":"SmokeBomb"},{"floor":36,"key":"BlessingOfTheForge"},{"floor":48,"key":"Toxic Potion"}],"is_trial":false,"path_per_floor":["M","?","$","M","M","E","?","E","T","$","E","M","?","E","R","B",null,"M","?","$","?","M","E","T","E","T","M","$","M","R","?","R","B",null,"M","?","?","?","M","E","M","$","T","?","$","E","$","M","R","B",null],"character_chosen":"WATCHER","items_purchased":["Ornamental Fan","BowlingBash","CarveReality","AT_OneInchPunch+1","LessonLearned","Bag of Marbles","Dramatic Entrance","FearNoEvil","FlyingSleeves","Oddly Smooth Stone","ZombieArmy","Replay:Wax Seal","Fasting2","BattleHymn","LessonLearned","FlyingSleeves","Apotheosis","Tantrum"],"campfire_rested":0,"item_purchase_floors":[3,3,10,10,17,20,20,28,28,28,28,42,42,42,42,42,45,47],"current_hp_per_floor":[130,135,135,135,135,132,132,114,114,114,114,114,114,114,114,114,134,131,131,131,110,110,105,105,84,84,84,87,87,87,90,93,83,151,151,171,156,156,152,151,153,156,156,156,159,160,163,163,163,174],"gold":100,"neow_bonus":"THREE_ENEMY_KILL","is_daily":false,"chose_seed":false,"campfire_upgraded":3,"win_rate":0.0,"timestamp":1613316137,"path_taken":["M","?","$","M","M","E","?","E","T","$","E","M","?","E","R","BOSS","M","?","$","?","M","E","?","E","T","M","$","M","R","?","R","BOSS","M","?","?","?","M","E","M","$","T","?","$","E","?","M","R","BOSS"],"items_purchased_type":["Relic","Card","Card","Card","Card","Relic","Card","Card","Card","Relic","Relic","Relic","Card","Card","Card","Card","Card","Card"],"build_version":"2020-12-22","purchased_purges":5,"victory":true,"max_hp_per_floor":[144,149,149,149,149,149,149,149,149,149,149,149,149,149,149,149,140,140,140,140,140,140,140,140,155,155,155,158,158,158,161,164,164,171,171,171,171,171,171,171,171,174,174,174,177,177,180,180,180,180],"card_choices":[{"not_picked":[],"picked":"BettingIsNotGood","floor":0},{"not_picked":["SpiritShield","WreathOfFlame"],"picked":"EmptyFist","floor":1},{"not_picked":["Evaluate","Fasting2"],"picked":"BowlingBash","floor":4},{"not_picked":["LikeWater","Halt"],"picked":"BowlingBash","floor":5},{"not_picked":["Prostrate","AT_IrregularMenstruation"],"picked":"Wallop","floor":6},{"not_picked":["Swivel","Protect"],"picked":"SignatureMove","floor":8},{"not_picked":["ClearTheMind","Sanctity"],"picked":"Worship","floor":11},{"not_picked":["BowlingBash","Wallop"],"picked":"Replay:Vibes","floor":12},{"not_picked":["AT_ChampionStep","FollowUp","AT_DivineConfetti"],"picked":"SKIP","floor":14},{"not_picked":["Replay:LoomingThreat","SpiritShield"],"picked":"Devotion","floor":16},{"not_picked":["Halt","ReachHeaven"],"picked":"SashWhip+1","floor":18},{"not_picked":["Wallop","Replay:AtTheReady"],"picked":"JustLucky+1","floor":21},{"not_picked":["CutThroughFate+1","Protect+1"],"picked":"Consecrate+1","floor":22},{"not_picked":["Sanctity+1","CrushJoints+1"],"picked":"Weave","floor":23},{"not_picked":["AT_ChampionStep","Replay:ManipulateFuture"],"picked":"Wish","floor":25},{"not_picked":["Replay:Anticipation","Halt","Replay:ManipulateFuture+1"],"picked":"SKIP","floor":27},{"not_picked":["EmptyBody","ReachHeaven","Halt"],"picked":"SKIP","floor":29},{"not_picked":["Replay:LoomingThreat","AT_RealColorLess"],"picked":"Ragnarok","floor":33},{"not_picked":["Replay:ManipulateFuture+1","Replay:AtTheReady+1"],"picked":"AT_ChampionStep+1","floor":35},{"not_picked":["Collect","Prostrate"],"picked":"Consecrate","floor":36},{"not_picked":["ClearTheMind","FollowUp+1"],"picked":"FlyingSleeves+1","floor":37},{"not_picked":["FlurryOfBlows","WreathOfFlame"],"picked":"Consecrate+1","floor":39},{"not_picked":["Halt","AT_ChampionStep+1"],"picked":"Pray+1","floor":40},{"not_picked":["SignatureMove+1","CarveReality+1"],"picked":"FlurryOfBlows+1","floor":41},{"not_picked":["Crescendo+1","Meditate"],"picked":"FlyingSleeves","floor":46},{"not_picked":["ReachHeaven+1","CarveReality+1"],"picked":"Crescendo+1","floor":48}],"player_experience":759631,"relics_obtained":[{"floor":1,"key":"Baka"},{"floor":6,"key":"Orichalcum"},{"floor":8,"key":"Replay:Bandana"},{"floor":9,"key":"MagicDraw1"},{"floor":11,"key":"testmod-Hope"},{"floor":14,"key":"The Courier"},{"floor":18,"key":"Baka2"},{"floor":21,"key":"Red Mask"},{"floor":23,"key":"Whetstone"},{"floor":24,"key":"reliquary:Sideboard"},{"floor":25,"key":"AT_Kusabimaru"},{"floor":26,"key":"Replay:Ringing Soul"},{"floor":36,"key":"CatCart"},{"floor":37,"key":"D6"},{"floor":37,"key":"HowToJump"},{"floor":40,"key":"testmod-EqualTreatment"},{"floor":43,"key":"Replay:Bottled Snecko"},{"floor":46,"key":"Frozen Egg 2"}],"event_choices":[{"damage_healed":0,"gold_gain":0,"player_choice":"Donut","damage_taken":0,"max_hp_gain":5,"max_hp_loss":0,"event_name":"Big Fish","floor":2,"gold_loss":0},{"damage_healed":0,"gold_gain":0,"player_choice":"Bought 0 Potions","damage_taken":0,"max_hp_gain":0,"max_hp_loss":0,"event_name":"The Woman in Blue","floor":13,"gold_loss":0},{"damage_healed":0,"gold_gain":400,"player_choice":"Sell","damage_taken":0,"max_hp_gain":0,"max_hp_loss":0,"event_name":"恩洛斯的盘子","floor":19,"relics_lost":["HushsDoor"],"gold_loss":0},{"damage_healed":0,"gold_gain":0,"player_choice":"Fought Bandits","damage_taken":0,"max_hp_gain":0,"max_hp_loss":0,"event_name":"Masked Bandits","floor":21,"gold_loss":0},{"damage_healed":0,"gold_gain":0,"player_choice":"Fight","damage_taken":0,"max_hp_gain":0,"max_hp_loss":0,"event_name":"OrinTheCat","floor":36,"gold_loss":0},{"damage_healed":0,"gold_gain":0,"player_choice":"Fight","damage_taken":0,"max_hp_gain":0,"max_hp_loss":0,"event_name":"HidenRoomEvent","floor":37,"gold_loss":0},{"cards_removed":["Wallop"],"damage_healed":0,"gold_gain":0,"player_choice":"Card Removal","damage_taken":0,"max_hp_gain":0,"max_hp_loss":0,"event_name":"Wheel of Change","floor":38,"gold_loss":0},{"cards_removed":["Defend_P"],"damage_healed":0,"gold_gain":0,"player_choice":"Upgrade and Remove","damage_taken":0,"max_hp_gain":0,"max_hp_loss":0,"event_name":"Designer","floor":44,"gold_loss":90,"cards_upgraded":["FearNoEvil"]}],"is_beta":false,"boss_relics":[{"not_picked":["Busted Crown","ReplayTheSpireMod:DimensionalGlitch"],"picked":"testmod-CardMagician"},{"not_picked":[]},{"not_picked":["Replay:Ancient Bell","Honey Jar"],"picked":"MagicMushroom"}],"items_purged_floors":[10,17,20,28,42],"is_endless":false,"potions_floor_spawned":[1,4,14,18,23,25,36,37,46,48],"ascension_level":7}}