{"host":"bgyhjzqafgkxdxsh","time":1613277303,"event":{"mods":["BaseMod","Colored Map","Minty Spire (QoL Compilation)","Relic Stats","StSLib","everything is the same but u backflip on backflip"],"gold_per_floor":[109,109,109,176,21,65,89,104,131,170,170,95,95,138,138,228,228,211,136,136,161,611,611,646,646,646],"floor_reached":25,"language":"ENG","playtime":948,"items_purged":["Regret"],"score":455,"play_id":"a195acc1-a8a4-4456-a169-3eb66147167b","local_time":"20210214143503","is_ascension_mode":true,"campfire_choices":[{"floor":13,"key":"REST"},{"data":"Tools of the Trade","floor":15,"key":"SMITH"},{"floor":23,"key":"REST"}],"circlet_count":0,"master_deck":["AscendersBane","Strike_G","Strike_G","Strike_G","Strike_G","Defend_G","Defend_G","Defend_G","Defend_G+1","Survivor","Neutralize+1","Dash","Cloak And Dagger+1","Quick Slash","Backflip","Tools of the Trade+1","After Image","Dash"],"relics":["Ring of the Snake","NeowsBlessing","Golden Idol","Centennial Puzzle","War Paint","Bronze Scales","StoneCalendar","Omamori","Cursed Key","Regal Pillow"],"acts_visited":["Exordium","TheCity"],"potions_floor_usage":[10,14,16,24,25],"damage_taken":[{"damage":0,"enemies":"Cultist","floor":1,"turns":1},{"damage":0,"enemies":"Gremlin Nob","floor":6,"turns":1},{"damage":0,"enemies":"2 Louse","floor":7,"turns":1},{"damage":0,"enemies":"Small Slimes","floor":8,"turns":3},{"damage":19,"enemies":"3 Sentries","floor":10,"turns":8},{"damage":12,"enemies":"Gremlin Nob","floor":14,"turns":4},{"damage":1,"enemies":"Hexaghost","floor":16,"turns":9},{"damage":3,"enemies":"2 Thieves","floor":18,"turns":4},{"damage":0,"enemies":"Chosen","floor":21,"turns":5},{"damage":11,"enemies":"Gremlin Leader","floor":24,"turns":7},{"damage":20,"enemies":"Snecko","floor":25,"turns":6}],"seed_played":"-1279974941473172465","potions_obtained":[{"floor":7,"key":"PowerPotion"},{"floor":8,"key":"LiquidBronze"},{"floor":10,"key":"Fire Potion"},{"floor":14,"key":"CultistPotion"},{"floor":24,"key":"DuplicationPotion"}],"is_trial":false,"path_per_floor":["M","?","?","?","$","E","M","M","T","E","?","$","R","E","R","B",null,"M","?","?","M","?","R","E","M"],"character_chosen":"THE_SILENT","items_purchased":["Centennial Puzzle"],"campfire_rested":2,"item_purchase_floors":[5],"current_hp_per_floor":[59,36,36,36,36,36,36,36,36,17,17,17,36,24,24,23,55,52,52,52,52,6,25,14,0,0],"gold":646,"neow_bonus":"THREE_ENEMY_KILL","is_daily":false,"chose_seed":false,"campfire_upgraded":1,"win_rate":0.0,"timestamp":1613277303,"path_taken":["M","?","?","?","$","E","M","?","T","E","?","?","R","E","R","BOSS","M","?","?","?","?","R","E","M"],"items_purchased_type":["Relic"],"build_version":"2020-12-22","purchased_purges":1,"victory":false,"max_hp_per_floor":[66,66,66,66,66,66,66,66,66,66,66,66,66,66,66,66,66,66,66,66,66,66,66,66,66,66],"relic_stats":{"Centennial Puzzle":[18],"Regal Pillow":0,"counters":[11,49],"Golden Idol":67,"Bronze Scales":[111],"StoneCalendar":[77],"War Paint":["Cloak And Dagger","Defend_G"],"Cursed Key":0,"obtain_stats":[{"Centennial Puzzle":5,"Regal Pillow":24,"NeowsBlessing":0,"Golden Idol":2,"Bronze Scales":10,"StoneCalendar":11,"Omamori":14,"War Paint":6,"Cursed Key":17,"Ring of the Snake":0},{"Centennial Puzzle":1,"Regal Pillow":10,"NeowsBlessing":0,"Golden Idol":1,"Bronze Scales":5,"StoneCalendar":5,"Omamori":6,"War Paint":2,"Cursed Key":7,"Ring of the Snake":0},{"Centennial Puzzle":1,"Regal Pillow":43,"NeowsBlessing":0,"Golden Idol":1,"Bronze Scales":14,"StoneCalendar":14,"Omamori":18,"War Paint":2,"Cursed Key":27,"Ring of the Snake":0}],"Ring of the Snake":[22]},"card_choices":[{"not_picked":["Slice","Bane"],"picked":"Dash","floor":1},{"not_picked":["Flying Knee","Expertise"],"picked":"Cloak And Dagger","floor":6},{"not_picked":["Deadly Poison","Poisoned Stab"],"picked":"Quick Slash","floor":7},{"not_picked":["Bane","Dagger Throw"],"picked":"Backflip","floor":8},{"not_picked":["Quick Slash","Dagger Throw","Well Laid Plans"],"picked":"SKIP","floor":10},{"not_picked":["Prepared","Dagger Spray"],"picked":"Tools of the Trade","floor":14},{"not_picked":["Storm of Steel","Bullet Time"],"picked":"After Image","floor":16},{"not_picked":["Terror+1","Crippling Poison","Outmaneuver"],"picked":"SKIP","floor":18},{"not_picked":["Cloak And Dagger","Bane","Backflip"],"picked":"SKIP","floor":21},{"not_picked":["Deflect","Quick Slash","Acrobatics"],"picked":"SKIP","floor":24}],"player_experience":525727,"relics_obtained":[{"floor":6,"key":"War Paint"},{"floor":10,"key":"Bronze Scales"},{"floor":14,"key":"Omamori"},{"floor":24,"key":"Regal Pillow"}],"event_choices":[{"damage_healed":0,"gold_gain":0,"player_choice":"Take Damage","damage_taken":23,"relics_obtained":["Golden Idol"],"max_hp_gain":0,"max_hp_loss":0,"event_name":"Golden Idol","floor":2,"gold_loss":0},{"damage_healed":0,"gold_gain":0,"player_choice":"Grow","damage_taken":0,"max_hp_gain":0,"max_hp_loss":0,"event_name":"Living Wall","floor":3,"gold_loss":0,"cards_upgraded":["Neutralize"]},{"damage_healed":0,"gold_gain":67,"player_choice":"Gained Gold","damage_taken":0,"max_hp_gain":0,"max_hp_loss":0,"event_name":"Golden Wing","floor":4,"gold_loss":0},{"damage_healed":0,"gold_gain":0,"player_choice":"Box","damage_taken":0,"relics_obtained":["StoneCalendar"],"max_hp_gain":0,"max_hp_loss":0,"event_name":"Big Fish","floor":11,"gold_loss":0,"cards_obtained":["Regret"]},{"cards_removed":["Strike_G"],"damage_healed":0,"gold_gain":0,"player_choice":"Gave Gold","damage_taken":0,"max_hp_gain":0,"max_hp_loss":0,"event_name":"Beggar","floor":19,"gold_loss":75},{"damage_healed":0,"gold_gain":0,"cards_transformed":["Defend_G"],"player_choice":"Transformed","damage_taken":0,"max_hp_gain":0,"max_hp_loss":0,"event_name":"Transmorgrifier","floor":20,"gold_loss":0,"cards_obtained":["Dash"]},{"damage_healed":0,"gold_gain":450,"player_choice":"GOLD GOLD GOLD GOLD GOLD ","damage_taken":46,"max_hp_gain":0,"max_hp_loss":0,"event_name":"Knowing Skull","floor":22,"potions_obtained":[],"gold_loss":0,"cards_obtained":[]}],"is_beta":false,"boss_relics":[{"not_picked":["Ectoplasm","SlaversCollar"],"picked":"Cursed Key"}],"items_purged_floors":[12],"is_endless":false,"potions_floor_spawned":[7,8,10,14,24],"killed_by":"Snecko","ascension_level":15}}