{"host":"jvrojcijqdlksu05","time":1613341419,"event":{"mods":["BaseMod","Highlight Path","Minty Spire (QoL Compilation)","Relic Stats","StSLib"],"gold_per_floor":[116,134,134,152,6,36,55,83,83,117,117,129,129,160,160,261,261,277,294,311,311,411,438,438,468,521,521,535,0,33,43,43,146,146,160,160,175,188,188,219,231,259,337,337,113,123,138,188,188,188,188,188,35,67,67],"floor_reached":56,"language":"ENG","playtime":5160,"items_purged":["Strike_B","Strike_B"],"score":1500,"play_id":"1b2f6a57-3723-42f6-88fb-a45596ff15dc","local_time":"20210214142338","is_ascension_mode":true,"campfire_choices":[{"data":"Doom and Gloom","floor":11,"key":"SMITH"},{"data":"Zap","floor":15,"key":"SMITH"},{"data":"Coolheaded","floor":24,"key":"SMITH"},{"data":"Compile Driver","floor":27,"key":"SMITH"},{"floor":32,"key":"RECALL"},{"data":"Compile Driver","floor":44,"key":"SMITH"},{"floor":49,"key":"REST"},{"data":"Dualcast","floor":52,"key":"SMITH"}],"circlet_count":0,"master_deck":["Strike_B","Defend_B","Defend_B","Zap+1","Dualcast+1","Genetic Algorithm","Compile Driver+1","Compile Driver+1","Doom and Gloom+1","Auto Shields","Coolheaded+1","Capacitor+1","Echo Form+1","Biased Cognition+1","Go for the Eyes+1","Cold Snap+1","Leap+1","Reinforced Body+1","Glacier+1","Lockon+1","Chaos+1","Hologram+1","Loop+1","Hologram+1","Loop+1","Coolheaded+1","Aggregate+1","Hologram+1","Chill+1","Double Energy+1","Tempest+1","Aggregate+1","Coolheaded+1","Coolheaded+1","Capacitor+1","Turbo+1"],"relics":["Cracked Core","Lantern","Question Card","Meat on the Bone","Frozen Egg 2","Centennial Puzzle","Runic Pyramid","StrikeDummy","Singing Bowl","DataDisk","Toxic Egg 2","Orrery","Darkstone Periapt","SacredBark","Symbiotic Virus","PreservedInsect","Mercury Hourglass","ClockworkSouvenir","CaptainsWheel","Chemical X","Nunchaku"],"acts_visited":["Exordium","TheCity","TheBeyond","TheEnding"],"potions_floor_usage":[6,12,14,14,23,33,37,47,54,55,55,55],"damage_taken":[{"damage":3,"enemies":"2 Louse","floor":1,"turns":2},{"damage":2,"enemies":"Jaw Worm","floor":2,"turns":3},{"damage":0,"enemies":"Small Slimes","floor":4,"turns":4},{"damage":25,"enemies":"3 Sentries","floor":6,"turns":5},{"damage":0,"enemies":"2 Fungi Beasts","floor":7,"turns":2},{"damage":22,"enemies":"Lagavulin","floor":8,"turns":6},{"damage":7,"enemies":"3 Sentries","floor":10,"turns":6},{"damage":1,"enemies":"Large Slime","floor":12,"turns":4},{"damage":5,"enemies":"Gremlin Nob","floor":14,"turns":3},{"damage":18,"enemies":"Hexaghost","floor":16,"turns":8},{"damage":7,"enemies":"Chosen","floor":18,"turns":4},{"damage":7,"enemies":"Shell Parasite","floor":19,"turns":4},{"damage":5,"enemies":"Cultist and Chosen","floor":20,"turns":5},{"damage":13,"enemies":"Book of Stabbing","floor":23,"turns":5},{"damage":0,"enemies":"Gremlin Leader","floor":25,"turns":4},{"damage":0,"enemies":"Snecko","floor":28,"turns":4},{"damage":3,"enemies":"Book of Stabbing","floor":30,"turns":5},{"damage":5,"enemies":"Snake Plant","floor":31,"turns":4},{"damage":21,"enemies":"Champ","floor":33,"turns":9},{"damage":2,"enemies":"Orb Walker","floor":35,"turns":8},{"damage":10,"enemies":"3 Darklings","floor":37,"turns":9},{"damage":8,"enemies":"Writhing Mass","floor":38,"turns":7},{"damage":16,"enemies":"Reptomancer","floor":40,"turns":7},{"damage":0,"enemies":"Sphere and 2 Shapes","floor":41,"turns":7},{"damage":10,"enemies":"Nemesis","floor":42,"turns":7},{"damage":0,"enemies":"Spire Growth","floor":46,"turns":6},{"damage":0,"enemies":"4 Shapes","floor":47,"turns":5},{"damage":0,"enemies":"Mind Bloom Boss Battle","floor":48,"turns":6},{"damage":12,"enemies":"Awakened One","floor":50,"turns":9},{"damage":20,"enemies":"Shield and Spear","floor":54,"turns":3},{"damage":6,"enemies":"The Heart","floor":55,"turns":8}],"seed_played":"6444949344403605518","potions_obtained":[{"floor":2,"key":"SteroidPotion"},{"floor":8,"key":"DistilledChaos"},{"floor":10,"key":"GamblersBrew"},{"floor":12,"key":"Fire Potion"},{"floor":16,"key":"FearPotion"},{"floor":20,"key":"Fire Potion"},{"floor":30,"key":"PowerPotion"},{"floor":31,"key":"Block Potion"},{"floor":35,"key":"Block Potion"},{"floor":40,"key":"Dexterity Potion"},{"floor":47,"key":"Regen Potion"},{"floor":54,"key":"Block Potion"}],"is_trial":false,"path_per_floor":["M","M","?","M","$","E","M","E","T","E","R","M","?","E","R","B",null,"M","M","M","?","?","E","R","E","T","R","M","$","E","M","R","B",null,"M","T","M","M","?","E","M","E","T","R","$","M","M","?","R","B",null,"R","$","E","B",null],"character_chosen":"DEFECT","items_purchased":["Doom and Gloom","Toxic Egg 2","Orrery","Loop+1","ClockworkSouvenir","Aggregate+1","Chemical X"],"campfire_rested":1,"item_purchase_floors":[5,29,29,29,45,45,53],"current_hp_per_floor":[65,63,56,56,56,31,31,9,9,14,14,25,25,32,32,26,68,61,54,49,49,49,36,36,36,36,36,36,38,47,42,42,33,70,68,68,60,52,52,48,48,38,38,38,38,38,38,38,59,47,72,72,72,52,72],"gold":67,"neow_bonus":"REMOVE_TWO","is_daily":false,"chose_seed":false,"campfire_upgraded":6,"win_rate":0.0,"timestamp":1613341418,"path_taken":["M","M","?","M","?","E","M","E","T","E","R","M","?","E","R","BOSS","M","M","M","?","?","E","R","E","T","R","M","$","E","M","R","BOSS","M","?","M","M","?","E","M","E","T","R","$","M","?","?","R","BOSS","R","$","E","BOSS"],"items_purchased_type":["Card","Relic","Relic","Card","Relic","Card","Relic"],"build_version":"2020-12-22","purchased_purges":2,"victory":true,"max_hp_per_floor":[68,68,68,68,68,68,68,68,68,68,68,68,68,68,68,68,68,68,68,68,68,68,68,68,68,68,68,68,70,70,70,70,70,70,70,70,72,72,72,72,72,72,72,72,72,72,72,72,72,72,72,72,72,72,72],"relic_stats":{"Darkstone Periapt":0,"Centennial Puzzle":[42],"Nunchaku":[1],"Singing Bowl":4,"counters":[31,168],"PreservedInsect":115,"Chemical X":[4],"Question Card":28,"obtain_stats":[{"Darkstone Periapt":30,"Lantern":6,"Singing Bowl":25,"SacredBark":34,"PreservedInsect":40,"Frozen Egg 2":10,"Question Card":8,"Mercury Hourglass":42,"ClockworkSouvenir":45,"Centennial Puzzle":14,"DataDisk":26,"CaptainsWheel":48,"Nunchaku":54,"Orrery":29,"Chemical X":53,"Toxic Egg 2":29,"Cracked Core":0,"StrikeDummy":23,"Symbiotic Virus":36,"Meat on the Bone":9,"Runic Pyramid":17},{"Darkstone Periapt":17,"Lantern":4,"Singing Bowl":15,"SacredBark":19,"PreservedInsect":23,"Frozen Egg 2":7,"Question Card":6,"Mercury Hourglass":25,"ClockworkSouvenir":25,"Centennial Puzzle":9,"DataDisk":15,"CaptainsWheel":28,"Nunchaku":30,"Orrery":16,"Chemical X":29,"Toxic Egg 2":16,"Cracked Core":0,"StrikeDummy":14,"Symbiotic Virus":20,"Meat on the Bone":6,"Runic Pyramid":10},{"Darkstone Periapt":74,"Lantern":14,"Singing Bowl":65,"SacredBark":87,"PreservedInsect":118,"Frozen Egg 2":28,"Question Card":22,"Mercury Hourglass":132,"ClockworkSouvenir":132,"Centennial Puzzle":35,"DataDisk":65,"CaptainsWheel":148,"Nunchaku":160,"Orrery":69,"Chemical X":157,"Toxic Egg 2":69,"Cracked Core":0,"StrikeDummy":61,"Symbiotic Virus":95,"Meat on the Bone":22,"Runic Pyramid":43}],"Meat on the Bone":84,"Mercury Hourglass":[168]},"card_choices":[{"not_picked":["Gash","Steam"],"picked":"Genetic Algorithm","floor":1},{"not_picked":["Hologram","Gash"],"picked":"Compile Driver","floor":2},{"not_picked":["Redo","Streamline"],"picked":"Compile Driver","floor":4},{"not_picked":["Darkness","Steam"],"picked":"Auto Shields","floor":6},{"not_picked":["Stack","Hologram"],"picked":"Coolheaded","floor":7},{"not_picked":["Sweeping Beam","Rebound","Coolheaded"],"picked":"SKIP","floor":8},{"not_picked":["Reprogram","Blizzard","Conserve Battery"],"picked":"Capacitor+1","floor":10},{"not_picked":["Barrage","Rebound","Sweeping Beam","Stack"],"picked":"SKIP","floor":12},{"not_picked":["Thunder Strike","Steam","Darkness"],"picked":"Echo Form+1","floor":14},{"not_picked":["Seek","Reboot","Machine Learning+1"],"picked":"Biased Cognition+1","floor":16},{"not_picked":["Rebound","Barrage","Streamline","Cold Snap"],"picked":"SKIP","floor":18},{"not_picked":["Gash","Stack","Steam+1"],"picked":"Go for the Eyes+1","floor":19},{"not_picked":["Rip and Tear","Fusion","Steam","Lockon"],"picked":"SKIP","floor":20},{"not_picked":["Streamline","Stack+1","Force Field"],"picked":"Cold Snap+1","floor":23},{"not_picked":["Rip and Tear+1","Rainbow","Sweeping Beam+1"],"picked":"Leap+1","floor":25},{"not_picked":["Turbo","Steam","Compile Driver"],"picked":"Reinforced Body+1","floor":28},{"not_picked":["Sweeping Beam","Scrape","Skim+1"],"picked":"Glacier+1","floor":29},{"not_picked":["Heatsinks+1","FTL","Stack+1"],"picked":"Lockon+1","floor":29},{"not_picked":["Tempest+1","Beam Cell","Barrage"],"picked":"Chaos+1","floor":29},{"not_picked":["Steam Power+1","Sunder","Streamline"],"picked":"Hologram+1","floor":29},{"not_picked":["Creative AI+1","Scrape","Redo+1","Stack+1"],"picked":"Singing Bowl","floor":29},{"not_picked":["Sweeping Beam","Beam Cell","Ball Lightning"],"picked":"Hologram+1","floor":30},{"not_picked":["Sweeping Beam+1","Redo+1","Tempest+1"],"picked":"Loop+1","floor":31},{"not_picked":["Core Surge","Rainbow+1","Multi-Cast+1"],"picked":"Seek+1","floor":33},{"not_picked":["White Noise+1","Storm+1","Streamline+1"],"picked":"Coolheaded+1","floor":35},{"not_picked":["Rip and Tear","Self Repair+1","Coolheaded+1","Redo+1"],"picked":"Singing Bowl","floor":37},{"not_picked":["Stack+1","Ball Lightning+1","Conserve Battery+1"],"picked":"Aggregate+1","floor":38},{"not_picked":["Self Repair+1","Genetic Algorithm+1","FTL+1"],"picked":"Chill+1","floor":40},{"not_picked":["Chaos+1","White Noise+1","Sweeping Beam+1"],"picked":"Double Energy+1","floor":41},{"not_picked":["Doom and Gloom+1","Glacier+1","Rip and Tear+1"],"picked":"Tempest+1","floor":42},{"not_picked":["Heatsinks+1","Rainbow+1","Glacier+1"],"picked":"Coolheaded+1","floor":46},{"not_picked":["Scrape","Undo+1","Barrage+1"],"picked":"Coolheaded+1","floor":47},{"not_picked":["Sweeping Beam+1","Gash","Rebound+1"],"picked":"Capacitor+1","floor":48},{"not_picked":["Self Repair+1","Redo+1","Hello World+1"],"picked":"Turbo+1","floor":54}],"player_experience":1328631,"relics_obtained":[{"floor":6,"key":"Lantern"},{"floor":8,"key":"Question Card"},{"floor":9,"key":"Meat on the Bone"},{"floor":10,"key":"Frozen Egg 2"},{"floor":14,"key":"Centennial Puzzle"},{"floor":23,"key":"StrikeDummy"},{"floor":25,"key":"Singing Bowl"},{"floor":26,"key":"DataDisk"},{"floor":30,"key":"Darkstone Periapt"},{"floor":36,"key":"Symbiotic Virus"},{"floor":40,"key":"PreservedInsect"},{"floor":42,"key":"Mercury Hourglass"},{"floor":48,"key":"CaptainsWheel"},{"floor":54,"key":"Nunchaku"}],"event_choices":[{"cards_removed":["Strike_B"],"damage_healed":0,"gold_gain":0,"player_choice":"Card Removal","damage_taken":7,"max_hp_gain":0,"max_hp_loss":0,"event_name":"Golden Wing","floor":3,"gold_loss":0},{"damage_healed":0,"gold_gain":0,"player_choice":"Ignored","damage_taken":0,"max_hp_gain":0,"max_hp_loss":0,"event_name":"Liars Game","floor":13,"gold_loss":0},{"damage_healed":0,"gold_gain":0,"player_choice":"Ignored","damage_taken":0,"max_hp_gain":0,"max_hp_loss":0,"event_name":"Vampires","floor":21,"gold_loss":0},{"damage_healed":0,"gold_gain":100,"player_choice":"Pray","damage_taken":0,"max_hp_gain":0,"max_hp_loss":0,"event_name":"Golden Shrine","floor":22,"gold_loss":0},{"cards_removed":["Seek"],"damage_healed":0,"gold_gain":0,"player_choice":"Took Card","damage_taken":0,"max_hp_gain":0,"max_hp_loss":0,"event_name":"NoteForYourself","floor":39,"gold_loss":0,"cards_obtained":["Hologram"]},{"damage_healed":0,"gold_gain":0,"player_choice":"Fight","damage_taken":0,"max_hp_gain":0,"max_hp_loss":0,"event_name":"MindBloom","floor":48,"gold_loss":0}],"is_beta":false,"boss_relics":[{"not_picked":["Philosopher\u0027s Stone","Tiny House"],"picked":"Runic Pyramid"},{"not_picked":["Inserter","Snecko Eye"],"picked":"SacredBark"}],"items_purged_floors":[5,29],"is_endless":false,"potions_floor_spawned":[2,8,10,12,16,20,30,31,35,40,47,48,54],"ascension_level":3}}