{"host":"yx5rao87132cy5xq","time":1613301017,"event":{"mods":["2.2 Compatiblity","AchievementEnabler","BaseMod","Bestiary","Colored Map","Colored Powertips","Minty Spire (QoL Compilation)","Quick Restart","Relic Stats","Slay-I","SuperFastMode"],"gold_per_floor":[119,119,119,144,159,159,172,172,172],"floor_reached":8,"language":"ENG","playtime":394,"items_purged":[],"score":91,"play_id":"936c68c9-e4a7-4984-95f1-f226cc4daae8","local_time":"20210214121017","is_ascension_mode":true,"campfire_choices":[{"floor":6,"key":"REST"}],"circlet_count":0,"master_deck":["AscendersBane","Strike_R","Strike_R","Strike_R","Strike_R","Strike_R","Defend_R","Defend_R","Defend_R","Defend_R","Bash","Sword Boomerang","Sever Soul","Whirlwind","Flex"],"relics":["Burning Blood","Golden Idol","NlothsMask"],"acts_visited":["Exordium"],"potions_floor_usage":[8],"damage_taken":[{"damage":7.0,"enemies":"Cultist","floor":1.0,"turns":4.0},{"damage":20.0,"enemies":"Small Slimes","floor":4.0,"turns":3.0},{"damage":11,"enemies":"2 Louse","floor":5,"turns":3},{"damage":17,"enemies":"Looter","floor":7,"turns":3},{"damage":40,"enemies":"3 Sentries","floor":8,"turns":7}],"seed_played":"-5484223067002509566","potions_obtained":[{"floor":5,"key":"SpeedPotion"}],"is_trial":false,"path_per_floor":["M","?","?","M","M","R","M","E"],"character_chosen":"IRONCLAD","items_purchased":[],"campfire_rested":1,"item_purchase_floors":[],"current_hp_per_floor":[74,46,46,32,27,51,40,0,0],"gold":172,"neow_bonus":"TEN_PERCENT_HP_BONUS","is_daily":false,"chose_seed":false,"campfire_upgraded":0,"win_rate":0.0,"timestamp":1613301017,"path_taken":["M","?","?","M","M","R","M","E"],"items_purchased_type":[],"build_version":"2020-12-22","purchased_purges":0,"victory":false,"max_hp_per_floor":[82,82,82,82,82,82,82,82,82],"relic_stats":{"counters":[5,20],"Golden Idol":11,"obtain_stats":[{"Golden Idol":2,"Burning Blood":0,"NlothsMask":3},{"Golden Idol":1,"Burning Blood":0,"NlothsMask":1},{"Golden Idol":4,"Burning Blood":0,"NlothsMask":4}],"Burning Blood":24},"card_choices":[{"not_picked":["Disarm","Pummel"],"picked":"Sword Boomerang","floor":1.0},{"not_picked":["Warcry","Clash"],"picked":"Sever Soul","floor":4.0},{"not_picked":["Anger","Pommel Strike"],"picked":"Whirlwind","floor":5},{"not_picked":["Clothesline","Pommel Strike"],"picked":"Flex","floor":7}],"player_experience":1041653,"relics_obtained":[],"event_choices":[{"damage_healed":0.0,"max_hp_gain":0.0,"max_hp_loss":0.0,"gold_gain":0.0,"event_name":"Golden Idol","player_choice":"Take Damage","floor":2.0,"gold_loss":0.0,"damage_taken":28.0,"relics_obtained":["Golden Idol"]},{"damage_healed":0.0,"max_hp_gain":0.0,"max_hp_loss":0.0,"gold_gain":0.0,"event_name":"FaceTrader","player_choice":"Trade","floor":3.0,"gold_loss":0.0,"damage_taken":0.0,"relics_obtained":["NlothsMask"]}],"is_beta":false,"boss_relics":[],"items_purged_floors":[],"is_endless":false,"potions_floor_spawned":[5],"killed_by":"3 Sentries","ascension_level":18}}