{"host":"8dytqszkx6ijebks","time":1613267928,"event":{"mods":["AchievementEnabler","BaseMod","Colored Map","DeckTracker","Keyboard Shortcuts","Minty Spire (QoL Compilation)","Permanent Neow","SuperFastMode","everything is the same but u backflip on backflip"],"gold_per_floor":[114,114,189,189,202,202,221,232,232,277,377,395,395,414,414,519,519,532,54,70,70,90,90,119,131,131,131,62,108,108,118,118,222,222,237,249,249,77,90,90,120,139,139,139,139,139,155,171,171,171,171,171,46,81,81],"floor_reached":56,"language":"KOR","playtime":2243,"items_purged":["Defend_P","Strike_P+1","LessonLearned+1"],"score":1364,"play_id":"ea611545-39e7-405f-bf02-8847affbc4d4","local_time":"20210214105848","is_ascension_mode":false,"campfire_choices":[{"data":"LessonLearned","floor":6,"key":"SMITH"},{"floor":13,"key":"REST"},{"floor":15,"key":"REST"},{"floor":23,"key":"RECALL"},{"floor":30,"key":"REST"},{"floor":32,"key":"REST"},{"data":"Panacea","floor":40,"key":"SMITH"},{"floor":45,"key":"REST"},{"floor":49,"key":"REST"},{"floor":52,"key":"REST"}],"circlet_count":0,"master_deck":["Strike_P+1","Strike_P+1","Eruption+1","Vigilance+1","Crescendo+1","Scrawl+1","MentalFortress+1","Adaptation+1","Adaptation+1","InnerPeace+1"],"relics":["PureWater","Pear","VioletLotus","Lantern","Matryoshka","FaceOfCleric","GoldenEye","Anchor","Shuriken","Tiny Chest","Pen Nib","Empty Cage","Mummified Hand","Torii","Vajra"],"acts_visited":["Exordium","TheCity","TheBeyond","TheEnding"],"potions_floor_usage":[16,24,55,55],"damage_taken":[{"damage":7,"enemies":"Jaw Worm","floor":1,"turns":5},{"damage":2,"enemies":"2 Louse","floor":5,"turns":3},{"damage":5,"enemies":"Small Slimes","floor":7,"turns":3},{"damage":7,"enemies":"Exordium Thugs","floor":8,"turns":3},{"damage":17,"enemies":"Lots of Slimes","floor":12,"turns":3},{"damage":0,"enemies":"Exordium Wildlife","floor":14,"turns":2},{"damage":48,"enemies":"Slime Boss","floor":16,"turns":13},{"damage":5,"enemies":"Spheric Guardian","floor":18,"turns":4},{"damage":12,"enemies":"2 Thieves","floor":20,"turns":3},{"damage":1,"enemies":"Snake Plant","floor":22,"turns":3},{"damage":8,"enemies":"Slavers","floor":24,"turns":5},{"damage":4,"enemies":"Centurion and Healer","floor":25,"turns":3},{"damage":0,"enemies":"Snecko","floor":31,"turns":1},{"damage":0,"enemies":"Collector","floor":33,"turns":1},{"damage":0,"enemies":"3 Darklings","floor":35,"turns":1},{"damage":0,"enemies":"Orb Walker","floor":36,"turns":2},{"damage":0,"enemies":"Transient","floor":39,"turns":1},{"damage":0,"enemies":"Giant Head","floor":41,"turns":1},{"damage":0,"enemies":"3 Darklings","floor":42,"turns":1},{"damage":0,"enemies":"Maw","floor":47,"turns":1},{"damage":0,"enemies":"Writhing Mass","floor":48,"turns":1},{"damage":0,"enemies":"Donu and Deca","floor":50,"turns":1},{"damage":0,"enemies":"Shield and Spear","floor":54,"turns":1},{"damage":77,"enemies":"The Heart","floor":55,"turns":5}],"seed_played":"6475053756860229766","potions_obtained":[{"floor":8,"key":"BottledMiracle"},{"floor":12,"key":"Swift Potion"},{"floor":14,"key":"LiquidBronze"},{"floor":20,"key":"DuplicationPotion"},{"floor":24,"key":"SteroidPotion"}],"is_trial":false,"path_per_floor":["M","?","?","?","M","R","M","M","T","T","?","M","R","M","R","B",null,"M","$","M","?","M","R","E","M","T","?","$","T","R","M","R","B",null,"M","M","?","$","M","R","E","M","T","?","R","?","M","M","R","B",null,"R","$","E","B",null],"character_chosen":"WATCHER","items_purchased":["Lantern","Matryoshka","Adaptation","InnerPeace"],"campfire_rested":7,"item_purchase_floors":[19,19,28,38],"current_hp_per_floor":[58,51,40,40,38,38,33,26,36,36,36,19,41,41,63,15,75,70,70,58,58,58,58,51,48,48,48,48,48,71,72,79,80,80,81,82,82,82,83,83,84,85,85,81,81,81,82,83,83,84,84,84,84,85,9],"gold":81,"neow_bonus":"THREE_RARE_CARDS","is_daily":false,"chose_seed":false,"campfire_upgraded":2,"win_rate":0.0,"timestamp":1613267928,"path_taken":["M","?","?","?","M","R","?","?","T","?","?","?","R","M","R","BOSS","M","$","?","?","M","R","E","?","T","?","?","?","R","M","R","BOSS","M","M","?","$","M","R","E","M","T","?","R","?","M","M","R","BOSS","R","$","E","BOSS"],"items_purchased_type":["Relic","Relic","Card","Card"],"build_version":"2020-12-22","purchased_purges":3,"victory":true,"max_hp_per_floor":[65,65,65,65,65,65,65,65,75,75,75,75,75,75,75,75,75,75,75,75,75,76,76,77,78,78,78,78,78,78,79,79,80,80,81,82,82,82,83,83,84,85,85,81,81,81,82,83,83,84,84,84,84,85,86],"card_choices":[{"not_picked":["ConjureBlade","Scrawl"],"picked":"LessonLearned","floor":0},{"not_picked":["ClearTheMind","SandsOfTime"],"picked":"Crescendo","floor":1},{"not_picked":["Pray","Meditate","Vengeance"],"picked":"SKIP","floor":5},{"not_picked":["EmptyFist","CutThroughFate","Protect"],"picked":"SKIP","floor":7},{"not_picked":["FollowUp","Sanctity","Vengeance"],"picked":"SKIP","floor":8},{"not_picked":["FollowUp","CrushJoints","Swivel"],"picked":"SKIP","floor":12},{"not_picked":["CutThroughFate","Prostrate","PathToVictory"],"picked":"SKIP","floor":14},{"not_picked":["DeusExMachina","LessonLearned"],"picked":"Scrawl","floor":16},{"not_picked":["ForeignInfluence","CutThroughFate","Collect+1"],"picked":"SKIP","floor":18},{"not_picked":["Pray","Crescendo","WaveOfTheHand"],"picked":"SKIP","floor":20},{"not_picked":["Collect","Consecrate+1","FlurryOfBlows"],"picked":"SKIP","floor":22},{"not_picked":["Meditate","BattleHymn"],"picked":"MentalFortress","floor":24},{"not_picked":["Prostrate+1","EmptyFist","Meditate"],"picked":"SKIP","floor":25},{"not_picked":["BowlingBash","Consecrate","Pray+1"],"picked":"SKIP","floor":31},{"not_picked":["Prostrate","SashWhip","FollowUp"],"picked":"SKIP","floor":35},{"not_picked":["Consecrate","WheelKick+1"],"picked":"Adaptation+1","floor":36},{"not_picked":["Good Instincts","Swift Strike"],"picked":"Panacea","floor":37},{"not_picked":["SashWhip","Evaluate","Protect"],"picked":"SKIP","floor":39},{"not_picked":["Protect+1","Consecrate+1","JustLucky"],"picked":"SKIP","floor":41},{"not_picked":["Nirvana+1","FlurryOfBlows","Swivel"],"picked":"SKIP","floor":42},{"not_picked":["SashWhip","WreathOfFlame","CrushJoints"],"picked":"SKIP","floor":47},{"not_picked":["JustLucky","SashWhip+1","ThirdEye+1"],"picked":"SKIP","floor":48},{"not_picked":["Consecrate","ConjureBlade","JustLucky+1"],"picked":"SKIP","floor":54}],"player_experience":254849,"relics_obtained":[{"floor":9,"key":"Pear"},{"floor":24,"key":"GoldenEye"},{"floor":26,"key":"Anchor"},{"floor":26,"key":"Shuriken"},{"floor":29,"key":"Tiny Chest"},{"floor":29,"key":"Pen Nib"},{"floor":41,"key":"Mummified Hand"},{"floor":43,"key":"Torii"},{"floor":54,"key":"Vajra"}],"event_choices":[{"cards_removed":["Strike_P"],"damage_healed":0,"gold_gain":0,"player_choice":"Card Removal","damage_taken":7,"max_hp_gain":0,"max_hp_loss":0,"event_name":"Golden Wing","floor":2,"gold_loss":0},{"damage_healed":0,"gold_gain":75,"player_choice":"Gather Gold","damage_taken":11,"max_hp_gain":0,"max_hp_loss":0,"event_name":"World of Goop","floor":3,"gold_loss":0},{"cards_removed":["Defend_P"],"damage_healed":0,"gold_gain":0,"player_choice":"Offered Basic","damage_taken":0,"max_hp_gain":0,"max_hp_loss":0,"event_name":"Bonfire Elementals","floor":4,"gold_loss":0},{"damage_healed":0,"gold_gain":100,"player_choice":"Pray","damage_taken":0,"max_hp_gain":0,"max_hp_loss":0,"event_name":"Golden Shrine","floor":11,"gold_loss":0},{"damage_healed":0,"gold_gain":0,"player_choice":"Trade","damage_taken":0,"relics_obtained":["FaceOfCleric"],"max_hp_gain":0,"max_hp_loss":0,"event_name":"FaceTrader","floor":21,"gold_loss":0},{"damage_healed":0,"gold_gain":0,"player_choice":"Ignored","damage_taken":0,"max_hp_gain":0,"max_hp_loss":0,"event_name":"Vampires","floor":27,"gold_loss":0},{"damage_healed":0,"gold_gain":0,"player_choice":"Memory 1","damage_taken":0,"max_hp_gain":0,"max_hp_loss":0,"event_name":"SensoryStone","floor":37,"gold_loss":0},{"damage_healed":0,"gold_gain":0,"player_choice":"Max HP","damage_taken":0,"max_hp_gain":0,"max_hp_loss":4,"event_name":"Winding Halls","floor":44,"gold_loss":0},{"cards_removed":["Panacea"],"damage_healed":0,"gold_gain":0,"player_choice":"Removed Skill","damage_taken":0,"max_hp_gain":0,"max_hp_loss":0,"event_name":"Falling","floor":46,"gold_loss":0}],"is_beta":false,"boss_relics":[{"not_picked":["SlaversCollar","Runic Dome"],"picked":"VioletLotus"},{"not_picked":["Tiny House","Pandora\u0027s Box"],"picked":"Empty Cage"}],"items_purged_floors":[19,38,53],"is_endless":false,"potions_floor_spawned":[8,12,14,20,22,24,41,47],"ascension_level":0}}