{"host":"sxnl403xm2xmiyj1","time":1613306875,"event":{"mods":["AchievementEnabler","BaseMod","Colored Map","Keyboard Shortcuts","Minty Spire (QoL Compilation)","Quick Restart","StSLib","SuperFastMode"],"gold_per_floor":[117,117,117,117,47,78,98,98,98,112,112,155,155,176,176,266,266,286,286,8,21,21,359,359,403,430,22,0,0,41,57,57,57,57],"floor_reached":33,"language":"KOR","playtime":678,"items_purged":["Strike_R","Strike_R"],"score":628,"play_id":"f03ae27e-5471-47b6-bea8-e57ed0ee2059","local_time":"20210214214755","is_ascension_mode":true,"campfire_choices":[{"data":"Rampage","floor":8.0,"key":"SMITH"},{"data":"True Grit","floor":11.0,"key":"SMITH"},{"data":"Dark Embrace","floor":15.0,"key":"SMITH"},{"floor":24.0,"key":"REST"},{"floor":29,"key":"REST"},{"floor":32,"key":"REST"}],"circlet_count":0,"master_deck":["AscendersBane","Strike_R","Defend_R","Defend_R","Defend_R","Defend_R","Bash","Rampage+1","Double Tap","Evolve","True Grit+1","Shrug It Off","Pommel Strike","Dark Embrace+1","Blood for Blood+1","Finesse","Combust","Sentinel","Dark Embrace","Wild Strike+1","Offering","Burning Pact","Warcry","Rupture","Intimidate","Dark Embrace+1"],"relics":["Burning Blood","NeowsBlessing","Golden Idol","Prayer Wheel","HornCleat","The Courier","Mark of Pain","Blood Vial","Old Coin","Ice Cream","Oddly Smooth Stone","Thread and Needle","Smiling Mask"],"acts_visited":["Exordium","TheCity"],"potions_floor_usage":[],"damage_taken":[{"damage":0.0,"enemies":"Cultist","floor":1.0,"turns":1.0},{"damage":0.0,"enemies":"Gremlin Nob","floor":6.0,"turns":1.0},{"damage":0.0,"enemies":"Small Slimes","floor":7.0,"turns":1.0},{"damage":2.0,"enemies":"Jaw Worm","floor":10.0,"turns":3.0},{"damage":0.0,"enemies":"3 Sentries","floor":12.0,"turns":7.0},{"damage":3.0,"enemies":"Looter","floor":14.0,"turns":4.0},{"damage":46.0,"enemies":"Slime Boss","floor":16.0,"turns":10.0},{"damage":9.0,"enemies":"Spheric Guardian","floor":18.0,"turns":5.0},{"damage":7.0,"enemies":"3 Byrds","floor":21.0,"turns":6.0},{"damage":51.0,"enemies":"Book of Stabbing","floor":23.0,"turns":7.0},{"damage":44.0,"enemies":"Slavers","floor":25.0,"turns":9.0},{"damage":18,"enemies":"Book of Stabbing","floor":30,"turns":5},{"damage":23,"enemies":"Snake Plant","floor":31,"turns":4},{"damage":47,"enemies":"Automaton","floor":33,"turns":6}],"seed_played":"7693011628929641581","potions_obtained":[{"floor":7.0,"key":"SteroidPotion"},{"floor":10.0,"key":"PowerPotion"},{"floor":14.0,"key":"Weak Potion"},{"floor":18.0,"key":"Dexterity Potion"},{"floor":23.0,"key":"Strength Potion"}],"is_trial":false,"path_per_floor":["M","?","?","?","$","E","M","R","T","M","R","E","?","M","R","B",null,"M","?","$","M","$","E","R","E","T","$","?","R","E","M","R","B"],"character_chosen":"IRONCLAD","items_purchased":["Rampage","Finesse","Blood Vial","Combust","Burning Pact","Thread and Needle","Warcry"],"campfire_rested":3,"item_purchase_floors":[5,20,20,20,27,27,27],"current_hp_per_floor":[74,74,79,51,51,57,63,63,63,67,67,73,66,69,69,29,67,64,64,64,65,65,22,46,10,10,10,10,34,24,9,33,0,0],"gold":57,"neow_bonus":"THREE_ENEMY_KILL","is_daily":false,"chose_seed":false,"campfire_upgraded":3,"win_rate":0.0,"timestamp":1613306875,"path_taken":["M","?","?","?","$","E","?","R","T","M","R","E","?","M","R","BOSS","M","?","$","M","?","E","R","E","T","$","?","R","E","?","R","BOSS"],"items_purchased_type":["Card","Card","Relic","Card","Card","Relic","Card"],"build_version":"2020-12-22","purchased_purges":2,"victory":false,"max_hp_per_floor":[75,75,80,80,80,80,80,80,80,80,80,80,80,80,80,80,80,80,80,80,80,80,80,80,80,80,80,80,80,80,80,80,80,80],"card_choices":[{"not_picked":["Clash","Anger"],"picked":"Flex","floor":1.0},{"not_picked":["Spot Weakness","Warcry"],"picked":"Double Tap","floor":6.0},{"not_picked":["Searing Blow","Heavy Blade"],"picked":"Evolve","floor":7.0},{"not_picked":["Clash","Sword Boomerang","Heavy Blade"],"picked":"SKIP","floor":7.0},{"not_picked":["Headbutt","Flame Barrier"],"picked":"True Grit","floor":10.0},{"not_picked":["Pommel Strike","Power Through"],"picked":"Shrug It Off","floor":10.0},{"not_picked":["Wild Strike","Entrench","Bloodletting"],"picked":"SKIP","floor":12.0},{"not_picked":["Searing Blow","True Grit"],"picked":"Pommel Strike","floor":14.0},{"not_picked":["Clash","Exhume"],"picked":"Dark Embrace","floor":14.0},{"not_picked":["Thunderclap","Armaments"],"picked":"Blood for Blood+1","floor":18.0},{"not_picked":["Armaments","Blood for Blood","Cleave"],"picked":"SKIP","floor":18.0},{"not_picked":["Warcry","Limit Break"],"picked":"Sentinel","floor":21.0},{"not_picked":["Thunderclap","Iron Wave"],"picked":"Dark Embrace","floor":21.0},{"not_picked":["Rage+1","Entrench+1"],"picked":"Wild Strike+1","floor":23.0},{"not_picked":["Infernal Blade","Entrench"],"picked":"Offering","floor":25.0},{"not_picked":["Combust","Shrug It Off"],"picked":"Rupture","floor":30},{"not_picked":["Pommel Strike","Dual Wield"],"picked":"Intimidate","floor":31},{"not_picked":["Twin Strike","Headbutt"],"picked":"Dark Embrace+1","floor":31}],"player_experience":217493,"relics_obtained":[{"floor":6.0,"key":"Prayer Wheel"},{"floor":9.0,"key":"HornCleat"},{"floor":12.0,"key":"The Courier"},{"floor":23.0,"key":"Old Coin"},{"floor":25.0,"key":"Ice Cream"},{"floor":26.0,"key":"Oddly Smooth Stone"},{"floor":30,"key":"Smiling Mask"}],"event_choices":[{"cards_removed":["Strike_R"],"damage_healed":0.0,"max_hp_gain":0.0,"max_hp_loss":0.0,"gold_gain":0.0,"event_name":"Living Wall","player_choice":"Forget","floor":2.0,"gold_loss":0.0,"damage_taken":0.0},{"damage_healed":0.0,"max_hp_gain":5.0,"max_hp_loss":0.0,"gold_gain":0.0,"event_name":"Big Fish","player_choice":"Donut","floor":3.0,"gold_loss":0.0,"damage_taken":0.0},{"damage_healed":0.0,"max_hp_gain":0.0,"max_hp_loss":0.0,"gold_gain":0.0,"event_name":"Golden Idol","player_choice":"Take Damage","floor":4.0,"gold_loss":0.0,"damage_taken":28.0,"relics_obtained":["Golden Idol"]},{"cards_removed":["Flex"],"damage_healed":0.0,"max_hp_gain":0.0,"max_hp_loss":0.0,"gold_gain":0.0,"event_name":"Golden Wing","player_choice":"Card Removal","floor":13.0,"gold_loss":0.0,"damage_taken":7.0},{"cards_removed":["Strike_R"],"damage_healed":0.0,"max_hp_gain":0.0,"max_hp_loss":0.0,"gold_gain":0.0,"event_name":"Purifier","player_choice":"Purged","floor":19.0,"gold_loss":0.0,"damage_taken":0.0},{"damage_healed":0,"gold_gain":0,"player_choice":"Paid Fearfully","damage_taken":0,"max_hp_gain":0,"max_hp_loss":0,"event_name":"Masked Bandits","floor":28,"gold_loss":22}],"is_beta":false,"boss_relics":[{"not_picked":["Philosopher\u0027s Stone","Astrolabe"],"picked":"Mark of Pain"}],"items_purged_floors":[20,27],"is_endless":false,"potions_floor_spawned":[7,10,14,18,23],"killed_by":"Automaton","ascension_level":15}}