{"host":"bvp2uifzy1c463d9","time":1613343017,"event":{"mods":["AchievementEnabler","BaseMod","Better Note","Block Reminder","Bossed Relics","ChefMod","Colored Map","Colored Powertips","Energized Spire","Hermit","Highlight Path","Hubris","Infinite Spire","Minty Spire (QoL Compilation)","Random Character Button","Relic Sorter","Relic Stats","Reliquary","Replay The Spire","Robot Space Explorer","StSLib","The Blue Laboratory","The Jungle","The Servant 0.9.4","Wandering Minibosses"],"gold_per_floor":[112,127,16,26,36,36,36,61,61,61,74,74,89,120,120,223,223,243,261,9,9,9,9],"floor_reached":22,"language":"ENG","playtime":1625,"items_purged":["Strike_S","Strike_S"],"score":221,"play_id":"1e547b3b-1675-4615-9274-9632abfe8af3","local_time":"20210214165017","is_ascension_mode":false,"campfire_choices":[{"data":"SoulSculpture","floor":6,"key":"SMITH"},{"floor":10,"key":"REST"},{"floor":12,"key":"REST"},{"data":"Dual Wield","floor":15,"key":"SMITH"}],"circlet_count":0,"master_deck":["Strike_S","Strike_S","Defend_S","Defend_S","Defend_S","Defend_S","KidneyShot","Exchange","SoulSculpture+1","FastForward","DualDimension","BottledTime","Barrier","Dilation","Cold Snap","Dual Wield+1","Double Tap","BestPractice+1","InstantArmor"],"relics":["Iron Core","infinitespire:Cubic Diamond","Simple Rune","reliquary:Boomerang","CaptainsWheel","Replay:Bronze Core","Strange Spoon"],"acts_visited":["Exordium","TheCity"],"potions_floor_usage":[14,14,16],"damage_taken":[{"damage":7,"enemies":"Small Slimes","floor":1,"turns":3},{"damage":0,"enemies":"2 Louse","floor":2,"turns":4},{"damage":2,"enemies":"Cultist","floor":4,"turns":3},{"damage":0,"enemies":"Looter","floor":5,"turns":4},{"damage":52,"enemies":"Gremlin Nob","floor":8,"turns":8},{"damage":2,"enemies":"Exordium Wildlife","floor":11,"turns":4},{"damage":0,"enemies":"2 Fungi Beasts","floor":13,"turns":4},{"damage":0,"enemies":"3 Sentries","floor":14,"turns":19},{"damage":44,"enemies":"Fading Forest","floor":16,"turns":11},{"damage":7,"enemies":"Spheric Guardian","floor":18,"turns":8},{"damage":0,"enemies":"3 Byrds","floor":19,"turns":9},{"damage":66,"enemies":"3 Cultists","floor":22,"turns":8}],"seed_played":"8953004219905807092","potions_obtained":[{"floor":1,"key":"blueLaboratory:HeartbeatPotion"},{"floor":2,"key":"EssenceOfSteel"},{"floor":8,"key":"Languid Potion"},{"floor":18,"key":"blueLaboratory:AbyssPotion"},{"floor":19,"key":"Languid Potion"},{"floor":21,"key":"blueLaboratory:BottleOfRum"}],"is_trial":false,"path_per_floor":["M","M","$","M","M","R","?","E","T","R","M","R","M","E","R","B",null,"M","M","$","?","M"],"character_chosen":"THE_SERVANT","items_purchased":["DualDimension","Strange Spoon"],"campfire_rested":2,"item_purchase_floors":[3,20],"current_hp_per_floor":[58,58,58,56,56,56,56,4,4,23,21,40,40,40,40,6,65,58,58,58,58,0,0],"gold":9,"neow_bonus":"ONE_RANDOM_RARE_CARD","is_daily":false,"chose_seed":false,"campfire_upgraded":2,"win_rate":0.0,"timestamp":1613343017,"path_taken":["M","M","$","M","M","R","?","E","T","R","M","R","M","E","R","BOSS","M","M","$","?","M"],"items_purchased_type":["Card","Relic"],"build_version":"2020-12-22","purchased_purges":2,"victory":false,"max_hp_per_floor":[65,65,65,65,65,65,65,65,65,65,65,65,65,65,65,65,65,65,65,65,65,65,65],"relic_stats":{"Strange Spoon":[1],"counters":[12,85],"obtain_stats":[{"Strange Spoon":20,"Iron Core":7,"CaptainsWheel":14,"reliquary:Boomerang":9,"Replay:Bronze Core":17,"Simple Rune":8,"infinitespire:Cubic Diamond":7,"Uniform":0},{"Strange Spoon":11,"Iron Core":4,"CaptainsWheel":8,"reliquary:Boomerang":5,"Replay:Bronze Core":9,"Simple Rune":5,"infinitespire:Cubic Diamond":4,"Uniform":0},{"Strange Spoon":77,"Iron Core":14,"CaptainsWheel":49,"reliquary:Boomerang":22,"Replay:Bronze Core":60,"Simple Rune":22,"infinitespire:Cubic Diamond":14,"Uniform":0}]},"card_choices":[{"not_picked":["DualDimension","ShatteredReality"],"picked":"FastForward","floor":1},{"not_picked":["Replace","Ricochet","SilverBlades"],"picked":"SKIP","floor":2},{"not_picked":["Sabotage","Collapse"],"picked":"BottledTime","floor":4},{"not_picked":["Rewind","Read"],"picked":"Barrier","floor":5},{"not_picked":["Heavy Blade","Steam Power"],"picked":"Dilation","floor":8},{"not_picked":["ReplayTheSpireMod:Muscle Training","Seeing Red","SilverBlades"],"picked":"SKIP","floor":11},{"not_picked":["BottledTime","Starlight"],"picked":"Cold Snap","floor":13},{"not_picked":["Rip and Tear","ReplayTheSpireMod:Repulse"],"picked":"Dual Wield","floor":14},{"not_picked":["Juggernaut","Deny"],"picked":"Double Tap","floor":16},{"not_picked":["RealityMarble","Spin"],"picked":"BestPractice+1","floor":18},{"not_picked":["DoubleEdge","Spin"],"picked":"InstantArmor","floor":19}],"player_experience":377226,"relics_obtained":[{"floor":8,"key":"Simple Rune"},{"floor":9,"key":"reliquary:Boomerang"},{"floor":14,"key":"CaptainsWheel"}],"event_choices":[{"damage_healed":0,"gold_gain":0,"player_choice":"Got Potions","damage_taken":0,"max_hp_gain":0,"max_hp_loss":0,"event_name":"Lab","floor":21,"gold_loss":0}],"is_beta":false,"boss_relics":[{"not_picked":["Black Star","Ectoplasm"],"picked":"Replay:Bronze Core"}],"items_purged_floors":[3,20],"is_endless":false,"potions_floor_spawned":[1,2,8,11,13,18,19],"killed_by":"3 Cultists","ascension_level":0}}