{"host":"tvwbxqry54t86y0v","time":1613291658,"event":{"mods":["2.2 Compatiblity","A Magickal Journey","Act Like it!","Arknights","Astrologer","BaseMod","Beaked The Cultist","BetterRewards","Block Reminder","Clockwork Mod","Colored Powertips","DeckTracker","Downfall","Fiend Mod","GungeonMod","Hermit","Hubris","Infinite Spire","Ironclad Rager","Marked Mod","Mimic Mod","Minty Spire (QoL Compilation)","Potionbrewer","Reliquary","Replay The Spire","Robot Space Explorer","Shade Mod","Somnambulant","StSLib","The Bug Knight","The Cursed","The Death Knight","The Druid","The Elementalist","The Exalted","The Forsaken","The Hierophant","The Jungle","The Marked","The Mystic","The Problem Sleuth","The Runesmith","The Senshi","The Spell Scribe","The Valiant","The Wild Card","TheFirefly","TheHeartMod","Unceasing Turn Reminder","thorton"],"gold_per_floor":[345,652,652,976,1026,1160,1160,1160,1208,1510,1657,1657,1909,2206,2250,2418,2466,2582,2633,2750,2805,2565,2938,3080,3148,3210,3087,3415,3527,3256,3401,3469,3355,3522,3527,2945,3003,3063,3124,3642,3764,3820,3896,4487,4564,4655,4861,5062,5163,5544,5654,6494,6623,6775,6910,7055,6899,7036,7555,7706,7860,8017,8143,8305,9220,8675,9589,9780,9963,9963],"floor_reached":69,"language":"ENG","playtime":3349,"items_purged":[],"score":2497,"play_id":"06a380a9-fbe8-4b35-a456-21b3b4c8d4b7","local_time":"20210214193418","daily_mods":["Draft","Hoarder","Vintage","Elite Swarm","Binary"],"is_ascension_mode":true,"campfire_choices":[{"data":"hierophant:Charity","floor":7,"key":"SMITH"},{"data":"hierophant:Charity","floor":15,"key":"SMITH"},{"floor":46,"key":"REST"},{"data":"1","floor":46,"key":"LIFT"},{"floor":49,"key":"REST"},{"data":"2","floor":49,"key":"LIFT"},{"data":"3","floor":58,"key":"LIFT"},{"data":"hierophant:AuricBeam","floor":68,"key":"SMITH"}],"circlet_count":0,"master_deck":["hierophant:FlamingChariot","hierophant:FlamingChariot","hierophant:FlamingChariot","hierophant:Doubloon","hierophant:Doubloon","hierophant:Doubloon","hierophant:Charity+1","hierophant:Charity+1","hierophant:Charity","hierophant:Doubloon","hierophant:Doubloon","hierophant:Doubloon","hierophant:Refuge","hierophant:Refuge","hierophant:Refuge","hierophant:SecretStash","hierophant:SecretStash","hierophant:SecretStash","hierophant:AuricBeam+1","hierophant:AuricBeam","hierophant:AuricBeam","hierophant:RustyCrate","hierophant:RustyCrate","hierophant:RustyCrate","hierophant:Doubloon","hierophant:Doubloon","hierophant:Doubloon","hierophant:Doubloon","hierophant:Doubloon+1","hierophant:Doubloon+1","hierophant:Encroach","hierophant:Encroach","hierophant:Encroach","hierophant:Doubloon","hierophant:Doubloon","hierophant:Doubloon","hierophant:RecallFunds","hierophant:RecallFunds","hierophant:RecallFunds","hierophant:Doubloon","hierophant:Doubloon","hierophant:Doubloon","hierophant:Charity","hierophant:Charity","hierophant:Charity","hierophant:Doubloon","hierophant:Doubloon","hierophant:Doubloon","hierophant:Doubloon","hierophant:Doubloon","hierophant:Doubloon","hierophant:Doubloon","hierophant:Doubloon","hierophant:Doubloon","hierophant:Remorse","hierophant:Remorse","hierophant:Remorse","hierophant:Doubloon","hierophant:Doubloon","hierophant:Doubloon","hierophant:Remorse","hierophant:Remorse","hierophant:Remorse","hierophant:RepressedViolence","hierophant:RepressedViolence+1","hierophant:Smite","hierophant:Smite","hierophant:Smite","Amnesia","Amnesia","Amnesia","downfall:Icky","downfall:Icky","downfall:Icky","hierophant:Bribe+1","hierophant:Bribe+1","hierophant:Bribe+1","hubris:Envy","hubris:Envy","hubris:Envy","ReplayTheSpireMod:Splinters","ReplayTheSpireMod:Splinters","ReplayTheSpireMod:Splinters","ReplayTheSpireMod:Compounding Headache","ReplayTheSpireMod:Compounding Headache","ReplayTheSpireMod:Compounding Headache","Parasite","Parasite","Parasite","downfall:Aged","downfall:Aged","downfall:Aged","Normality","Normality","Replay:Hysterical Blindness","Replay:Hysterical Blindness","Replay:Hysterical Blindness","downfall:Bewildered","downfall:Bewildered","downfall:Bewildered","downfall:Icky","downfall:Icky","downfall:Icky","Doubt","Doubt","Doubt","hubris:Disease","hubris:Disease","hubris:Disease","hierophant:Doubloon+1","hierophant:Doubloon","hierophant:Doubloon","hubris:Lust","hubris:Lust","hubris:Lust","hubris:Greed","hubris:Greed","hubris:Greed","Voices","Voices","Voices","hubris:Greed","hubris:Greed","hubris:Greed","hubris:Despair","hubris:Despair","hubris:Despair","downfall:Malfunctioning","downfall:Malfunctioning","downfall:Malfunctioning","Looming Evil","Looming Evil","Looming Evil","hubris:NaturalOne","hubris:NaturalOne","hubris:NaturalOne","hubris:Lust","hubris:Lust","hubris:Lust","hubris:Greed","hubris:Greed","hubris:Greed","hubris:Envy","hubris:Envy","hubris:Envy","Looming Evil","Looming Evil","Looming Evil","hubris:Greed","hubris:Greed","hubris:Greed","hubris:Envy","hubris:Envy","hubris:Envy","hierophant:AuricBeam+1","hierophant:AuricBeam+1","hierophant:AuricBeam+1","ReplayTheSpireMod:Compounding Headache","ReplayTheSpireMod:Compounding Headache","ReplayTheSpireMod:Compounding Headache","Sickly","Sickly","Sickly","ReplayTheSpireMod:IOU","ReplayTheSpireMod:IOU","hubris:Envy","hubris:Envy","Doubt","Doubt","Doubt","hubris:Greed","hubris:Greed","hubris:Greed","hubris:Greed","hubris:Greed","hubris:Greed","downfall:Aged","downfall:Aged","downfall:Aged","Voices","Voices","Voices","downfall:Haunted","downfall:Haunted","downfall:Haunted","hubris:Greed","hubris:Greed","hubris:Greed","ReplayTheSpireMod:IOU","Replay:Hysterical Blindness","Replay:Hysterical Blindness","Replay:Hysterical Blindness","Shame","Shame","Shame","TheCursedMod:Dregs","TheCursedMod:Dregs","TheCursedMod:Dregs","ReplayTheSpireMod:Compounding Headache","ReplayTheSpireMod:Compounding Headache","ReplayTheSpireMod:Compounding Headache","hubris:Greed","hubris:Greed","hubris:Greed","hubris:Greed","hubris:Greed","hubris:Greed","hubris:Greed","hubris:Greed","hubris:Greed","downfall:Malfunctioning","downfall:Malfunctioning","downfall:Malfunctioning","hierophant:Levitation+1","hierophant:Levitation+1","hierophant:Levitation+1","ReplayTheSpireMod:Doomed","ReplayTheSpireMod:Doomed","ReplayTheSpireMod:Doomed","Overencumbered","Overencumbered","Overencumbered","Normality","Normality","Normality","downfall:Haunted","downfall:Haunted","downfall:Haunted","downfall:Malfunctioning","downfall:Malfunctioning","downfall:Malfunctioning","hubris:Greed","hubris:Greed","hubris:Greed","hubris:Greed","hubris:Greed","hubris:Greed","hubris:Greed","hubris:Greed","hubris:Greed","hubris:Compulsion","hubris:Compulsion","hubris:Compulsion","ReplayTheSpireMod:Restless Dread","ReplayTheSpireMod:Restless Dread","ReplayTheSpireMod:Restless Dread","hubris:Greed","hubris:Greed","hubris:Greed","hubris:Greed","hubris:Greed","hubris:Greed","hubris:Compulsion","hubris:Compulsion","hubris:Compulsion","hubris:Compulsion","hubris:Compulsion","hubris:Compulsion","Overencumbered","Overencumbered","Overencumbered","hubris:Greed","hubris:Greed","hubris:Greed","hubris:Greed","hubris:Greed","hubris:Greed","hubris:Greed","hubris:Greed","hubris:Greed","hubris:Greed","hubris:Greed","hubris:Greed","hubris:Greed","hubris:Greed","hubris:Greed","hubris:Greed","hubris:Greed","hubris:Greed","hubris:Greed","hubris:Greed","hubris:Greed","Doubt","Doubt","Doubt","hubris:Compulsion","hubris:Compulsion","hubris:Compulsion","Parasite","Parasite","Parasite","hubris:Greed","hubris:Greed","hubris:Greed","hubris:Greed","hubris:Greed","hubris:Greed","downfall:Malfunctioning","downfall:Malfunctioning","downfall:Malfunctioning","Shame","Shame","Shame","hubris:Greed","hubris:Greed","hubris:Greed","Hallucinations","Hallucinations","Hallucinations","ReplayTheSpireMod:Splinters","ReplayTheSpireMod:Splinters","ReplayTheSpireMod:Splinters","hubris:Greed","hubris:Greed","hubris:Greed","Amnesia","Amnesia","Amnesia","ReplayTheSpireMod:Doomed","ReplayTheSpireMod:Doomed","ReplayTheSpireMod:Doomed","infinitespire:Pacifist","infinitespire:Pacifist","infinitespire:Pacifist","Voices","Voices","Overencumbered","Overencumbered","Overencumbered","Looming Evil","Looming Evil","Looming Evil","theWildCard:Loki+1","theWildCard:Loki+1","theWildCard:Loki+1","ReplayTheSpireMod:Splinters","ReplayTheSpireMod:Splinters","ReplayTheSpireMod:Splinters","ReplayTheSpireMod:Doomed","ReplayTheSpireMod:Doomed","ReplayTheSpireMod:Doomed","hubris:Envy","hubris:Envy","hubris:Envy","Normality","Normality","Normality","hubris:Lust","hubris:Lust","hubris:Lust","hubris:Lust","hubris:Lust","hubris:Lust","Delirium","Delirium","Delirium","Sickly","Sickly","Sickly","hubris:Sloth","hubris:Sloth","hubris:Sloth","ReplayTheSpireMod:Faulty Equipment","ReplayTheSpireMod:Faulty Equipment","ReplayTheSpireMod:Faulty Equipment","hubris:Gluttony","hubris:Gluttony","hubris:Gluttony","hubris:Envy","hubris:Envy","hubris:Envy","Doubt","Doubt","Doubt","Spreading Infection","Spreading Infection","Spreading Infection","Doubt","Doubt","Doubt","hubris:Despair","hubris:Despair","hubris:Despair","hubris:Greed","hubris:Greed","hubris:Greed","Injury","Injury","Injury","downfall:Aged","downfall:Aged","downfall:Aged","ReplayTheSpireMod:Faulty Equipment","ReplayTheSpireMod:Faulty Equipment","ReplayTheSpireMod:Faulty Equipment","Hallucinations","Hallucinations","Hallucinations","Sickly","Sickly","Sickly","downfall:Bewildered","downfall:Bewildered","downfall:Bewildered","hubris:Lust","hubris:Lust","hubris:Lust","downfall:Haunted","downfall:Haunted","downfall:Haunted","Voices","Voices","Voices","ReplayTheSpireMod:Doomed","ReplayTheSpireMod:Doomed","ReplayTheSpireMod:Doomed","Regret","Regret","Regret","downfall:Bewildered","downfall:Bewildered","downfall:Bewildered","Replay:Dark Deal+1","Replay:Dark Deal+1","Replay:Dark Deal+1","theForsaken:PlagueCurse","theForsaken:PlagueCurse","theForsaken:PlagueCurse","Regret","Regret","Regret","ReplayTheSpireMod:IOU","ReplayTheSpireMod:IOU","ReplayTheSpireMod:IOU","Overencumbered","Overencumbered","Overencumbered","CommonCold","CommonCold","CommonCold","Sickly","Sickly","Sickly","Languid","Languid","Languid","Delirium","Delirium","Delirium","hubris:Greed","hubris:Greed","hubris:Greed","hubris:Greed","hubris:Greed","hubris:Greed"],"relics":["hierophant:PropheticMaskRelic","Busted Crown","Iron Hammer","hubris:TenFootPole","Ancient Tea Set","Ring of Peace","Ring of Greed","Replay:Wax Seal","Golden Egg","Mummified Hand","Runesmith:AutoHammer","Nunchaku","theSenshi:SuperSailorFukuRelic","hubris:Icosahedron","Letter Opener","thethorton:BankDeed","Ring of Chaos","Meat on the Bone","DemoMod:WhiteGuonStone","Potion Belt","DemoMod:WeirdEgg","infinitespire:Beetle Shell","infinitespire:Magic Flask","reliquary:Aerogel","Bottled Lightning","Garlic","MealTicket","hubris:SphereOfDissonance","potionbrewer:SlideRule","DemoMod:SevenLeafClover","reliquary:PorcupineQuills","Replay:Wanted Poster","ReplayTheSpireMod:Ninjato","champ:Barbells","DemoMod:JetPack","White Beast Statue","Guardian:BottledAnomaly","reliquary:KinkedSpring","potionbrewer:ToyAutogyro","Toxic Egg 2","potionbrewer:DrinkingBird","hubris:Metronome","Girya","hubris:SlimyHat","DemoMod:DecoyRelic","Replay:Ringing Soul","DemoMod:RiddleOfLead","Dead Branch","Strawberry","Onion Ring","Bromod:ArcaneGrace","Frozen Egg 2","Tiny Chest","Lee\u0027s Waffle","Replay:Kaleidoscope","DemoMod:GreenGuonStone","Bottled Tornado","theSenshi:SpiralHeartMoonRodRelic","Odd Mushroom","Replay:WaspNest","Pen Nib","Frozen Eye","reliquary:Firecrackers"],"acts_visited":["Exordium","TheCity","TheBeyond","Exordium"],"potions_floor_usage":[6,42,45],"damage_taken":[{"damage":13,"enemies":"infinitespire:Voidling","floor":1,"turns":2},{"damage":0,"enemies":"ats:Genji","floor":2,"turns":2},{"damage":0,"enemies":"2 Louse","floor":4,"turns":1},{"damage":0,"enemies":"HollowMod:MossKnight","floor":6,"turns":3},{"damage":0,"enemies":"Large Slime","floor":10,"turns":1},{"damage":0,"enemies":"3 Sentries","floor":11,"turns":1},{"damage":0,"enemies":"HollowMod:MossKnight","floor":13,"turns":4},{"damage":0,"enemies":"2 Fungi Beasts","floor":14,"turns":3},{"damage":0,"enemies":"Slime Boss","floor":16,"turns":3},{"damage":0,"enemies":"Chosen","floor":18,"turns":1},{"damage":0,"enemies":"Spheric Guardian","floor":20,"turns":1},{"damage":0,"enemies":"HollowMod:Nosk","floor":23,"turns":3},{"damage":0,"enemies":"Snecko","floor":24,"turns":1},{"damage":4,"enemies":"Slavers","floor":25,"turns":4},{"damage":0,"enemies":"Nightmare","floor":27,"turns":5},{"damage":0,"enemies":"Shelled Parasite and Fungi","floor":28,"turns":5},{"damage":0,"enemies":"Chosen and Byrds","floor":29,"turns":2},{"damage":0,"enemies":"Snecko","floor":31,"turns":1},{"damage":0,"enemies":"Automaton","floor":33,"turns":2},{"damage":0,"enemies":"3 Shapes","floor":35,"turns":6},{"damage":0,"enemies":"HollowMod:StalkingDevout","floor":40,"turns":2},{"damage":0,"enemies":"beaked:SuperParasite","floor":42,"turns":5},{"damage":0,"enemies":"Orb Walker","floor":44,"turns":1},{"damage":28,"enemies":"Maw","floor":45,"turns":7},{"damage":0,"enemies":"Nemesis","floor":47,"turns":2},{"damage":45,"enemies":"Jaw Worm Horde","floor":48,"turns":5},{"damage":24,"enemies":"infinitespire:MassOfShapes","floor":50,"turns":6},{"damage":65,"enemies":"Jaw Worm","floor":52,"turns":7},{"damage":0,"enemies":"Small Slimes","floor":54,"turns":3},{"damage":0,"enemies":"2 Louse","floor":56,"turns":3},{"damage":0,"enemies":"Gremlin Nob","floor":59,"turns":3},{"damage":0,"enemies":"Nightmare","floor":63,"turns":1},{"damage":0,"enemies":"The Mushroom Lair","floor":65,"turns":2},{"damage":0,"enemies":"Exordium Wildlife","floor":67,"turns":2},{"damage":203,"enemies":"Hexaghost","floor":69,"turns":3}],"seed_played":"9394595","potions_obtained":[{"floor":1,"key":"SkillPotion"},{"floor":4,"key":"SteroidPotion"},{"floor":10,"key":"DemoMod:LeadSkinPotion"},{"floor":13,"key":"hexamod:SoulburnPotion"},{"floor":28,"key":"potionbrewer:ToxicPotion"},{"floor":33,"key":"champ:CounterPotion"},{"floor":42,"key":"Energy Potion"}],"is_trial":true,"path_per_floor":["M","M","?","M","?","E","R","?","T","M","E","?","E","M","R","B",null,"M","?","M","?","$","E","M","E","T","NM","M","M","$","M","R","B",null,"M","$","?","?","AVR","E","?","E","T","M","M","R","E","M","R","B",null,"M","?","M","AVR","M","$","R","E","T","PTL","PTL","NM","?","?","$","M","R","B"],"character_chosen":"HIEROPHANT","items_purchased":["DemoMod:WeirdEgg","infinitespire:Beetle Shell","DemoMod:SevenLeafClover","hierophant:AuricBeam","champ:Barbells","DemoMod:JetPack","White Beast Statue","Tiny Chest","Lee\u0027s Waffle","Replay:WaspNest","Pen Nib","Frozen Eye","Replay:Dark Deal+1"],"campfire_rested":2,"item_purchase_floors":[22,22,30,30,36,36,36,57,57,66,66,66,66],"current_hp_per_floor":[62,62,67,67,67,67,67,67,67,67,67,67,67,67,67,67,80,80,80,80,80,80,80,80,76,76,76,76,76,80,80,80,80,80,80,80,70,70,70,70,70,70,70,70,42,66,66,33,60,51,99,49,52,74,77,80,131,134,137,140,143,146,149,152,155,158,161,164,0,0],"gold":9963,"neow_bonus":"","is_daily":false,"chose_seed":true,"campfire_upgraded":3,"win_rate":0.0,"timestamp":1613291658,"path_taken":["M","?","?","M","?","E","R","?","T","M","E","?","E","M","R","BOSS","M","?","M","?","$","E","?","E","T","NM","M","M","$","M","R","BOSS","M","$","?","?","AVR","E","?","E","T","M","M","R","E","M","R","BOSS","M","?","M","AVR","M","$","R","E","T","PTL","PTL","NM","?","?","?","M","R","BOSS"],"items_purchased_type":["Relic","Relic","Relic","Card","Relic","Relic","Relic","Relic","Relic","Relic","Relic","Relic","Card"],"build_version":"2020-12-22","purchased_purges":0,"victory":false,"max_hp_per_floor":[75,75,80,80,80,80,80,80,80,80,80,80,80,80,80,80,80,80,80,80,80,80,80,80,80,80,80,80,80,80,80,80,80,80,80,80,80,80,80,80,80,80,80,80,80,80,80,80,83,86,99,102,105,115,118,121,131,134,137,140,143,146,149,152,155,158,161,164,167,167],"card_choices":[{"not_picked":["hierophant:Empathy","hierophant:MorningPrayer"],"picked":"hierophant:FlamingChariot","floor":0},{"not_picked":["hierophant:Smite","hierophant:Remorse"],"picked":"hierophant:Charity","floor":0},{"not_picked":["hierophant:MorningPrayer","hierophant:FieryStrike"],"picked":"hierophant:Refuge","floor":0},{"not_picked":["hierophant:Zeal","hierophant:Chorus"],"picked":"hierophant:SecretStash","floor":0},{"not_picked":["hierophant:DisplayOfPower","hierophant:Racketeering"],"picked":"hierophant:AuricBeam","floor":0},{"not_picked":["hierophant:SealAway","hierophant:AuricBeam"],"picked":"hierophant:RustyCrate","floor":0},{"not_picked":["hierophant:TollTheBells","hierophant:PassingBell"],"picked":"hierophant:Encroach","floor":0},{"not_picked":["hierophant:Remorse","hierophant:FieryStrike"],"picked":"hierophant:RecallFunds","floor":0},{"not_picked":["hierophant:ThreeLashes","hierophant:Doubloon"],"picked":"hierophant:Charity","floor":0},{"not_picked":["hierophant:FieryStrike","hierophant:Embezzle"],"picked":"hierophant:Doubloon","floor":0},{"not_picked":["hierophant:PassingBell","hierophant:Racketeering"],"picked":"hierophant:Doubloon","floor":0},{"not_picked":["hierophant:FlamingChariot","hierophant:Upheaval"],"picked":"hierophant:Remorse","floor":0},{"not_picked":["hierophant:FlamingChariot","hierophant:Zeal"],"picked":"hierophant:Remorse","floor":0},{"not_picked":["hierophant:OrnateJavelin","hierophant:SealAway"],"picked":"hierophant:RepressedViolence","floor":0},{"not_picked":["hierophant:DisplayOfPower","hierophant:Glossolalia"],"picked":"hierophant:Smite","floor":0},{"not_picked":["infinitespire:FinalStrike","infinitespire:Starlight"],"picked":"infinitespire:SealOfDarkness+","floor":37},{"not_picked":["hierophant:LocustPlague","hierophant:DeathKnell"],"picked":"hierophant:Levitation","floor":43},{"not_picked":["hierophant:LocustPlague","hierophant:MintersHammer","hierophant:DeathKnell"],"picked":"SKIP","floor":60}],"player_experience":1164089,"relics_obtained":[{"floor":1,"key":"Iron Hammer"},{"floor":2,"key":"hubris:TenFootPole"},{"floor":4,"key":"Ancient Tea Set"},{"floor":5,"key":"Ring of Peace"},{"floor":5,"key":"Ring of Greed"},{"floor":5,"key":"Replay:Wax Seal"},{"floor":5,"key":"Golden Egg"},{"floor":6,"key":"Mummified Hand"},{"floor":9,"key":"Runesmith:AutoHammer"},{"floor":10,"key":"Nunchaku"},{"floor":11,"key":"theSenshi:SuperSailorFukuRelic"},{"floor":13,"key":"Letter Opener"},{"floor":14,"key":"thethorton:BankDeed"},{"floor":18,"key":"Meat on the Bone"},{"floor":20,"key":"Potion Belt"},{"floor":23,"key":"infinitespire:Magic Flask"},{"floor":24,"key":"reliquary:Aerogel"},{"floor":25,"key":"Bottled Lightning"},{"floor":26,"key":"Garlic"},{"floor":27,"key":"MealTicket"},{"floor":28,"key":"hubris:SphereOfDissonance"},{"floor":29,"key":"potionbrewer:SlideRule"},{"floor":31,"key":"reliquary:PorcupineQuills"},{"floor":35,"key":"ReplayTheSpireMod:Ninjato"},{"floor":40,"key":"potionbrewer:ToyAutogyro"},{"floor":42,"key":"Toxic Egg 2"},{"floor":43,"key":"potionbrewer:DrinkingBird"},{"floor":43,"key":"hubris:Metronome"},{"floor":44,"key":"Girya"},{"floor":45,"key":"hubris:SlimyHat"},{"floor":47,"key":"DemoMod:DecoyRelic"},{"floor":48,"key":"Replay:Ringing Soul"},{"floor":52,"key":"Dead Branch"},{"floor":54,"key":"Strawberry"},{"floor":56,"key":"Frozen Egg 2"},{"floor":59,"key":"Replay:Kaleidoscope"},{"floor":60,"key":"DemoMod:GreenGuonStone"},{"floor":60,"key":"Bottled Tornado"},{"floor":63,"key":"theSenshi:SpiralHeartMoonRodRelic"},{"floor":65,"key":"Odd Mushroom"},{"floor":67,"key":"reliquary:Firecrackers"}],"event_choices":[{"damage_healed":0,"gold_gain":0,"player_choice":"Donut","damage_taken":0,"max_hp_gain":5,"max_hp_loss":0,"event_name":"Big Fish","floor":3,"gold_loss":0},{"damage_healed":0,"gold_gain":0,"player_choice":"Copied","damage_taken":0,"max_hp_gain":0,"max_hp_loss":0,"event_name":"Duplicator","floor":21,"gold_loss":0,"cards_obtained":["hierophant:Doubloon"]},{"cards_removed":["hubris:Envy"],"damage_healed":0,"gold_gain":0,"player_choice":"Removed Skill","damage_taken":0,"max_hp_gain":0,"max_hp_loss":0,"event_name":"Falling","floor":38,"gold_loss":0},{"cards_removed":["Voices"],"damage_healed":0,"gold_gain":0,"player_choice":"Forget","damage_taken":0,"max_hp_gain":0,"max_hp_loss":0,"event_name":"Living Wall","floor":64,"gold_loss":0},{"damage_healed":0,"gold_gain":0,"player_choice":"Fought Mushrooms","damage_taken":0,"max_hp_gain":0,"max_hp_loss":0,"event_name":"Mushrooms","floor":65,"gold_loss":0}],"is_beta":false,"boss_relics":[{"not_picked":["Kintsugi","Bromod:ArcaneBarrier"],"picked":"Ring of Chaos"},{"not_picked":["thethorton:CrushedCigarette","ReplayTheSpireMod:DimensionalGlitch"],"picked":"Replay:Wanted Poster"},{"not_picked":["hubris:TerracottaHorce","hubris:CrackedHourglass"],"picked":"DemoMod:RiddleOfLead"}],"items_purged_floors":[],"is_endless":true,"potions_floor_spawned":[1,4,10,13,14,18,24,28,33,35,40,42,44,45,47,48,50,52,54,56,59,63,65,67],"killed_by":"Hexaghost","ascension_level":1}}