{"host":"rantoq7h0pygex6x","time":1613300029,"event":{"mods":["AchievementEnabler","BaseMod","BetterRewards","Minty Spire (QoL Compilation)"],"gold_per_floor":[111,126,51,51,51,85,105,105,129,129,140,171,171,183,183,256,256,276,292,28,47,47,47,47],"floor_reached":23,"language":"ENG","playtime":575,"items_purged":["Strike_R"],"score":402,"play_id":"cf148e59-5727-41d1-a57a-d485e923c77b","local_time":"20210214185349","is_ascension_mode":true,"campfire_choices":[{"data":"Metallicize","floor":8,"key":"SMITH"},{"floor":10,"key":"REST"},{"floor":13,"key":"REST"},{"floor":15,"key":"REST"}],"circlet_count":0,"master_deck":["AscendersBane","Strike_R","Strike_R","Strike_R","Defend_R","Defend_R","Defend_R","Defend_R","Bash","Rupture","Shrug It Off","Uppercut+1","Metallicize+1","Anger","Blood for Blood","Brutality","Rage","Limit Break","Shockwave","Immolate","True Grit","Sentinel"],"relics":["Burning Blood","Toy Ornithopter","Bag of Preparation","Paper Frog","Philosopher\u0027s Stone"],"acts_visited":["Exordium","TheCity"],"potions_floor_usage":[18,21,23],"damage_taken":[{"damage":13,"enemies":"2 Louse","floor":1,"turns":4},{"damage":25,"enemies":"Jaw Worm","floor":2,"turns":6},{"damage":40,"enemies":"Gremlin Nob","floor":6,"turns":5},{"damage":1,"enemies":"Cultist","floor":7,"turns":4},{"damage":2,"enemies":"Looter","floor":11,"turns":3},{"damage":32,"enemies":"Lagavulin","floor":12,"turns":7},{"damage":23,"enemies":"Exordium Thugs","floor":14,"turns":5},{"damage":17,"enemies":"Hexaghost","floor":16,"turns":7},{"damage":28,"enemies":"3 Byrds","floor":18,"turns":6},{"damage":22,"enemies":"Chosen","floor":19,"turns":5},{"damage":9,"enemies":"Centurion and Healer","floor":21,"turns":4},{"damage":39,"enemies":"Slavers","floor":23,"turns":2}],"seed_played":"7461461522569874337","potions_obtained":[{"floor":1,"key":"BlessingOfTheForge"},{"floor":12,"key":"Strength Potion"},{"floor":14,"key":"Fire Potion"},{"floor":18,"key":"SteroidPotion"},{"floor":19,"key":"DistilledChaos"}],"is_trial":false,"path_per_floor":["M","M","?","?","?","E","M","R","T","R","M","E","R","M","R","B",null,"M","M","$","M","?","E"],"character_chosen":"IRONCLAD","items_purchased":["Rupture","Immolate","True Grit"],"campfire_rested":3,"item_purchase_floors":[0,20,20],"current_hp_per_floor":[61,42,42,42,42,8,13,13,13,35,39,13,35,18,40,29,64,47,31,31,33,33,0,0],"gold":47,"neow_bonus":"","is_daily":false,"chose_seed":false,"campfire_upgraded":1,"win_rate":0.0,"timestamp":1613300029,"path_taken":["M","M","?","?","?","E","M","R","T","R","M","E","R","M","R","BOSS","M","M","$","M","?","E"],"items_purchased_type":["Card","Card","Card"],"build_version":"2020-12-22","purchased_purges":1,"victory":false,"max_hp_per_floor":[75,75,75,75,75,75,75,75,75,75,75,75,75,75,75,75,75,75,75,75,75,75,75,75],"card_choices":[{"not_picked":["Whirlwind","Havoc"],"picked":"Shrug It Off","floor":1},{"not_picked":["Armaments","Clash"],"picked":"Uppercut","floor":2},{"not_picked":["True Grit","Rage"],"picked":"Metallicize","floor":6},{"not_picked":["Sword Boomerang","Twin Strike"],"picked":"Anger","floor":7},{"not_picked":["Iron Wave","Dropkick"],"picked":"Blood for Blood","floor":11},{"not_picked":["Clash","Headbutt"],"picked":"Brutality","floor":12},{"not_picked":["Sever Soul","Disarm"],"picked":"Rage","floor":14},{"not_picked":["Corruption","Double Tap"],"picked":"Limit Break","floor":16},{"not_picked":["Pommel Strike","Sword Boomerang","Clash"],"picked":"SKIP","floor":18},{"not_picked":["Warcry","Wild Strike+1"],"picked":"Shockwave","floor":19},{"not_picked":["Wild Strike","Heavy Blade"],"picked":"Sentinel","floor":21}],"player_experience":996907,"relics_obtained":[{"floor":6,"key":"Toy Ornithopter"},{"floor":9,"key":"Bag of Preparation"},{"floor":12,"key":"Paper Frog"}],"event_choices":[{"cards_removed":["Strike_R"],"damage_healed":0,"gold_gain":0,"player_choice":"Card Removal","damage_taken":0,"max_hp_gain":0,"max_hp_loss":0,"event_name":"The Cleric","floor":3,"gold_loss":75},{"damage_healed":0,"gold_gain":0,"player_choice":"Grow","damage_taken":0,"max_hp_gain":0,"max_hp_loss":0,"event_name":"Living Wall","floor":4,"gold_loss":0,"cards_upgraded":["Uppercut"]},{"damage_healed":0,"gold_gain":0,"player_choice":"Ignored","damage_taken":0,"max_hp_gain":0,"max_hp_loss":0,"event_name":"Liars Game","floor":5,"gold_loss":0},{"damage_healed":0,"gold_gain":0,"player_choice":"Ignored","damage_taken":0,"max_hp_gain":0,"max_hp_loss":0,"event_name":"Ghosts","floor":22,"gold_loss":0}],"is_beta":false,"boss_relics":[{"not_picked":["Black Star","SacredBark"],"picked":"Philosopher\u0027s Stone"}],"items_purged_floors":[20],"is_endless":false,"potions_floor_spawned":[1,12,14,18,19],"killed_by":"Slavers","ascension_level":20}}