{"host":"cfv8orgc8997ql4r","time":1613318639,"event":{"mods":["AchievementEnabler","BaseMod","DeckTracker","Keyboard Shortcuts","Minty Spire (QoL Compilation)"],"gold_per_floor":[110,130,80,94,53,53,53,72,72,106,122,47,47,57,57,159,159,173,191,191,191,74,74,74],"floor_reached":23,"language":"KOR","playtime":484,"items_purged":["Strike_G"],"score":248,"play_id":"91226e2d-2422-4b66-b158-bff193b5e5d1","local_time":"20210215010359","is_ascension_mode":true,"campfire_choices":[{"data":"Infinite Blades","floor":6,"key":"SMITH"},{"floor":13,"key":"REST"},{"floor":15,"key":"REST"}],"circlet_count":0,"master_deck":["Strike_G","Strike_G","Strike_G","Defend_G","Defend_G","Defend_G","Defend_G","Survivor","Neutralize","Accuracy","Infinite Blades+1","Accuracy","Infinite Blades","Deadly Poison","Accuracy","Finisher","Storm of Steel","Blade Dance"],"relics":["Ring of the Snake","NeowsBlessing","Omamori","Blue Candle","Black Star","CeramicFish"],"acts_visited":["Exordium","TheCity"],"potions_floor_usage":[10,16],"damage_taken":[{"damage":0,"enemies":"Cultist","floor":1,"turns":1},{"damage":0,"enemies":"2 Louse","floor":2,"turns":1},{"damage":0,"enemies":"Small Slimes","floor":4,"turns":1},{"damage":4,"enemies":"3 Louse","floor":8,"turns":4},{"damage":22,"enemies":"3 Sentries","floor":10,"turns":5},{"damage":13,"enemies":"Blue Slaver","floor":11,"turns":3},{"damage":29,"enemies":"Gremlin Gang","floor":14,"turns":5},{"damage":34,"enemies":"The Guardian","floor":16,"turns":13},{"damage":26,"enemies":"Shell Parasite","floor":18,"turns":4},{"damage":20,"enemies":"Spheric Guardian","floor":19,"turns":4},{"damage":0,"enemies":"Book of Stabbing","floor":23,"turns":1}],"seed_played":"-8459120599420123997","potions_obtained":[{"floor":1,"key":"Dexterity Potion"},{"floor":4,"key":"Explosive Potion"},{"floor":16,"key":"Ancient Potion"},{"floor":19,"key":"LiquidBronze"}],"is_trial":false,"path_per_floor":["M","M","?","M","$","R","?","M","T","E","M","$","R","M","R","B",null,"M","M","?","?","$","E"],"character_chosen":"THE_SILENT","items_purchased":["Accuracy","Accuracy","Blade Dance"],"campfire_rested":2,"item_purchase_floors":[5,12,22],"current_hp_per_floor":[63,63,63,63,63,63,63,59,59,37,24,24,45,16,37,3,53,27,7,7,7,7,7,7],"gold":74,"neow_bonus":"THREE_ENEMY_KILL","is_daily":false,"chose_seed":false,"campfire_upgraded":1,"win_rate":0.0,"timestamp":1613318639,"path_taken":["M","M","?","M","$","R","?","M","T","E","?","?","R","M","R","BOSS","M","M","?","?","$","E"],"items_purchased_type":["Card","Card","Card"],"build_version":"2020-12-22","purchased_purges":1,"victory":false,"max_hp_per_floor":[70,70,70,70,70,70,70,70,70,70,70,70,70,70,70,70,70,70,70,70,70,70,70,70],"card_choices":[{"not_picked":["Predator","Dagger Spray"],"picked":"Accuracy","floor":1},{"not_picked":["Tactician","Poisoned Stab"],"picked":"Infinite Blades","floor":2},{"not_picked":["Slice","Backflip","Sucker Punch"],"picked":"SKIP","floor":4},{"not_picked":["Quick Slash","Leg Sweep"],"picked":"Deadly Poison","floor":8},{"not_picked":["Sucker Punch","Deflect","Choke"],"picked":"SKIP","floor":10},{"not_picked":["Doppelganger","Riddle With Holes","Bane"],"picked":"SKIP","floor":11},{"not_picked":["Terror","Backflip"],"picked":"Finisher","floor":14},{"not_picked":["Doppelganger","Bullet Time"],"picked":"Storm of Steel","floor":16},{"not_picked":["Flying Knee+1","Dagger Throw+1","Riddle With Holes+1"],"picked":"SKIP","floor":18},{"not_picked":["Terror+1","Slice","Outmaneuver"],"picked":"SKIP","floor":19}],"player_experience":196028,"relics_obtained":[{"floor":9,"key":"Omamori"},{"floor":10,"key":"Blue Candle"}],"event_choices":[{"cards_removed":["Strike_G"],"damage_healed":0,"gold_gain":0,"player_choice":"Card Removal","damage_taken":0,"max_hp_gain":0,"max_hp_loss":0,"event_name":"The Cleric","floor":3,"gold_loss":50},{"damage_healed":0,"gold_gain":0,"cards_transformed":["Defend_G"],"player_choice":"Transformed","damage_taken":0,"max_hp_gain":0,"max_hp_loss":0,"event_name":"Transmorgrifier","floor":7,"gold_loss":0,"cards_obtained":["Infinite Blades"]},{"damage_healed":0,"gold_gain":0,"player_choice":"Opened","damage_taken":0,"relics_obtained":["CeramicFish"],"max_hp_gain":0,"max_hp_loss":0,"event_name":"The Mausoleum","floor":20,"gold_loss":0},{"damage_healed":0,"gold_gain":0,"player_choice":"Ignored","damage_taken":0,"max_hp_gain":0,"max_hp_loss":0,"event_name":"Ghosts","floor":21,"gold_loss":0}],"is_beta":false,"boss_relics":[{"not_picked":["Ectoplasm","Fusion Hammer"],"picked":"Black Star"}],"items_purged_floors":[22],"is_endless":false,"potions_floor_spawned":[1,4,16,19],"killed_by":"Book of Stabbing","ascension_level":6}}