{"host":"8is2j71l4wmybkoi","time":1613307994,"event":{"mods":["AchievementEnabler","BaseMod","Colored Map","DeckTracker","Minty Spire (QoL Compilation)","Rare Cards Sparkle","Relic Stats","StSLib","SuperFastMode"],"gold_per_floor":[119,133,58,78,78,78,113,129,178,178,198,198,226,240,240,313,313,331,331,9,22,40,40,74,74,74,74,85,118,118,153,153,229,229,240,240,515,531,550,550,550,550],"floor_reached":41,"language":"KOR","playtime":1894,"items_purged":["Strike_B"],"score":851,"play_id":"3f87f1f3-7ba4-437b-b524-af683679b46c","local_time":"20210214220634","is_ascension_mode":true,"campfire_choices":[{"data":"Defragment","floor":6.0,"key":"SMITH"},{"data":"Lockon","floor":10.0,"key":"SMITH"},{"floor":12.0,"key":"REST"},{"data":"Zap","floor":15,"key":"SMITH"},{"floor":23,"key":"REST"},{"data":"Fusion","floor":25,"key":"SMITH"},{"floor":27,"key":"REST"},{"floor":30,"key":"REST"},{"data":"Seek","floor":32,"key":"SMITH"},{"floor":40,"key":"REST"}],"circlet_count":0,"master_deck":["AscendersBane","Strike_B","Strike_B","Defend_B","Defend_B","Defend_B","Zap+1","Dualcast","Defragment+1","Sweeping Beam","Undo","Lockon+1","Melter","Coolheaded","Self Repair+1","Loop+1","Ball Lightning","Reboot","Darkness","Heatsinks+1","Compile Driver","Fusion+1","Defragment+1","Seek+1","Amplify","Creative AI+1"],"relics":["Cracked Core","Toy Ornithopter","Frozen Egg 2","Omamori","Runic Pyramid","Nloth\u0027s Gift","Anchor","Pantograph","Blood Vial","Oddly Smooth Stone","Calling Bell","Orichalcum","Gremlin Horn","FossilizedHelix"],"acts_visited":["Exordium","TheCity","TheBeyond"],"potions_floor_usage":[14,28,29,31],"damage_taken":[{"damage":3.0,"enemies":"2 Louse","floor":1.0,"turns":2.0},{"damage":1.0,"enemies":"Cultist","floor":2.0,"turns":3.0},{"damage":7.0,"enemies":"Jaw Worm","floor":4.0,"turns":3.0},{"damage":34.0,"enemies":"Gremlin Nob","floor":7.0,"turns":4.0},{"damage":8.0,"enemies":"Blue Slaver","floor":8.0,"turns":3.0},{"damage":5.0,"enemies":"Red Slaver","floor":11.0,"turns":3.0},{"damage":32.0,"enemies":"3 Sentries","floor":13.0,"turns":7.0},{"damage":14,"enemies":"Exordium Thugs","floor":14,"turns":4},{"damage":11,"enemies":"Hexaghost","floor":16,"turns":7},{"damage":42,"enemies":"3 Byrds","floor":18,"turns":5},{"damage":0,"enemies":"Chosen","floor":21,"turns":4},{"damage":25,"enemies":"Snecko","floor":22,"turns":6},{"damage":31,"enemies":"Book of Stabbing","floor":24,"turns":4},{"damage":14,"enemies":"Centurion and Healer","floor":28,"turns":5},{"damage":44,"enemies":"Slavers","floor":29,"turns":6},{"damage":35,"enemies":"Gremlin Leader","floor":31,"turns":7},{"damage":34,"enemies":"Automaton","floor":33,"turns":10},{"damage":49,"enemies":"3 Darklings","floor":35,"turns":6},{"damage":14,"enemies":"Orb Walker","floor":38,"turns":5},{"damage":14,"enemies":"Sphere and 2 Shapes","floor":39,"turns":6},{"damage":67,"enemies":"Giant Head","floor":41,"turns":7}],"seed_played":"-3004852442973788900","potions_obtained":[{"floor":1.0,"key":"Ancient Potion"},{"floor":4.0,"key":"Regen Potion"},{"floor":14,"key":"GamblersBrew"},{"floor":24,"key":"Energy Potion"},{"floor":28,"key":"ColorlessPotion"},{"floor":29,"key":"Regen Potion"},{"floor":39,"key":"AttackPotion"}],"is_trial":false,"path_per_floor":["M","M","?","M","?","R","E","M","T","R","M","R","E","M","R","B",null,"M","?","$","M","M","R","E","R","T","R","M","E","R","E","R","B",null,"M","?","?","M","M","R","E"],"character_chosen":"DEFECT","items_purchased":["Heatsinks+1","Anchor","Compile Driver"],"campfire_rested":5,"item_purchase_floors":[20,20,20],"current_hp_per_floor":[61,60,60,53,53,53,36,28,28,28,23,44,22,23,23,22,59,27,27,27,37,22,43,22,22,22,43,44,15,36,33,33,36,62,35,35,35,33,31,52,0,0],"gold":550,"neow_bonus":"RANDOM_COMMON_RELIC","is_daily":false,"chose_seed":false,"campfire_upgraded":5,"win_rate":0.0,"timestamp":1613307994,"path_taken":["M","M","?","M","?","R","E","M","T","R","M","R","E","M","R","BOSS","M","?","$","M","M","R","E","R","T","R","M","E","R","E","R","BOSS","M","?","?","?","M","R","E"],"items_purchased_type":["Card","Relic","Card"],"build_version":"2020-12-22","purchased_purges":1,"victory":false,"max_hp_per_floor":[71,71,71,71,71,71,71,71,71,71,71,71,71,71,71,71,71,71,71,71,71,71,71,71,71,71,71,71,71,71,71,71,71,71,71,71,71,71,71,71,71,71],"relic_stats":{"Blood Vial":12,"Gremlin Horn":[3,4],"counters":[21,105],"Pantograph":25,"Nloth\u0027s Gift":3,"Orichalcum":[54],"obtain_stats":[{"Gremlin Horn":34,"Oddly Smooth Stone":31,"Omamori":13,"Frozen Egg 2":7,"Orichalcum":34,"Blood Vial":29,"Calling Bell":34,"Anchor":20,"Pantograph":24,"Tiny Chest":9,"Nloth\u0027s Gift":19,"Cracked Core":0,"Toy Ornithopter":0,"FossilizedHelix":34,"Runic Pyramid":17},{"Gremlin Horn":17,"Oddly Smooth Stone":16,"Omamori":7,"Frozen Egg 2":4,"Orichalcum":17,"Blood Vial":15,"Calling Bell":17,"Anchor":10,"Pantograph":13,"Tiny Chest":5,"Nloth\u0027s Gift":10,"Cracked Core":0,"Toy Ornithopter":0,"FossilizedHelix":17,"Runic Pyramid":9},{"Gremlin Horn":82,"Oddly Smooth Stone":72,"Omamori":25,"Frozen Egg 2":12,"Orichalcum":82,"Blood Vial":65,"Calling Bell":82,"Anchor":41,"Pantograph":55,"Tiny Chest":15,"Nloth\u0027s Gift":41,"Cracked Core":0,"Toy Ornithopter":0,"FossilizedHelix":82,"Runic Pyramid":36}],"Toy Ornithopter":25},"card_choices":[{"not_picked":["Rip and Tear","Chill"],"picked":"Defragment","floor":1.0},{"not_picked":["Turbo","Gash"],"picked":"Sweeping Beam","floor":2.0},{"not_picked":["Coolheaded","Rebound"],"picked":"Undo","floor":4.0},{"not_picked":["Sunder","Go for the Eyes"],"picked":"Melter","floor":7.0},{"not_picked":["Lockon","Melter"],"picked":"Coolheaded","floor":8.0},{"not_picked":["Sweeping Beam","Consume"],"picked":"Self Repair+1","floor":11.0},{"not_picked":["Rainbow","Go for the Eyes"],"picked":"Loop+1","floor":13.0},{"not_picked":["Leap","Barrage"],"picked":"Ball Lightning","floor":14},{"not_picked":["Meteor Strike","Amplify"],"picked":"Reboot","floor":16},{"not_picked":["Cold Snap","FTL"],"picked":"Darkness","floor":18},{"not_picked":["Lockon","Double Energy"],"picked":"Fusion","floor":21},{"not_picked":["Conserve Battery","Streamline"],"picked":"Defragment+1","floor":22},{"not_picked":["Multi-Cast","Scrape"],"picked":"Seek","floor":24},{"not_picked":["Coolheaded","Redo","Steam Power"],"picked":"SKIP","floor":28},{"not_picked":["Coolheaded","Redo","Steam Power"],"picked":"SKIP","floor":28},{"not_picked":["Coolheaded","Redo","Steam Power"],"picked":"SKIP","floor":28},{"not_picked":["Coolheaded","Redo","Steam Power"],"picked":"SKIP","floor":28},{"not_picked":["Beam Cell","Barrage","Redo"],"picked":"SKIP","floor":29},{"not_picked":["Reboot","Double Energy"],"picked":"Amplify","floor":31},{"not_picked":["Amplify","Biased Cognition+1"],"picked":"Creative AI+1","floor":33},{"not_picked":["Ball Lightning","Streamline+1","Darkness"],"picked":"SKIP","floor":35},{"not_picked":["Ball Lightning","Streamline+1","Darkness"],"picked":"SKIP","floor":35},{"not_picked":["Sunder","Hyperbeam","Streamline"],"picked":"SKIP","floor":38},{"not_picked":["Self Repair+1","Gash","Lockon"],"picked":"SKIP","floor":39}],"player_experience":1206807,"relics_obtained":[{"floor":7.0,"key":"Frozen Egg 2"},{"floor":9.0,"key":"Tiny Chest"},{"floor":13.0,"key":"Omamori"},{"floor":24,"key":"Pantograph"},{"floor":29,"key":"Blood Vial"},{"floor":31,"key":"Oddly Smooth Stone"},{"floor":34,"key":"Orichalcum"},{"floor":34,"key":"Gremlin Horn"},{"floor":34,"key":"FossilizedHelix"}],"event_choices":[{"cards_removed":["Strike_B"],"damage_healed":0.0,"max_hp_gain":0.0,"max_hp_loss":0.0,"gold_gain":0.0,"event_name":"The Cleric","player_choice":"Card Removal","floor":3.0,"gold_loss":75.0,"damage_taken":0.0},{"damage_healed":0.0,"max_hp_gain":0.0,"max_hp_loss":0.0,"gold_gain":0.0,"cards_transformed":["Defend_B"],"event_name":"Transmorgrifier","player_choice":"Transformed","floor":5.0,"gold_loss":0.0,"damage_taken":0.0,"cards_obtained":["Lockon"]},{"damage_healed":0,"gold_gain":0,"player_choice":"Traded Relic","damage_taken":0,"relics_obtained":["Nloth\u0027s Gift"],"max_hp_gain":0,"max_hp_loss":0,"event_name":"N\u0027loth","floor":19,"relics_lost":["Tiny Chest"],"gold_loss":0},{"damage_healed":0,"gold_gain":0,"player_choice":"Ignored","damage_taken":0,"max_hp_gain":0,"max_hp_loss":0,"event_name":"Mysterious Sphere","floor":36,"gold_loss":0},{"damage_healed":0,"gold_gain":275,"player_choice":"Desecrate","damage_taken":0,"max_hp_gain":0,"max_hp_loss":0,"event_name":"Golden Shrine","floor":37,"gold_loss":0,"cards_obtained":["Regret"]}],"is_beta":false,"boss_relics":[{"not_picked":["SacredBark","Runic Dome"],"picked":"Runic Pyramid"},{"not_picked":["Philosopher\u0027s Stone","Empty Cage"],"picked":"Calling Bell"}],"items_purged_floors":[20],"is_endless":false,"potions_floor_spawned":[1,4,14,24,28,29,39],"killed_by":"Giant Head","ascension_level":15}}