{"host":"hpn0uxah5qjr7pa6","time":1613265951,"event":{"mods":["2.2 Compatiblity","Act Like it!","Aspiration","BaseMod","Better Third Choice","BetterRewards","Challenge The Spire","Colored Powertips","Conspire","DeckTracker","Downfall","Energized Spire","Hallownest","Hermit","Highlight Path","Hubris","Infinite Spire","Minty Spire (QoL Compilation)","Permanent Neow","Quick Restart","Rare Cards Sparkle","Replay The Spire","Spicy Shops","StSLib","The Bug Knight","The Jungle"],"gold_per_floor":[115,134,59,59,71,71,71,97,97,125,135,135,29,39,39,134,134,152,152,169,182,182,182,212,212,212,238,252,252,252,252],"floor_reached":29,"language":"ENG","playtime":1165,"items_purged":["bronze:Goto"],"score":396,"play_id":"52d6d94b-f2fd-4a7b-a8ee-419303fe00dc","local_time":"20210213172551","is_ascension_mode":true,"campfire_choices":[{"floor":6,"key":"REST"},{"floor":12,"key":"REST"},{"floor":15,"key":"REST"},{"floor":23,"key":"REST"}],"circlet_count":0,"master_deck":["bronze:Strike+1","bronze:Strike","bronze:Strike","bronze:Strike","bronze:Defend","bronze:Defend","bronze:Defend","bronze:Defend","bronze:Replicate","bronze:Flail","bronze:DelayedSlice","bronze:DigitalCarnage","bronze:BronzeOrb","bronze:FollowUp+1","bronze:DelayedSlice","bronze:InfiniteLoop+1","bronze:OilSpill+1","bronze:ChosenStrike"],"relics":["bronze:BronzeCore","CultistMask","Golden Egg","infinitespire:WardingShard","Replay:Bottled Steam","Snecko Heart","Nunchaku","conspire:Dentures","hubris:CrystalStatue","HollowMod:PaleOreRelic"],"acts_visited":["Exordium","TheCity"],"potions_floor_usage":[16,16,21],"damage_taken":[{"damage":0,"enemies":"Cultist","floor":1,"turns":3},{"damage":0,"enemies":"2 Louse","floor":2,"turns":2},{"damage":7,"enemies":"Small Slimes","floor":5,"turns":3},{"damage":15,"enemies":"3 Sentries","floor":8,"turns":4},{"damage":22,"enemies":"Lagavulin","floor":10,"turns":5},{"damage":0,"enemies":"2 Fungi Beasts","floor":11,"turns":2},{"damage":0,"enemies":"Blue Slaver","floor":14,"turns":2},{"damage":36,"enemies":"Slime Boss","floor":16,"turns":7},{"damage":0,"enemies":"2 Thieves","floor":18,"turns":3},{"damage":0,"enemies":"3 Byrds","floor":20,"turns":3},{"damage":12,"enemies":"Centurion and Healer","floor":21,"turns":3},{"damage":7,"enemies":"Gremlin Leader","floor":24,"turns":5},{"damage":24,"enemies":"Nightmare","floor":27,"turns":5},{"damage":32,"enemies":"Snake Plant","floor":28,"turns":4},{"damage":14,"enemies":"Slavers","floor":29,"turns":1}],"seed_played":"-2270596030404720020","potions_obtained":[{"floor":2,"key":"Milkshake"},{"floor":5,"key":"Strength Potion"},{"floor":11,"key":"Elixir"},{"floor":18,"key":"champ:CounterPotion"},{"floor":27,"key":"Strength Potion"}],"is_trial":false,"path_per_floor":["M","M","$","?","M","R","$","E","T","E","M","R","$","M","R","B",null,"M","$","M","M","?","R","E","AVR","T","NM","M","E"],"character_chosen":"THE_AUTOMATON","items_purchased":["bronze:FollowUp"],"campfire_rested":4,"item_purchase_floors":[13],"current_hp_per_floor":[63,63,63,63,56,70,70,55,55,33,33,54,54,54,70,34,61,61,61,61,49,43,64,57,57,57,33,1,0,0,0],"gold":252,"neow_bonus":"RANDOM_EVENT","is_daily":false,"chose_seed":false,"campfire_upgraded":0,"win_rate":0.0,"timestamp":1613265951,"path_taken":["M","M","$","?","M","R","$","E","T","E","?","R","$","M","R","BOSS","M","$","M","M","?","R","E","AVR","T","NM","M","E"],"items_purchased_type":["Card"],"build_version":"2020-12-22","purchased_purges":1,"victory":false,"max_hp_per_floor":[70,70,70,70,70,70,70,70,70,70,70,70,70,70,70,70,70,70,70,70,70,70,70,70,70,70,70,70,70,70,70],"card_choices":[{"not_picked":["bronze:Iterate","bronze:Deprecate"],"picked":"bronze:Flail","floor":1},{"not_picked":["bronze:NullPointer","bronze:CutThrough","bronze:Frontload"],"picked":"SKIP","floor":2},{"not_picked":["bronze:Repulsor","bronze:FineTuning"],"picked":"bronze:DelayedSlice","floor":5},{"not_picked":["bronze:BuggyMess","bronze:MaxOutput"],"picked":"bronze:DigitalCarnage","floor":8},{"not_picked":["bronze:OilSpill","bronze:Branch"],"picked":"bronze:BronzeOrb","floor":10},{"not_picked":["bronze:NullPointer","bronze:Constructor","bronze:BronzeArmor"],"picked":"SKIP","floor":11},{"not_picked":["bronze:Invalidate","bronze:InfiniteBeams"],"picked":"bronze:DelayedSlice","floor":14},{"not_picked":["bronze:HyperBeam","bronze:Hardcode"],"picked":"bronze:InfiniteLoop","floor":16},{"not_picked":["bronze:CutThrough","bronze:Allocate+1","bronze:Repulsor"],"picked":"SKIP","floor":18},{"not_picked":["bronze:Backtrace","bronze:BitShift","bronze:Shield"],"picked":"SKIP","floor":20},{"not_picked":["bronze:Turbo+1","bronze:Deprecate","bronze:ItsAFeature"],"picked":"SKIP","floor":21},{"not_picked":["bronze:Philosophize","bronze:Separator"],"picked":"bronze:OilSpill+1","floor":24},{"not_picked":["bronze:DelayedGuard","bronze:WildBeam"],"picked":"bronze:ChosenStrike","floor":27},{"not_picked":["bronze:Break","bronze:Shield","bronze:Separator"],"picked":"SKIP","floor":28}],"player_experience":239390,"relics_obtained":[{"floor":8,"key":"Golden Egg"},{"floor":9,"key":"infinitespire:WardingShard"},{"floor":10,"key":"Replay:Bottled Steam"},{"floor":24,"key":"Nunchaku"},{"floor":26,"key":"hubris:CrystalStatue"},{"floor":27,"key":"HollowMod:PaleOreRelic"}],"event_choices":[{"damage_healed":0,"gold_gain":0,"player_choice":"Trade","damage_taken":0,"relics_obtained":["CultistMask"],"max_hp_gain":0,"max_hp_loss":0,"event_name":"FaceTrader","floor":4,"gold_loss":0},{"damage_healed":0,"gold_gain":0,"player_choice":"","damage_taken":6,"max_hp_gain":0,"max_hp_loss":0,"event_name":"Knowing Skull","floor":22,"potions_obtained":[],"gold_loss":0,"cards_obtained":[]}],"is_beta":false,"boss_relics":[{"not_picked":["Snecko Eye","hubris:Stopwatch"],"picked":"Snecko Heart"}],"items_purged_floors":[3],"is_endless":false,"potions_floor_spawned":[2,5,11,14,18,27],"killed_by":"Slavers","ascension_level":9}}