{"host":"627up2rvtmm0cf0r","time":1613290662,"event":{"mods":["ATMod(°¢èªMod)","Act Like it!","BaseMod","Better Vampires","Bossed Relics","CapriCore","Card Filter","Card Forge","Colored Powertips","DeckTracker","Dota2Spire","Downfall","Energized Spire","Friendly Minions","Highlight Path","Infinite Spire","Jedi Mod","Minty Spire (QoL Compilation)","MostiFishMod","Permanent Neow","Practice Mode","Quick Restart","Relic Stats","Reliquary","Shop Mod","Spicy Shops","StSLib","SuperFastMode","TestMod","¡¾ÒÅÎï¿¨ÅÆ¡¿REMEMod","óô»ðÖ¸ÄÏ"],"gold_per_floor":[124,149,166,54,74,110,128,128,128,528,568,568,585,608,608,716,716,735,753,753,776,776,818,818,843,843,873,614,656,675,701,701,819,819,844,902,902,902,928,990,1039,1096,1096,1143,1164,944,963,17,17,47,47,47,47,105,147],"floor_reached":56,"language":"ZHS","playtime":2408,"items_purged":["Strike_G","Strike_G","Strike_G","Strike_G","Survivor","Defend_G","Defend_G"],"score":2318,"play_id":"e81e0ed2-c201-4c46-8915-7c091b060e73","local_time":"20210214161742","is_ascension_mode":true,"campfire_choices":[{"data":"Discovery","floor":8,"key":"SMITH"},{"data":"Acrobatics","floor":12,"key":"SMITH"},{"data":"MostiFishMod:AdrenalineArouse","floor":15,"key":"SMITH"},{"data":"AT_FocusSwordFire","floor":32,"key":"SMITH"},{"data":"Distraction","floor":38,"key":"SMITH"},{"floor":49,"key":"RECALL"},{"data":"REME_ProfessionalPlagiarism","floor":52,"key":"SMITH"}],"circlet_count":0,"master_deck":["Defend_G","Defend_G","Defend_G","Discovery+1","AT_ShadowStep","DeusExMachina","Crippling Poison","Choke","MostiFishMod:AdrenalineArouse+1","MostiFishMod:Neurotoxin","CurseOfTheBell","infinitespire:Collect","Backstab","REME_ProfessionalPlagiarism+1"],"relics":["Ring of the Snake","Hammer of Thor","Seething Fire","Anvil of the Gods","DaveBox","testmod-TestBox","REME_ComplimentaryCards","testmod-DeterminationOfClimber","HaiYi:Twilight","SynthV:TestCard","reliquary:HotPoker","reliquary:TuningFork","AT_DeathDance","reliquary:TridentHead","Calling Bell","jedi:arcanewood","The Courier","SentryEyes","Dota2Spire:Desolator","Orichalcum","sneckomod:BlankCard","Unceasing Top","Runic Dome","testmod-InjuryResistance","jedi:shrinkray","Dota2Spire:Butterfly","reliquary:Firecrackers","Gremlin Horn","reliquary:FeatherDuster","TheAbacus","Dota2Spire:ArcaneBoots","infinitespire:PuzzleCube"],"acts_visited":["Exordium","TheCity","TheBeyond","TheEnding"],"potions_floor_usage":[55],"damage_taken":[{"damage":0,"enemies":"Cultist","floor":1,"turns":3},{"damage":0,"enemies":"2 Louse","floor":2,"turns":2},{"damage":0,"enemies":"Jaw Worm","floor":3,"turns":3},{"damage":2,"enemies":"2 Fungi Beasts","floor":5,"turns":3},{"damage":0,"enemies":"Gremlin Nob","floor":6,"turns":1},{"damage":4,"enemies":"Exordium Thugs","floor":7,"turns":2},{"damage":0,"enemies":"3 Sentries","floor":11,"turns":1},{"damage":0,"enemies":"3 Louse","floor":13,"turns":2},{"damage":0,"enemies":"Lots of Slimes","floor":14,"turns":1},{"damage":0,"enemies":"Slime Boss","floor":16,"turns":2},{"damage":0,"enemies":"Spheric Guardian","floor":18,"turns":2},{"damage":0,"enemies":"3 Byrds","floor":19,"turns":1},{"damage":0,"enemies":"3 Cultists","floor":21,"turns":1},{"damage":0,"enemies":"Gremlin Leader","floor":23,"turns":1},{"damage":0,"enemies":"Snecko","floor":25,"turns":1},{"damage":0,"enemies":"Snake Plant","floor":27,"turns":1},{"damage":0,"enemies":"Book of Stabbing","floor":29,"turns":1},{"damage":0,"enemies":"3 Cultists","floor":30,"turns":1},{"damage":0,"enemies":"Centurion and Healer","floor":31,"turns":1},{"damage":0,"enemies":"Champ","floor":33,"turns":1},{"damage":0,"enemies":"3 Shapes","floor":35,"turns":1},{"damage":0,"enemies":"2 Orb Walkers","floor":36,"turns":1},{"damage":0,"enemies":"Orb Walker","floor":39,"turns":1},{"damage":0,"enemies":"Giant Head","floor":40,"turns":1},{"damage":0,"enemies":"Transient","floor":41,"turns":1},{"damage":0,"enemies":"Nightmare","floor":42,"turns":1},{"damage":0,"enemies":"Reptomancer","floor":44,"turns":1},{"damage":0,"enemies":"Sphere and 2 Shapes","floor":45,"turns":1},{"damage":0,"enemies":"Jaw Worm Horde","floor":47,"turns":1},{"damage":0,"enemies":"infinitespire:MassOfShapes","floor":50,"turns":1},{"damage":0,"enemies":"Shield and Spear","floor":54,"turns":1},{"damage":7,"enemies":"The Heart","floor":55,"turns":3}],"seed_played":"-8577217980167045744","potions_obtained":[{"floor":6,"key":"bronze:BurnAndBuffPotion"},{"floor":7,"key":"Dexterity Potion"},{"floor":13,"key":"bronze:BurnAndBuffPotion"},{"floor":19,"key":"ColorlessPotion"},{"floor":35,"key":"FearPotion"}],"is_trial":false,"path_per_floor":["M","M","M","?","M","E","M","R","T","?","E","R","M","M","R","B",null,"M","M","AVR","M","?","E","?","M","T","M","$","E","M","M","R","B",null,"M","?","?","R","M","E","M","NM","T","E","M","$","M","$","R","B",null,"R","$","E","B",null],"character_chosen":"THE_SILENT","items_purchased":["sneckomod:BlankCard","reliquary:FeatherDuster","REME_ProfessionalPlagiarism","TheAbacus","Dota2Spire:ArcaneBoots"],"campfire_rested":0,"item_purchase_floors":[28,48,48,48,48],"current_hp_per_floor":[68,70,70,70,70,70,70,70,70,70,70,70,70,70,70,70,70,70,70,70,70,70,70,70,70,70,70,70,70,70,70,70,70,70,70,70,70,70,70,70,70,70,70,70,70,70,70,70,70,70,70,70,70,70,70],"gold":147,"neow_bonus":"RANDOM_COLORLESS","is_daily":false,"chose_seed":false,"campfire_upgraded":6,"win_rate":0.0,"timestamp":1613290662,"path_taken":["M","M","M","?","M","E","?","R","T","?","E","R","M","M","R","BOSS","M","M","AVR","M","?","E","?","?","T","M","$","E","M","M","R","BOSS","M","?","?","?","M","E","?","NM","T","E","M","?","M","$","R","BOSS","R","$","E","BOSS"],"items_purchased_type":["Relic","Relic","Card","Relic","Relic"],"build_version":"2020-12-22","purchased_purges":7,"victory":true,"max_hp_per_floor":[70,70,70,70,70,70,70,70,70,70,70,70,70,70,70,70,70,70,70,70,70,70,70,70,70,70,70,70,70,70,70,70,70,70,70,70,70,70,70,70,70,70,70,70,70,70,70,70,70,70,70,70,70,70,70],"relic_stats":{"TheAbacus":[426],"Gremlin Horn":[7,6],"counters":[32,44],"Orichalcum":[0],"obtain_stats":[{"reliquary:FeatherDuster":48,"AT_ATBox":0,"DaveBox":0,"Gremlin Horn":44,"sneckomod:BlankCard":28,"reliquary:Firecrackers":43,"Hammer of Thor":0,"jedi:shrinkray":40,"reliquary:TridentHead":11,"reliquary:HotPoker":4,"testmod-InjuryResistance":36,"TheAbacus":48,"testmod-DeterminationOfClimber":0,"Dota2Spire:ArcaneBoots":48,"Ring of the Snake":0,"testmod-TestBox":0,"The Courier":17,"Seething Fire":0,"Orichalcum":23,"Calling Bell":17,"Runic Dome":34,"SynthV:TestCard":1,"Dota2Spire:Butterfly":42,"HaiYi:Twilight":0,"Anvil of the Gods":0,"SentryEyes":17,"reliquary:TuningFork":6,"AT_DeathDance":9,"jedi:arcanewood":17,"Unceasing Top":29,"infinitespire:PuzzleCube":54,"REME_ComplimentaryCards":0,"Dota2Spire:Desolator":20},{"reliquary:FeatherDuster":29,"AT_ATBox":0,"DaveBox":0,"Gremlin Horn":27,"sneckomod:BlankCard":16,"reliquary:Firecrackers":26,"Hammer of Thor":0,"jedi:shrinkray":24,"reliquary:TridentHead":7,"reliquary:HotPoker":3,"testmod-InjuryResistance":22,"TheAbacus":29,"testmod-DeterminationOfClimber":0,"Dota2Spire:ArcaneBoots":29,"Ring of the Snake":0,"testmod-TestBox":0,"The Courier":10,"Seething Fire":0,"Orichalcum":14,"Calling Bell":10,"Runic Dome":20,"SynthV:TestCard":1,"Dota2Spire:Butterfly":26,"HaiYi:Twilight":0,"Anvil of the Gods":0,"SentryEyes":10,"reliquary:TuningFork":5,"AT_DeathDance":6,"jedi:arcanewood":10,"Unceasing Top":17,"infinitespire:PuzzleCube":31,"REME_ComplimentaryCards":0,"Dota2Spire:Desolator":12},{"reliquary:FeatherDuster":40,"AT_ATBox":0,"DaveBox":0,"Gremlin Horn":38,"sneckomod:BlankCard":27,"reliquary:Firecrackers":37,"Hammer of Thor":0,"jedi:shrinkray":35,"reliquary:TridentHead":15,"reliquary:HotPoker":8,"testmod-InjuryResistance":33,"TheAbacus":40,"testmod-DeterminationOfClimber":0,"Dota2Spire:ArcaneBoots":40,"Ring of the Snake":0,"testmod-TestBox":0,"The Courier":20,"Seething Fire":0,"Orichalcum":25,"Calling Bell":20,"Runic Dome":31,"SynthV:TestCard":3,"Dota2Spire:Butterfly":37,"HaiYi:Twilight":0,"Anvil of the Gods":0,"SentryEyes":20,"reliquary:TuningFork":12,"AT_DeathDance":14,"jedi:arcanewood":20,"Unceasing Top":28,"infinitespire:PuzzleCube":42,"REME_ComplimentaryCards":0,"Dota2Spire:Desolator":23}],"Unceasing Top":[0],"Ring of the Snake":[68]},"card_choices":[{"not_picked":["Dark Shackles","AT_Homeward"],"picked":"Discovery","floor":0},{"not_picked":["Bane","Poisoned Stab","Bouncing Flask"],"picked":"SKIP","floor":1},{"not_picked":["Prepared","Acrobatics","MostiFishMod:PerfectParry","Blade Dance","Underhanded Strike"],"picked":"SKIP","floor":2},{"not_picked":["MostiFishMod:PerfectParry","MostiFishMod:ThornCasing","Deadly Poison","Prepared"],"picked":"Crippling Poison","floor":3},{"not_picked":["MostiFishMod:Opportunism","Slice","Deflect","Blade Dance"],"picked":"Choke","floor":5},{"not_picked":["Bane","Cloak And Dagger","Reflex","Noxious Fumes","Flying Knee"],"picked":"SKIP","floor":6},{"not_picked":["AT_KneejerkReflex","jedi:acidrain","Accuracy","Bane","Acrobatics"],"picked":"SKIP","floor":7},{"not_picked":["AT_KneejerkReflex","jedi:acidrain","Accuracy","Bane"],"picked":"Acrobatics","floor":7},{"not_picked":["MostiFishMod:VineMother","Dagger Throw","Quick Slash","MostiFishMod:PerfectParry","Noxious Fumes"],"picked":"SKIP","floor":11},{"not_picked":["Predator","AT_FocusSwordFire","Dagger Spray","Quick Slash"],"picked":"MostiFishMod:AdrenalineArouse","floor":13},{"not_picked":["Noxious Fumes","Dodge and Roll","Blur","Deadly Poison"],"picked":"AT_FocusSwordFire","floor":14},{"not_picked":["MostiFishMod:HiddenBlade","After Image","Doppelganger","MostiFishMod:Opportunism"],"picked":"MostiFishMod:Neurotoxin","floor":16},{"not_picked":["AT_TinkerSharpsword+1","Outmaneuver+1","REME_ShadowStrike","Quick Slash","Dash"],"picked":"SKIP","floor":18},{"not_picked":["jedi:acidrain+1","Quick Slash+1","Cloak And Dagger+1","Well Laid Plans","MostiFishMod:PerfectParry"],"picked":"SKIP","floor":19},{"not_picked":["Sucker Punch+1","Underhanded Strike","Heel Hook","MostiFishMod:PreservedThorns","Quick Slash"],"picked":"SKIP","floor":21},{"not_picked":["Leg Sweep","PiercingWail","Die Die Die","Deadly Poison","Prepared"],"picked":"SKIP","floor":23},{"not_picked":["Deflect","Dash","AT_WomanClash+1","MostiFishMod:VineMother+1","MostiFishMod:PerfectParry+1"],"picked":"SKIP","floor":25},{"not_picked":["AT_ArcaneSupremacy","AT_TwilightShroud+1","Choke+1","jedi:pocketpoison","All Out Attack"],"picked":"SKIP","floor":27},{"not_picked":["Dodge and Roll","jedi:poisonivy","Setup+1","Poisoned Stab","Sucker Punch"],"picked":"SKIP","floor":29},{"not_picked":["Quick Slash+1","Deflect+1","AT_Desolate+1","Prepared+1","MostiFishMod:PerfectParry"],"picked":"SKIP","floor":30},{"not_picked":["MostiFishMod:PoisonShield","Quick Slash","Bane+1","Cloak And Dagger+1","Dagger Throw"],"picked":"SKIP","floor":31},{"not_picked":["Unload","Tools of the Trade","MostiFishMod:LethalBlade","MostiFishMod:HiddenBlade"],"picked":"MostiFishMod:FullyArmed","floor":33},{"not_picked":["Quick Slash","PiercingWail","Flying Knee","Dodge and Roll","Cloak And Dagger"],"picked":"SKIP","floor":35},{"not_picked":["Finisher","Cloak And Dagger","Poisoned Stab","MostiFishMod:PerfectParry+1"],"picked":"Backstab","floor":39},{"not_picked":["Doppelganger","Well Laid Plans","AT_TwilightShroud","Sucker Punch+1","Noxious Fumes"],"picked":"SKIP","floor":40},{"not_picked":["Deadly Poison","Quick Slash","Sucker Punch+1","Blur","Riddle With Holes"],"picked":"SKIP","floor":41},{"not_picked":["Expertise+1","Dodge and Roll","Choke+1","PiercingWail"],"picked":"Cloak And Dagger","floor":42},{"not_picked":["Well Laid Plans","Caltrops","Riddle With Holes","Bouncing Flask","jedi:rejectivetoxin"],"picked":"SKIP","floor":44},{"not_picked":["jedi:pocketpoison+1","AT_ShadowStep","Dodge and Roll","Backflip+1","Terror"],"picked":"SKIP","floor":45},{"not_picked":["MostiFishMod:PerfectParry","Sucker Punch","Quick Slash","MostiFishMod:HiddenBlade","Flying Knee+1"],"picked":"SKIP","floor":47},{"not_picked":["Flying Knee","AT_MyraUnstableElement","jedi:acidrain+1","AT_ShadowStep","Dagger Spray+1"],"picked":"SKIP","floor":54}],"player_experience":161991,"relics_obtained":[{"floor":1,"key":"SynthV:TestCard"},{"floor":6,"key":"reliquary:TuningFork"},{"floor":9,"key":"AT_DeathDance"},{"floor":11,"key":"reliquary:TridentHead"},{"floor":17,"key":"jedi:arcanewood"},{"floor":17,"key":"The Courier"},{"floor":17,"key":"SentryEyes"},{"floor":23,"key":"Orichalcum"},{"floor":29,"key":"Unceasing Top"},{"floor":36,"key":"testmod-InjuryResistance"},{"floor":40,"key":"jedi:shrinkray"},{"floor":42,"key":"Dota2Spire:Butterfly"},{"floor":43,"key":"reliquary:Firecrackers"},{"floor":44,"key":"Gremlin Horn"},{"floor":54,"key":"infinitespire:PuzzleCube"}],"event_choices":[{"damage_healed":0,"gold_gain":0,"player_choice":"Paid Gold","damage_taken":0,"relics_obtained":["reliquary:HotPoker"],"max_hp_gain":0,"max_hp_loss":0,"event_name":"WeMeetAgain","floor":4,"gold_loss":112},{"damage_healed":0,"gold_gain":400,"player_choice":"Sell","damage_taken":0,"max_hp_gain":0,"max_hp_loss":0,"event_name":"¶÷ÂåË¹µÄÅÌ×Ó","floor":10,"relics_lost":["AT_ATBox"],"gold_loss":0},{"damage_healed":0,"gold_gain":0,"player_choice":"Bought 0 Potions","damage_taken":0,"max_hp_gain":0,"max_hp_loss":0,"event_name":"The Woman in Blue","floor":24,"gold_loss":0},{"damage_healed":0,"gold_gain":0,"player_choice":"Fight","damage_taken":0,"max_hp_gain":0,"max_hp_loss":0,"event_name":"Mysterious Sphere","floor":36,"gold_loss":0},{"damage_healed":0,"gold_gain":0,"cards_transformed":["Strike_G"],"player_choice":"Transformed","damage_taken":0,"max_hp_gain":0,"max_hp_loss":0,"event_name":"Transmorgrifier","floor":37,"gold_loss":0,"cards_obtained":["Distraction"]}],"is_beta":false,"boss_relics":[{"not_picked":["GuanYuAspect","testmod-DreamHouse"],"picked":"Calling Bell"},{"not_picked":["HereWithMe","Velvet Choker"],"picked":"Runic Dome"}],"items_purged_floors":[20,28,28,46,46,48,48],"is_endless":false,"potions_floor_spawned":[6,7,13,19,25,29,31,33,35,40,42,44,45],"ascension_level":6}}