{"host":"prxrhpgaxnj4om9r","time":1613313323,"event":{"mods":["AchievementEnabler","BaseMod","Colored Map","DeckTracker","Minty Spire (QoL Compilation)"],"gold_per_floor":[109,284,299,399,415,443,461,461,512,512,512,512],"floor_reached":11,"language":"KOR","playtime":418,"items_purged":[],"score":88,"play_id":"55c4e29b-4b9e-4003-8bbf-c4343cc6821d","local_time":"20210214233523","is_ascension_mode":true,"campfire_choices":[{"data":"Searing Blow","floor":8,"key":"SMITH"}],"circlet_count":0,"master_deck":["Strike_R","Strike_R","Strike_R","Strike_R","Defend_R","Defend_R+1","Defend_R+1","Defend_R","Bash","Searing Blow+1","Doubt","Cleave","Feed","Entrench","Barricade"],"relics":["Burning Blood","Singing Bowl","War Paint"],"acts_visited":["Exordium"],"potions_floor_usage":[1,7,8,11],"damage_taken":[{"damage":0,"enemies":"Cultist","floor":1,"turns":2},{"damage":12,"enemies":"Jaw Worm","floor":3,"turns":3},{"damage":0,"enemies":"2 Louse","floor":5,"turns":2},{"damage":41,"enemies":"Gremlin Nob","floor":6,"turns":5},{"damage":16,"enemies":"Looter","floor":7,"turns":5},{"damage":88,"enemies":"Lagavulin","floor":11,"turns":10}],"seed_played":"-3969482829914950192","potions_obtained":[{"floor":0,"key":"BloodPotion"},{"floor":0,"key":"SteroidPotion"},{"floor":0,"key":"SpeedPotion"},{"floor":6,"key":"SkillPotion"},{"floor":7,"key":"FairyPotion"}],"is_trial":false,"path_per_floor":["M","?","M","?","M","E","M","R","T","?","E"],"character_chosen":"IRONCLAD","items_purchased":[],"campfire_rested":0,"item_purchase_floors":[],"current_hp_per_floor":[80,80,74,74,80,45,37,53,53,53,0,0],"gold":512,"neow_bonus":"THREE_SMALL_POTIONS","is_daily":false,"chose_seed":false,"campfire_upgraded":1,"win_rate":0.0,"timestamp":1613313323,"path_taken":["M","?","M","?","?","E","M","R","T","?","E"],"items_purchased_type":[],"build_version":"2020-12-22","purchased_purges":0,"victory":false,"max_hp_per_floor":[80,80,80,80,80,80,82,82,82,82,82,82],"card_choices":[{"not_picked":["Rampage","Heavy Blade"],"picked":"Searing Blow","floor":1},{"not_picked":["Reckless Charge","Warcry"],"picked":"Cleave","floor":3},{"not_picked":["Warcry","True Grit"],"picked":"Feed","floor":5},{"not_picked":["Uppercut","Bloodletting"],"picked":"Entrench","floor":6},{"not_picked":["Sword Boomerang","Dual Wield","Havoc"],"picked":"Singing Bowl","floor":7}],"player_experience":456410,"relics_obtained":[{"floor":6,"key":"Singing Bowl"},{"floor":9,"key":"War Paint"}],"event_choices":[{"damage_healed":0,"gold_gain":175,"player_choice":"AGREE","damage_taken":0,"max_hp_gain":0,"max_hp_loss":0,"event_name":"Liars Game","floor":2,"gold_loss":0,"cards_obtained":["Doubt"]},{"damage_healed":0,"gold_gain":100,"player_choice":"Gold","damage_taken":0,"max_hp_gain":0,"max_hp_loss":0,"event_name":"Wheel of Change","floor":4,"gold_loss":0},{"damage_healed":0,"gold_gain":0,"cards_transformed":["Strike_R"],"player_choice":"Change","damage_taken":0,"max_hp_gain":0,"max_hp_loss":0,"event_name":"Living Wall","floor":10,"gold_loss":0,"cards_obtained":["Barricade"]}],"is_beta":false,"boss_relics":[],"items_purged_floors":[],"is_endless":false,"potions_floor_spawned":[6,7],"killed_by":"Lagavulin","ascension_level":4}}