{"host":"ve9aztkoyqeblvav","time":1613283854,"event":{"mods":["Act Like it!","Aspiration","BaseMod","Colored Map","Colored Powertips","Highlight Path","Minty Spire (QoL Compilation)","Pale of the Ancients","Quick Restart","Reorder Act Four","StSLib","The Hierophant","Waifu the Spire"],"gold_per_floor":[115,115,135,135,135,135,145,42,42,73,84,97,97,128,128,205,205,215,230,130,150,169,198,198,229,254,279,296,296,313,345,345,416,416,426,426,143,155,204,231,231,265,265,276,276,306,306,321,321,321,321,321,88,88,114,114],"floor_reached":57,"language":"ZHS","playtime":2051,"items_purged":["Strike_P","Strike_P","Strike_P+1","Strike_P+1"],"score":3210,"play_id":"0223bbf2-9009-4d03-b817-b3f6886f77f9","local_time":"20210214142414","is_ascension_mode":true,"campfire_choices":[{"data":"Eruption","floor":6.0,"key":"SMITH"},{"data":"CrushJoints","floor":13.0,"key":"SMITH"},{"data":"BowlingBash","floor":15.0,"key":"SMITH"},{"floor":24.0,"key":"RECALL"},{"floor":29.0,"key":"REST"},{"data":"ClearTheMind","floor":32.0,"key":"SMITH"},{"floor":41.0,"key":"REST"},{"floor":45.0,"key":"REST"},{"data":"Tantrum","floor":47.0,"key":"SMITH"},{"data":"TalkToTheHand","floor":49.0,"key":"SMITH"},{"floor":54.0,"key":"REST"}],"circlet_count":0,"master_deck":["AscendersBane","Defend_P+1","Defend_P+1","Defend_P+1","Eruption+1","Vigilance+1","BowlingBash+1","ClearTheMind+1","CrushJoints+1","DeusExMachina+1","FlurryOfBlows+1","LessonLearned+1","CarveReality+1","Wireheading+1","Crescendo+1","Ragnarok+1","Tantrum+1","TalkToTheHand+1","FollowUp"],"relics":["PureWater","aspiration:Nostalgia","Ring of the Snake","FossilizedHelix","Calipers","Juzu Bracelet","Lantern","aspiration:RitualDagger","Question Card","PreservedInsect","Bag of Preparation","Whetstone","Pen Nib","aspiration:PoetsPen_weak","Melange","Letter Opener","Centennial Puzzle","Toxic Egg 2","Mercury Hourglass","Anchor"],"acts_visited":["Exordium","TheCity","TheBeyond","TheEnding"],"potions_floor_usage":[56],"damage_taken":[{"damage":0.0,"enemies":"2 Louse","floor":1.0,"turns":4.0},{"damage":0.0,"enemies":"Cultist","floor":3.0,"turns":2.0},{"damage":0.0,"enemies":"Jaw Worm","floor":7.0,"turns":2.0},{"damage":0.0,"enemies":"Lagavulin","floor":10.0,"turns":5.0},{"damage":5.0,"enemies":"Lots of Slimes","floor":11.0,"turns":5.0},{"damage":0.0,"enemies":"2 Fungi Beasts","floor":12.0,"turns":2.0},{"damage":0.0,"enemies":"3 Sentries","floor":14.0,"turns":3.0},{"damage":21.0,"enemies":"The Guardian","floor":16.0,"turns":12.0},{"damage":23.0,"enemies":"Spheric Guardian","floor":18.0,"turns":3.0},{"damage":25.0,"enemies":"Chosen","floor":19.0,"turns":5.0},{"damage":45.0,"enemies":"Snecko","floor":21.0,"turns":4.0},{"damage":16.0,"enemies":"3 Cultists","floor":22.0,"turns":4.0},{"damage":3.0,"enemies":"Gremlin Leader","floor":23.0,"turns":2.0},{"damage":53.0,"enemies":"Slavers","floor":25.0,"turns":4.0},{"damage":22.0,"enemies":"Book of Stabbing","floor":27.0,"turns":2.0},{"damage":3.0,"enemies":"Snake Plant","floor":28.0,"turns":2.0},{"damage":11.0,"enemies":"Snecko","floor":30.0,"turns":3.0},{"damage":9.0,"enemies":"Slavers","floor":31.0,"turns":4.0},{"damage":62.0,"enemies":"Champ","floor":33.0,"turns":8.0},{"damage":3.0,"enemies":"3 Darklings","floor":35.0,"turns":2.0},{"damage":0.0,"enemies":"3 Shapes","floor":38.0,"turns":1.0},{"damage":6.0,"enemies":"Reptomancer","floor":40.0,"turns":3.0},{"damage":12.0,"enemies":"Nemesis","floor":42.0,"turns":3.0},{"damage":3.0,"enemies":"Jaw Worm Horde","floor":44.0,"turns":2.0},{"damage":17.0,"enemies":"Giant Head","floor":46.0,"turns":2.0},{"damage":9.0,"enemies":"Transient","floor":48.0,"turns":4.0},{"damage":30.0,"enemies":"Donu and Deca","floor":50.0,"turns":3.0},{"damage":52.0,"enemies":"Time Eater","floor":51.0,"turns":3.0},{"damage":3.0,"enemies":"Shield and Spear","floor":55.0,"turns":2.0},{"damage":81,"enemies":"The Heart","floor":56,"turns":6}],"seed_played":"1089840623858912300","potions_obtained":[{"floor":5.0,"key":"FearPotion"},{"floor":5.0,"key":"Swift Potion"},{"floor":22.0,"key":"SpeedPotion"},{"floor":25.0,"key":"Ambrosia"},{"floor":30.0,"key":"SmokeBomb"},{"floor":35.0,"key":"SkillPotion"},{"floor":38.0,"key":"GamblersBrew"},{"floor":48.0,"key":"FairyPotion"}],"is_trial":false,"path_per_floor":["M","?","M","?","?","R","M","$","T","E","M","M","R","E","R","B",null,"M","M","$","M","M","E","R","E","T","E","M","R","M","E","R","B",null,"M","?","$","M","T","E","R","E","T","M","R","E","R","M","R","B","B",null,"$","R","E","B",null],"character_chosen":"WATCHER","items_purchased":["CrushJoints","Melange","DuplicationPotion"],"campfire_rested":4,"item_purchase_floors":[8,37,53],"current_hp_per_floor":[61,54,54,28,28,28,28,28,28,28,23,23,23,23,23,2,52,29,4,4,61,62,68,68,24,24,21,28,48,50,59,59,41,61,68,68,68,68,68,68,68,68,68,68,68,68,68,68,68,68,45,62,62,68,68,52],"gold":114,"neow_bonus":"NOSTALGIA","is_daily":false,"chose_seed":false,"campfire_upgraded":6,"win_rate":0.0,"timestamp":1613283854,"path_taken":["M","?","M","?","?","R","?","?","T","E","M","M","R","E","R","BOSS","M","M","$","M","M","E","R","E","T","E","M","R","M","E","R","BOSS","M","?","$","M","?","E","R","E","T","M","R","E","R","M","R","BOSS","BOSS","$","R","E","BOSS"],"items_purchased_type":["Card","Relic","Potion"],"build_version":"2020-12-22","purchased_purges":4,"victory":true,"max_hp_per_floor":[68,68,68,68,68,68,68,68,68,68,68,68,68,68,68,68,68,68,68,68,68,68,68,68,68,68,68,68,68,68,68,68,68,68,68,68,68,68,68,68,68,68,68,68,68,68,68,68,68,68,68,68,68,68,68,68],"card_choices":[{"not_picked":["FollowUp","Halt","EmptyFist"],"picked":"SKIP","floor":1.0},{"not_picked":["WheelKick","Halt"],"picked":"BowlingBash","floor":3.0},{"not_picked":["PathToVictory","CutThroughFate"],"picked":"ClearTheMind","floor":7.0},{"not_picked":["Consecrate","ThirdEye"],"picked":"DeusExMachina","floor":10.0},{"not_picked":["FlyingSleeves","SignatureMove"],"picked":"FlurryOfBlows","floor":11.0},{"not_picked":["ThirdEye","CutThroughFate","Protect"],"picked":"SKIP","floor":12.0},{"not_picked":["Halt","BattleHymn","SandsOfTime"],"picked":"SKIP","floor":14.0},{"not_picked":["Scrawl","SpiritShield"],"picked":"LessonLearned","floor":16.0},{"not_picked":["EmptyFist","Fasting2","JustLucky"],"picked":"SKIP","floor":18.0},{"not_picked":["PathToVictory","Fasting2","ThirdEye"],"picked":"SKIP","floor":19.0},{"not_picked":["SignatureMove","Vengeance","Wireheading"],"picked":"SKIP","floor":21.0},{"not_picked":["Evaluate","Indignation","PathToVictory+1"],"picked":"SKIP","floor":22.0},{"not_picked":["ClearTheMind","Evaluate","Halt"],"picked":"SKIP","floor":23.0},{"not_picked":["WreathOfFlame","SpiritShield","BattleHymn+1"],"picked":"CarveReality","floor":25.0},{"not_picked":["Consecrate","ClearTheMind","Prostrate"],"picked":"Wireheading","floor":27.0},{"not_picked":["Evaluate","Nirvana","FlyingSleeves","SashWhip+1"],"picked":"SKIP","floor":28.0},{"not_picked":["JustLucky","FlurryOfBlows","Judgement","WaveOfTheHand+1"],"picked":"SKIP","floor":30.0},{"not_picked":["EmptyMind","Sanctity","BattleHymn"],"picked":"Crescendo","floor":31.0},{"not_picked":["DevaForm","ConjureBlade","LessonLearned"],"picked":"Ragnarok","floor":33.0},{"not_picked":["FollowUp","EmptyFist","Prostrate+1","JustLucky"],"picked":"SKIP","floor":35.0},{"not_picked":["SashWhip","Crescendo+1","Prostrate","LikeWater"],"picked":"SKIP","floor":38.0},{"not_picked":["EmptyMind","Consecrate","Wish","CutThroughFate+1"],"picked":"SKIP","floor":40.0},{"not_picked":["FlurryOfBlows","Protect","Weave","Vengeance"],"picked":"SKIP","floor":42.0},{"not_picked":["JustLucky","Halt+1","FlyingSleeves","EmptyMind+1"],"picked":"SKIP","floor":44.0},{"not_picked":["Evaluate+1","EmptyFist","Wallop+1"],"picked":"Tantrum","floor":46.0},{"not_picked":["Protect+1","ReachHeaven+1","Consecrate"],"picked":"TalkToTheHand","floor":48.0},{"not_picked":["ReachHeaven+1","Protect+1","SignatureMove"],"picked":"FollowUp","floor":55.0}],"player_experience":1648172,"relics_obtained":[{"floor":9.0,"key":"Calipers"},{"floor":10.0,"key":"Juzu Bracelet"},{"floor":14.0,"key":"Lantern"},{"floor":23.0,"key":"Question Card"},{"floor":25.0,"key":"PreservedInsect"},{"floor":26.0,"key":"Bag of Preparation"},{"floor":27.0,"key":"Whetstone"},{"floor":31.0,"key":"Pen Nib"},{"floor":40.0,"key":"Letter Opener"},{"floor":42.0,"key":"Centennial Puzzle"},{"floor":43.0,"key":"Toxic Egg 2"},{"floor":46.0,"key":"Mercury Hourglass"},{"floor":55.0,"key":"Anchor"}],"event_choices":[{"cards_removed":["Defend_P"],"damage_healed":0.0,"max_hp_gain":0.0,"max_hp_loss":0.0,"gold_gain":0.0,"event_name":"Golden Wing","player_choice":"Card Removal","floor":2.0,"gold_loss":0.0,"damage_taken":7.0},{"damage_healed":0.0,"max_hp_gain":0.0,"max_hp_loss":0.0,"gold_gain":0.0,"event_name":"Scrap Ooze","player_choice":"Success","floor":4.0,"gold_loss":0.0,"damage_taken":26.0,"relics_obtained":["FossilizedHelix"]},{"damage_healed":0.0,"max_hp_gain":0.0,"max_hp_loss":0.0,"gold_gain":0.0,"event_name":"Lab","player_choice":"Got Potions","floor":5.0,"gold_loss":0.0,"damage_taken":0.0},{"damage_healed":0.0,"max_hp_gain":0.0,"max_hp_loss":0.0,"gold_gain":0.0,"event_name":"Accursed Blacksmith","player_choice":"Forge","floor":36.0,"gold_loss":0.0,"damage_taken":0.0,"cards_upgraded":["Ragnarok"]}],"is_beta":false,"boss_relics":[{"not_picked":["aspiration:SilentSkillbook","Astrolabe"],"picked":"aspiration:RitualDagger"},{"not_picked":["Snecko Eye","SlaversCollar"],"picked":"aspiration:PoetsPen_weak"}],"items_purged_floors":[8,20,37,53],"is_endless":false,"potions_floor_spawned":[10,11,12,14,22,25,30,35,38,48],"ascension_level":20}}