{"host":"zlmf7uudqr1sj8t0","time":1613295856,"event":{"mods":["BaseMod","Colored Map","DeckTracker","Highlight Path","Minty Spire (QoL Compilation)","Practice Mode"],"gold_per_floor":[115,133,28,28,39,39,39,39,62,74,74,107,107,132,132,132,132],"floor_reached":16,"language":"ENG","playtime":759,"items_purged":[],"score":119,"play_id":"d127d3b1-a2c4-41ce-b210-d6bc438b5442","local_time":"20210214014416","is_ascension_mode":true,"campfire_choices":[{"data":"Dualcast","floor":6,"key":"SMITH"},{"data":"Blind","floor":8,"key":"SMITH"},{"floor":11,"key":"REST"},{"floor":15,"key":"REST"}],"circlet_count":0,"master_deck":["Strike_B","Strike_B","Strike_B","Defend_B","Defend_B","Defend_B","Defend_B","Zap","Dualcast+1","Blind+1","Static Discharge","Steam","Sunder","Loop","Self Repair"],"relics":["Cracked Core","Juzu Bracelet","Omamori","Question Card","Boot"],"acts_visited":["Exordium"],"potions_floor_usage":[],"damage_taken":[{"damage":2,"enemies":"Jaw Worm","floor":1,"turns":4},{"damage":0,"enemies":"Cultist","floor":2,"turns":4},{"damage":4,"enemies":"Small Slimes","floor":5,"turns":4},{"damage":9,"enemies":"Red Slaver","floor":10,"turns":3},{"damage":19,"enemies":"3 Sentries","floor":12,"turns":6},{"damage":25,"enemies":"Gremlin Nob","floor":14,"turns":4},{"damage":40,"enemies":"Slime Boss","floor":16,"turns":7}],"seed_played":"-2005341747307108215","potions_obtained":[{"floor":5,"key":"SkillPotion"},{"floor":12,"key":"Regen Potion"}],"is_trial":false,"path_per_floor":["M","M","?","$","M","R","?","R","T","M","R","E","?","E","R","B"],"character_chosen":"DEFECT","items_purchased":[],"campfire_rested":2,"item_purchase_floors":[],"current_hp_per_floor":[73,73,73,73,69,69,44,44,44,35,57,38,38,13,35,0,0],"gold":132,"neow_bonus":"RANDOM_COLORLESS","is_daily":false,"chose_seed":false,"campfire_upgraded":2,"win_rate":0.0,"timestamp":1613295856,"path_taken":["M","M","?","?","M","R","?","R","T","M","R","E","?","E","R","BOSS"],"items_purchased_type":[],"build_version":"2020-12-22","purchased_purges":0,"victory":false,"max_hp_per_floor":[75,75,75,75,75,75,75,75,75,75,75,75,75,75,75,75,75],"card_choices":[{"not_picked":["Enlightenment","Jack Of All Trades"],"picked":"Blind","floor":0},{"not_picked":["Double Energy","Recycle"],"picked":"Static Discharge","floor":1},{"not_picked":["Fusion","Gash"],"picked":"Steam","floor":2},{"not_picked":["Coolheaded","Consume","Aggregate"],"picked":"SKIP","floor":5},{"not_picked":["Turbo","Heatsinks"],"picked":"Sunder","floor":10},{"not_picked":["Go for the Eyes","Hologram"],"picked":"Loop","floor":12},{"not_picked":["Reprogram","Genetic Algorithm","Steam"],"picked":"Self Repair","floor":14}],"player_experience":132859,"relics_obtained":[{"floor":12,"key":"Question Card"},{"floor":14,"key":"Boot"}],"event_choices":[{"damage_healed":0,"gold_gain":0,"player_choice":"Paid Gold","damage_taken":0,"relics_obtained":["Juzu Bracelet"],"max_hp_gain":0,"max_hp_loss":0,"event_name":"WeMeetAgain","floor":3,"gold_loss":105},{"damage_healed":0,"gold_gain":0,"player_choice":"Success","damage_taken":25,"relics_obtained":["Omamori"],"max_hp_gain":0,"max_hp_loss":0,"event_name":"Scrap Ooze","floor":7,"gold_loss":0},{"cards_removed":["Strike_B"],"damage_healed":0,"gold_gain":0,"player_choice":"Offered Basic","damage_taken":0,"max_hp_gain":0,"max_hp_loss":0,"event_name":"Bonfire Elementals","floor":13,"gold_loss":0}],"is_beta":false,"boss_relics":[],"items_purged_floors":[],"is_endless":false,"potions_floor_spawned":[5,12],"killed_by":"Slime Boss","ascension_level":2}}