{"host":"i3w38rq1z4slkels","time":1613299946,"event":{"mods":["2.2 Compatiblity","Act Like it!","BaseMod","Better Match","Better Vampires","BetterRewards","Conspire","Downfall","Hallownest","Minty Spire (QoL Compilation)","Rare Cards Sparkle","Replay The Spire","StSLib","The Bug Knight"],"gold_per_floor":[99,113,128,143,143,53,79,79,79,112,97,112,12,30,41,136,136,136,152,165,175,191,205,205,205,207,207,207],"floor_reached":26,"language":"ENG","playtime":1872,"items_purged":["Languid"],"score":233,"play_id":"3dd9655a-af2a-453e-be8c-9bd16901542a","local_time":"20210214175226","is_ascension_mode":true,"campfire_choices":[{"floor":1,"key":"RECALL"},{"data":"bronze:MaxOutput","floor":9,"key":"SMITH"},{"data":"bronze:InfiniteBeams","floor":13,"key":"SMITH"},{"data":"bronze:Verify","floor":18,"key":"SMITH"},{"floor":25,"key":"REST"}],"circlet_count":0,"master_deck":["bronze:Strike","bronze:Strike","bronze:Strike","bronze:Defend+1","bronze:Defend","bronze:Defend","bronze:Defend","bronze:Replicate","bronze:Goto","bronze:Repulsor+1","bronze:InfiniteBeams+1","bronze:MaxOutput+1","bronze:Break","bronze:ShipIt","bronze:Repair","bronze:Iterate","bronze:Verify+1"],"relics":["bronze:BronzeCore","Durian","Gremlin Food","Boot","downfall:HeartBlessingRed","expansioncontent:StudyCardRelic","conspire:DeflatedDodgeball"],"acts_visited":["Exordium","TheCity"],"potions_floor_usage":[4,11,20,21,26,26],"damage_taken":[{"damage":0,"enemies":"conspire:RoseBush","floor":2,"turns":6},{"damage":6,"enemies":"Jaw Worm","floor":3,"turns":5},{"damage":5,"enemies":"Small Slimes","floor":4,"turns":6},{"damage":3,"enemies":"downfall:FleeingMerchant","floor":6,"turns":4},{"damage":16,"enemies":"Gremlin Nob","floor":10,"turns":3},{"damage":2,"enemies":"downfall:FleeingMerchant","floor":11,"turns":4},{"damage":11,"enemies":"Gremlin Gang","floor":12,"turns":4},{"damage":0,"enemies":"Large Slime","floor":14,"turns":2},{"damage":0,"enemies":"downfall:LooterAlt","floor":15,"turns":1},{"damage":34,"enemies":"IC_STATUS_ARCHETYPE","floor":16,"turns":6},{"damage":0,"enemies":"Spheric Guardian","floor":19,"turns":2},{"damage":6,"enemies":"conspire:FuzzyDice","floor":20,"turns":4},{"damage":19,"enemies":"Snake Plant","floor":21,"turns":3},{"damage":42,"enemies":"Centurion and Healer","floor":22,"turns":4},{"damage":23,"enemies":"conspire:HollyBat","floor":23,"turns":8},{"damage":36,"enemies":"conspire:Head Lice","floor":26,"turns":4}],"seed_played":"-4664093287032178450","potions_obtained":[{"floor":3,"key":"Languid Potion"},{"floor":10,"key":"SkillPotion"},{"floor":12,"key":"bronze:BurnAndBuffPotion"},{"floor":15,"key":"Elixir"},{"floor":19,"key":"Weak Potion"},{"floor":20,"key":"hexamod:SoulburnPotion"},{"floor":21,"key":"Explosive Potion"}],"is_trial":false,"path_per_floor":["R","M","M","M","?","$","T","?","R","E","$","M","R","M","M","B",null,"R","M","M","M","M","M","T","R","E"],"character_chosen":"THE_AUTOMATON","items_purchased":[],"campfire_rested":1,"item_purchase_floors":[],"current_hp_per_floor":[75,75,69,64,64,61,61,61,61,45,50,46,46,46,46,19,75,75,75,75,63,21,5,5,27,0,0,0],"gold":207,"neow_bonus":"ONE_RARE_RELIC","is_daily":false,"chose_seed":false,"campfire_upgraded":3,"win_rate":0.0,"timestamp":1613299946,"path_taken":["R","M","M","M","?","?","T","?","R","E","$","M","R","M","M","BOSS","R","M","M","?","?","M","T","R","E"],"items_purchased_type":[],"build_version":"2020-12-22","purchased_purges":1,"victory":false,"max_hp_per_floor":[75,75,75,75,75,75,75,75,75,75,75,75,75,75,75,75,75,75,75,75,75,75,75,75,75,75,75,75],"card_choices":[{"not_picked":["bronze:GetLatest","bronze:DarkDash"],"picked":"bronze:Repulsor","floor":2},{"not_picked":["bronze:WildBeam","bronze:DelayedSlice"],"picked":"bronze:InfiniteBeams","floor":3},{"not_picked":["bronze:BuggyMess","bronze:BitShift"],"picked":"bronze:MaxOutput","floor":4},{"not_picked":["bronze:DelayedSlice","bronze:Separator"],"picked":"bronze:ShipIt","floor":6},{"not_picked":["bronze:DelayedSlice","bronze:FineTuning"],"picked":"bronze:Repair","floor":10},{"not_picked":["bronze:Overheat","bronze:Return","bronze:CutThrough"],"picked":"SKIP","floor":11},{"not_picked":["bronze:InfiniteBeams","bronze:Shield"],"picked":"bronze:Iterate","floor":12},{"not_picked":["bronze:Constructor","bronze:BugBarrage","bronze:Deprecate"],"picked":"SKIP","floor":14},{"not_picked":["bronze:Separator","bronze:Shield","bronze:NullPointer"],"picked":"SKIP","floor":15},{"not_picked":["bronze:Format","bronze:CleanCode"],"picked":"bronze:Verify","floor":16},{"not_picked":["bronze:Iterate","bronze:Frontload+1","bronze:FollowUp"],"picked":"SKIP","floor":19},{"not_picked":["bronze:Refactor","bronze:ChosenStrike+1","bronze:WhirlingStrike"],"picked":"SKIP","floor":20},{"not_picked":["bronze:ForLoop","bronze:GetLatest","bronze:OilSpill+1"],"picked":"SKIP","floor":21},{"not_picked":["bronze:NullPointer+1","bronze:OilSpill","bronze:Invalidate"],"picked":"SKIP","floor":22},{"not_picked":["bronze:BugBarrage+1","bronze:InfiniteBeams","bronze:OilSpill+1"],"picked":"SKIP","floor":23}],"player_experience":495191,"relics_obtained":[{"floor":7,"key":"Gremlin Food"},{"floor":10,"key":"Boot"},{"floor":24,"key":"conspire:DeflatedDodgeball"}],"event_choices":[],"is_beta":false,"boss_relics":[{"not_picked":["ChewingGum","conspire:RoyalGoblet"],"picked":"expansioncontent:StudyCardRelic"}],"items_purged_floors":[6],"is_endless":false,"potions_floor_spawned":[3,10,12,15,19,20,21],"killed_by":"conspire:Head Lice","ascension_level":2}}