{"host":"vumwfieg2b2mnrfl","time":1613327882,"event":{"mods":["AchievementEnabler","BaseMod","Minty Spire (QoL Compilation)","Rare Cards Sparkle","Relic Stats"],"gold_per_floor":[114,189,200,165,165,165,192,192,192,202,231,241,241,253,253,328,328,343,258,274,274,274,274,299,198,198,198,72,83,83,94,94,94,94],"floor_reached":33,"language":"ENG","playtime":1387,"items_purged":["Strike_G","Defend_G"],"score":546,"play_id":"9cffc466-74df-46e4-8fb5-b6d07ba4ab33","local_time":"20210214123802","is_ascension_mode":true,"campfire_choices":[{"data":"Neutralize","floor":6,"key":"SMITH"},{"floor":8,"key":"REST"},{"floor":15,"key":"REST"},{"data":"Footwork","floor":23,"key":"SMITH"},{"floor":27,"key":"REST"},{"data":"Calculated Gamble","floor":30,"key":"SMITH"},{"floor":32,"key":"REST"}],"circlet_count":0,"master_deck":["AscendersBane","Strike_G","Strike_G","Strike_G","Defend_G+1","Defend_G","Defend_G+1","Defend_G","Survivor","Neutralize+1","PiercingWail+1","Dagger Throw+1","Flying Knee","Footwork+1","Die Die Die","Burst","CurseOfTheBell","Dagger Throw","PiercingWail","Calculated Gamble+1","Prepared","Footwork+1","Prepared"],"relics":["Runic Pyramid","War Paint","Bag of Preparation","Anchor","CultistMask","Calling Bell","Vajra","Sundial","Tough Bandages","Strawberry","Dream Catcher","Bag of Marbles"],"acts_visited":["Exordium","TheCity"],"potions_floor_usage":[7,11,24,33],"damage_taken":[{"damage":2,"enemies":"Jaw Worm","floor":1,"turns":5},{"damage":1,"enemies":"2 Louse","floor":3,"turns":4},{"damage":20,"enemies":"Lagavulin","floor":7,"turns":8},{"damage":0,"enemies":"Small Slimes","floor":10,"turns":2},{"damage":26,"enemies":"Gremlin Nob","floor":11,"turns":4},{"damage":0,"enemies":"Red Slaver","floor":12,"turns":4},{"damage":0,"enemies":"Exordium Wildlife","floor":14,"turns":4},{"damage":2,"enemies":"The Guardian","floor":16,"turns":19},{"damage":10,"enemies":"2 Thieves","floor":18,"turns":5},{"damage":2,"enemies":"Chosen","floor":20,"turns":6},{"damage":31,"enemies":"Book of Stabbing","floor":24,"turns":10},{"damage":7,"enemies":"Centurion and Healer","floor":29,"turns":5},{"damage":7,"enemies":"3 Cultists","floor":31,"turns":5},{"damage":49,"enemies":"Champ","floor":33,"turns":30}],"seed_played":"3494886681545110533","potions_obtained":[{"floor":1,"key":"SkillPotion"},{"floor":3,"key":"Poison Potion"},{"floor":11,"key":"SpeedPotion"},{"floor":14,"key":"LiquidMemories"}],"is_trial":false,"path_per_floor":["M","?","M","?","?","R","E","R","T","M","E","M","?","M","R","B",null,"M","?","M","?","?","R","E","$","T","R","$","M","R","M","R","B"],"character_chosen":"THE_SILENT","items_purchased":["PiercingWail","Prepared"],"campfire_rested":4,"item_purchase_floors":[25,28],"current_hp_per_floor":[57,46,45,61,41,41,21,40,40,40,14,14,14,14,33,31,57,47,54,52,52,52,52,21,21,21,42,42,35,35,28,49,0,0],"gold":94,"neow_bonus":"BOSS_RELIC","is_daily":false,"chose_seed":false,"campfire_upgraded":3,"win_rate":0.0,"timestamp":1613327882,"path_taken":["M","?","M","?","?","R","E","R","T","?","E","M","?","?","R","BOSS","M","?","M","?","?","R","E","?","T","R","$","M","R","M","R","BOSS"],"items_purchased_type":["Card","Card"],"build_version":"2020-12-22","purchased_purges":2,"victory":false,"max_hp_per_floor":[66,66,66,66,66,66,66,66,66,66,66,66,66,66,66,66,66,66,73,73,73,73,73,73,73,73,73,73,73,73,73,73,73,73],"relic_stats":{"Tough Bandages":[360],"Dream Catcher":2,"counters":[14,111],"Sundial":[16],"Bag of Preparation":[22],"War Paint":["Defend_G","PiercingWail"],"obtain_stats":[{"Vajra":17,"Bag of Preparation":9,"War Paint":7,"Calling Bell":17,"Anchor":11,"Tough Bandages":17,"Dream Catcher":24,"Sundial":17,"Strawberry":19,"CultistMask":13,"Bag of Marbles":26,"Ring of the Snake":0,"Runic Pyramid":0},{"Vajra":8,"Bag of Preparation":3,"War Paint":3,"Calling Bell":8,"Anchor":5,"Tough Bandages":8,"Dream Catcher":11,"Sundial":8,"Strawberry":9,"CultistMask":6,"Bag of Marbles":11,"Ring of the Snake":0,"Runic Pyramid":0},{"Vajra":50,"Bag of Preparation":17,"War Paint":17,"Calling Bell":50,"Anchor":23,"Tough Bandages":50,"Dream Catcher":71,"Sundial":50,"Strawberry":55,"CultistMask":27,"Bag of Marbles":71,"Ring of the Snake":0,"Runic Pyramid":0}]},"card_choices":[{"not_picked":["Backflip","Deadly Poison"],"picked":"PiercingWail","floor":1},{"not_picked":["Reflex","Flying Knee"],"picked":"Dagger Throw","floor":3},{"not_picked":["Poisoned Stab","Choke"],"picked":"Flying Knee","floor":7},{"not_picked":["Deflect","Sucker Punch","Dodge and Roll"],"picked":"SKIP","floor":10},{"not_picked":["Caltrops","Underhanded Strike","Flying Knee"],"picked":"SKIP","floor":11},{"not_picked":["Deadly Poison","Flying Knee"],"picked":"Footwork","floor":12},{"not_picked":["Slice","Backflip","Die Die Die"],"picked":"SKIP","floor":14},{"not_picked":["Slice","Backflip"],"picked":"Die Die Die","floor":14},{"not_picked":["Glass Knife","Tools of the Trade"],"picked":"Burst","floor":16},{"not_picked":["Deflect","Sucker Punch","Slice"],"picked":"SKIP","floor":18},{"not_picked":["Deflect","Backstab","Acrobatics"],"picked":"SKIP","floor":20},{"not_picked":["Die Die Die","Dodge and Roll"],"picked":"Dagger Throw","floor":24},{"not_picked":["Outmaneuver","Deadly Poison"],"picked":"Calculated Gamble","floor":27},{"not_picked":["Catalyst","PiercingWail"],"picked":"Footwork+1","floor":29},{"not_picked":["Poisoned Stab","Acrobatics"],"picked":"Prepared","floor":31}],"player_experience":558387,"relics_obtained":[{"floor":7,"key":"War Paint"},{"floor":9,"key":"Bag of Preparation"},{"floor":11,"key":"Anchor"},{"floor":17,"key":"Vajra"},{"floor":17,"key":"Sundial"},{"floor":17,"key":"Tough Bandages"},{"floor":24,"key":"Dream Catcher"},{"floor":26,"key":"Bag of Marbles"}],"event_choices":[{"damage_healed":0,"gold_gain":75,"player_choice":"Gather Gold","damage_taken":11,"max_hp_gain":0,"max_hp_loss":0,"event_name":"World of Goop","floor":2,"gold_loss":0},{"damage_healed":16,"gold_gain":0,"player_choice":"Healed","damage_taken":0,"max_hp_gain":0,"max_hp_loss":0,"event_name":"The Cleric","floor":4,"gold_loss":35},{"damage_healed":0,"gold_gain":0,"player_choice":"Entered Light","damage_taken":20,"max_hp_gain":0,"max_hp_loss":0,"event_name":"Shining Light","floor":5,"gold_loss":0,"cards_upgraded":["Defend_G","Dagger Throw"]},{"damage_healed":0,"gold_gain":0,"player_choice":"Trade","damage_taken":0,"relics_obtained":["CultistMask"],"max_hp_gain":0,"max_hp_loss":0,"event_name":"FaceTrader","floor":13,"gold_loss":0},{"damage_healed":0,"gold_gain":0,"player_choice":"Obtained Relic","damage_taken":0,"relics_obtained":["Strawberry"],"max_hp_gain":0,"max_hp_loss":0,"event_name":"Addict","floor":19,"gold_loss":85},{"damage_healed":0,"gold_gain":0,"player_choice":"Ignored","damage_taken":0,"max_hp_gain":0,"max_hp_loss":0,"event_name":"Ghosts","floor":21,"gold_loss":0},{"cards_removed":["Strike_G"],"damage_healed":0,"gold_gain":0,"player_choice":"Elegance","damage_taken":0,"max_hp_gain":0,"max_hp_loss":0,"event_name":"Back to Basics","floor":22,"gold_loss":0}],"is_beta":false,"boss_relics":[{"not_picked":["SacredBark","Tiny House"],"picked":"Calling Bell"}],"items_purged_floors":[25,28],"is_endless":false,"potions_floor_spawned":[1,3,11,14],"killed_by":"Champ","ascension_level":20}}