{"host":"pqs17sqrgflf4eqa","time":1613327065,"event":{"mods":["AchievementEnabler","BaseMod","Bestiary","Better Altar","Better Match","Better Skull","Block Reminder","Bossed Relics","Colored Map","Colored Powertips","Curses Come First","Dark Map","DeckTracker","Defective Defect","Displayed Cursed Tome","Emptier Cage","Googly Eyes","Highlight Path","Minty Spire (QoL Compilation)","Quick Restart","Slay-I","StSLib","SuperFastMode","Synergy Search","Thieving Mod","Transform Curses","everything is the same but u backflip on backflip","slay the spire mod where everything is the same but ironclad has a cowboy hat"],"gold_per_floor":[112,112,14,14,33,64,114,114,114,114,114,147,147,158,158,261,261,278,278,32,32,43,43,76,76,76,106,106,141,141,158,158,255,255,271,325,325,235,252,252,252],"floor_reached":40,"language":"ENG","playtime":697,"items_purged":["Strike_G"],"score":580,"play_id":"154191ec-9376-4860-be85-a7f4e6458134","local_time":"20210214132425","is_ascension_mode":true,"campfire_choices":[{"data":"Deadly Poison","floor":8.0,"key":"SMITH"},{"floor":11.0,"key":"REST"},{"floor":15.0,"key":"REST"},{"data":"Corpse Explosion","floor":23,"key":"SMITH"},{"data":"Deadly Poison","floor":25,"key":"SMITH"},{"data":"All Out Attack","floor":28,"key":"SMITH"},{"data":"Dagger Spray","floor":32,"key":"SMITH"}],"circlet_count":0,"master_deck":["Strike_G+1","Strike_G+1","Strike_G+1","Defend_G+1","Defend_G+1","Defend_G+1","Defend_G+1","Defend_G+1","Survivor+1","Neutralize+1","All Out Attack+1","Deadly Poison+1","Dagger Spray","Deadly Poison+1","Corpse Explosion+1","Dagger Spray+1","Deadly Poison+1","Crippling Poison+1","Acrobatics+1","Dodge and Roll","PiercingWail","Burst+1","Noxious Fumes"],"relics":["Ring of the Snake","Snake Skull","HornCleat","Regal Pillow","Vajra","Sundial","Shuriken","Question Card","Coffee Dripper","Paper Crane","Bottled Flame","Oddly Smooth Stone","Tingsha","SlaversCollar","WingedGreaves"],"acts_visited":["Exordium","TheCity","TheBeyond"],"potions_floor_usage":[22,24,27,33,33,33,36],"damage_taken":[{"damage":7.0,"enemies":"Cultist","floor":1.0,"turns":4.0},{"damage":0.0,"enemies":"Small Slimes","floor":5.0,"turns":2.0},{"damage":23.0,"enemies":"Lagavulin","floor":6.0,"turns":6.0},{"damage":10.0,"enemies":"3 Sentries","floor":12.0,"turns":3.0},{"damage":12.0,"enemies":"Jaw Worm","floor":14.0,"turns":2.0},{"damage":26.0,"enemies":"The Guardian","floor":16.0,"turns":8.0},{"damage":0,"enemies":"Chosen","floor":18,"turns":3},{"damage":0,"enemies":"Shell Parasite","floor":22,"turns":3},{"damage":24,"enemies":"Slavers","floor":24,"turns":2},{"damage":11,"enemies":"Gremlin Leader","floor":27,"turns":4},{"damage":10,"enemies":"Book of Stabbing","floor":29,"turns":4},{"damage":12,"enemies":"Cultist and Chosen","floor":31,"turns":3},{"damage":28,"enemies":"Champ","floor":33,"turns":9},{"damage":7,"enemies":"3 Darklings","floor":35,"turns":2},{"damage":17,"enemies":"2 Orb Walkers","floor":36,"turns":2},{"damage":0,"enemies":"Orb Walker","floor":39,"turns":3},{"damage":45,"enemies":"Nemesis","floor":40,"turns":5}],"seed_played":"-4837382085045226184","potions_obtained":[{"floor":6.0,"key":"DuplicationPotion"},{"floor":14.0,"key":"Strength Potion"},{"floor":22,"key":"AttackPotion"},{"floor":24,"key":"SpeedPotion"},{"floor":27,"key":"EntropicBrew"},{"floor":33,"key":"AttackPotion"},{"floor":35,"key":"ThievingMod:ThievingPotion"}],"is_trial":false,"path_per_floor":["M","?","$","?","M","E","T","R","T","?","R","E","T","M","R","B",null,"M","?","$","?","M","R","E","R","T","E","R","E","?","M","R","B",null,"M","?","?","?","M","E"],"character_chosen":"THE_SILENT","items_purchased":["Deadly Poison","Dagger Spray","FairyPotion","DistilledChaos"],"campfire_rested":2,"item_purchase_floors":[3,3,20,20],"current_hp_per_floor":[56,56,56,49,49,26,26,26,26,12,48,38,38,26,62,36,62,62,62,62,62,62,62,38,38,38,27,27,17,17,5,5,16,57,50,33,33,33,33,0,0],"gold":252,"neow_bonus":"RANDOM_COMMON_RELIC","is_daily":false,"chose_seed":false,"campfire_upgraded":5,"win_rate":0.0,"timestamp":1613327065,"path_taken":["M","?","$","?","M","E","?","R","T","?","R","E","?","?","R","BOSS","M","?","$","?","?","R","E","R","T","E","R","E","?","M","R","BOSS","M","?","?","?","M","E"],"items_purchased_type":["Card","Card","Potion","Potion"],"build_version":"2020-12-22","purchased_purges":1,"victory":false,"max_hp_per_floor":[70,70,70,70,70,70,70,70,70,70,70,70,70,70,70,70,70,70,70,70,70,70,70,70,70,70,70,70,70,70,70,70,70,70,70,70,70,70,70,70,70],"card_choices":[{"not_picked":["Acrobatics","Choke"],"picked":"All Out Attack","floor":1.0},{"not_picked":["Prepared","Dagger Spray","Escape Plan"],"picked":"SKIP","floor":5.0},{"not_picked":["Blade Dance","Underhanded Strike","Phantasmal Killer"],"picked":"SKIP","floor":6.0},{"not_picked":["Underhanded Strike","Dagger Throw"],"picked":"Deadly Poison","floor":12.0},{"not_picked":["Riddle With Holes","Dodge and Roll","PiercingWail"],"picked":"Dagger Spray","floor":14.0},{"not_picked":["Bullet Time","Malaise","Unload"],"picked":"Corpse Explosion","floor":16.0},{"not_picked":["Outmaneuver","Blade Dance","Acrobatics+1"],"picked":"Dagger Spray","floor":18},{"not_picked":["Predator","Blade Dance","Bane","Dagger Throw"],"picked":"SKIP","floor":22},{"not_picked":["Infinite Blades","Caltrops+1","Choke+1"],"picked":"Crippling Poison+1","floor":24},{"not_picked":["Flechettes+1","Storm of Steel","Glass Knife"],"picked":"Acrobatics+1","floor":27},{"not_picked":["Reflex","Crippling Poison+1","Tactician"],"picked":"Dodge and Roll","floor":29},{"not_picked":["Dagger Spray+1","Distraction","Predator"],"picked":"PiercingWail","floor":31},{"not_picked":["Poisoned Stab+1","Bane+1","Deadly Poison","Dagger Throw"],"picked":"SKIP","floor":35},{"not_picked":["Bane+1","Sucker Punch","PiercingWail"],"picked":"Burst","floor":36},{"not_picked":["Expertise+1","Blade Dance+1","Skewer"],"picked":"Noxious Fumes","floor":39}],"player_experience":206268,"relics_obtained":[{"floor":6.0,"key":"Regal Pillow"},{"floor":7.0,"key":"Vajra"},{"floor":9.0,"key":"Sundial"},{"floor":12.0,"key":"Shuriken"},{"floor":13.0,"key":"Question Card"},{"floor":24,"key":"Paper Crane"},{"floor":26,"key":"Bottled Flame"},{"floor":27,"key":"Oddly Smooth Stone"},{"floor":29,"key":"Tingsha"},{"floor":36,"key":"WingedGreaves"}],"event_choices":[{"damage_healed":0.0,"max_hp_gain":0.0,"max_hp_loss":0.0,"gold_gain":0.0,"event_name":"Living Wall","player_choice":"Grow","floor":2.0,"gold_loss":0.0,"damage_taken":0.0,"cards_upgraded":["Neutralize"]},{"damage_healed":0.0,"max_hp_gain":0.0,"max_hp_loss":0.0,"gold_gain":0.0,"event_name":"Scrap Ooze","player_choice":"Success","floor":4.0,"gold_loss":0.0,"damage_taken":7.0,"relics_obtained":["HornCleat"]},{"damage_healed":0.0,"max_hp_gain":0.0,"max_hp_loss":0.0,"gold_gain":0.0,"event_name":"Shining Light","player_choice":"Entered Light","floor":10.0,"gold_loss":0.0,"damage_taken":14.0,"cards_upgraded":["Survivor","Strike_G"]},{"damage_healed":0,"gold_gain":0,"player_choice":"Ignored","damage_taken":0,"max_hp_gain":0,"max_hp_loss":0,"event_name":"Beggar","floor":19,"gold_loss":0},{"damage_healed":0,"gold_gain":0,"player_choice":"Copied","damage_taken":0,"max_hp_gain":0,"max_hp_loss":0,"event_name":"Duplicator","floor":21,"gold_loss":0,"cards_obtained":["Deadly Poison"]},{"damage_healed":0,"gold_gain":0,"player_choice":"Simplicity","damage_taken":0,"max_hp_gain":0,"max_hp_loss":0,"event_name":"Back to Basics","floor":30,"gold_loss":0,"cards_upgraded":["Strike_G","Strike_G","Strike_G","Defend_G","Defend_G","Defend_G","Defend_G","Defend_G"]},{"damage_healed":0,"gold_gain":0,"player_choice":"Fight","damage_taken":0,"max_hp_gain":0,"max_hp_loss":0,"event_name":"Mysterious Sphere","floor":36,"gold_loss":0},{"cards_removed":["Strike_G"],"damage_healed":0,"gold_gain":0,"player_choice":"Removed Attack","damage_taken":0,"max_hp_gain":0,"max_hp_loss":0,"event_name":"Falling","floor":37,"gold_loss":0},{"cards_removed":["Dagger Spray"],"damage_healed":0,"gold_gain":0,"player_choice":"Upgrade and Remove","damage_taken":0,"max_hp_gain":0,"max_hp_loss":0,"event_name":"Designer","floor":38,"gold_loss":90,"cards_upgraded":["Burst"]}],"is_beta":false,"boss_relics":[{"not_picked":["Ring of the Serpent","Astrolabe"],"picked":"Coffee Dripper"},{"not_picked":["Velvet Choker","SacredBark"],"picked":"SlaversCollar"}],"items_purged_floors":[20],"is_endless":false,"potions_floor_spawned":[6,14,22,24,27,33,35],"killed_by":"Nemesis","ascension_level":6}}