{"host":"y3tal5djvejpcno2","time":1613270085,"event":{"mods":["BaseMod","Colored Map","Colored Powertips","Hermit","Infinite Spire","Minty Spire (QoL Compilation)","Permanent Neow","Quick Restart","Relic Stats","Replay The Spire","SOS???????","StSLib","The Blue Laboratory","The Bug Knight","The Cursed","The Jungle","Wandering Minibosses"],"gold_per_floor":[112,127,127,127,140,140,155,166,166,166,166],"floor_reached":10,"language":"ENG","playtime":401,"items_purged":[],"score":60,"play_id":"37fbf48b-da76-439e-93b0-86fbe5a55676","local_time":"20210214003445","is_ascension_mode":false,"campfire_choices":[{"data":"HollowMod:MothsMistake","floor":6,"key":"SMITH"}],"circlet_count":0,"master_deck":["HollowMod:NailStrikeStart","HollowMod:NailStrikeStart","HollowMod:NailStrikeStart","HollowMod:NailStrikeStart","HollowMod:QuickDashStart","HollowMod:QuickDashStart","HollowMod:QuickDashStart","HollowMod:QuickDashStart","HollowMod:FocusHealStart+1","HollowMod:PogoStrike","HollowMod:InfectedAttack","HollowMod:MothsMistake+1","HollowMod:SiblingsSouls","HollowMod:SiblingsSouls"],"relics":["HollowMod:VesselMask","HornCleat"],"acts_visited":["Exordium"],"potions_floor_usage":[10],"damage_taken":[{"damage":1,"enemies":"Small Slimes","floor":1,"turns":3},{"damage":3,"enemies":"2 Louse","floor":2,"turns":2},{"damage":6,"enemies":"Cultist","floor":5,"turns":3},{"damage":34,"enemies":"Exordium Thugs","floor":7,"turns":6},{"damage":22,"enemies":"Looter","floor":8,"turns":3},{"damage":45,"enemies":"Lagavulin","floor":10,"turns":5}],"seed_played":"4888074207477783557","potions_obtained":[{"floor":2,"key":"blueLaboratory:PhilterOfMotion"}],"is_trial":false,"path_per_floor":["M","M","?","?","M","R","M","M","T","E"],"character_chosen":"THE_BUGKNIGHT","items_purchased":[],"campfire_rested":0,"item_purchase_floors":[],"current_hp_per_floor":[75,75,75,75,69,69,47,35,35,0,0],"gold":166,"neow_bonus":"UPGRADE_CARD","is_daily":false,"chose_seed":false,"campfire_upgraded":1,"win_rate":0.0,"timestamp":1613270085,"path_taken":["M","M","?","?","M","R","M","M","T","E"],"items_purchased_type":[],"build_version":"2020-12-22","purchased_purges":0,"victory":false,"max_hp_per_floor":[75,75,75,75,75,75,75,75,75,75,75],"relic_stats":{"counters":[6,22],"obtain_stats":[{"HornCleat":9,"HollowMod:VesselMask":0},{"HornCleat":5,"HollowMod:VesselMask":0},{"HornCleat":17,"HollowMod:VesselMask":0}]},"card_choices":[{"not_picked":["HollowMod:DashSlash","HollowMod:SoulSplash"],"picked":"HollowMod:InfectedAttack","floor":1},{"not_picked":["HollowMod:SoulShaman","HollowMod:NewLittleFool"],"picked":"HollowMod:MothsMistake","floor":2},{"not_picked":["HollowMod:MonarchWings","HollowMod:LifebloodCocoon","HollowMod:DesolateDive"],"picked":"SKIP","floor":5},{"not_picked":["HollowMod:CycloneSlash","HollowMod:DashSlash"],"picked":"HollowMod:SiblingsSouls","floor":7},{"not_picked":["HollowMod:QuirrelsAssistance","HollowMod:ChannelNail"],"picked":"HollowMod:SiblingsSouls","floor":8}],"player_experience":52663,"relics_obtained":[{"floor":9,"key":"HornCleat"}],"event_choices":[{"damage_healed":0,"gold_gain":0,"player_choice":"Ignored","damage_taken":0,"max_hp_gain":0,"max_hp_loss":0,"event_name":"Liars Game","floor":4,"gold_loss":0}],"is_beta":false,"boss_relics":[],"items_purged_floors":[],"is_endless":false,"potions_floor_spawned":[2],"killed_by":"Lagavulin","ascension_level":0}}