{"host":"y3tal5djvejpcno2","time":1613266258,"event":{"mods":["BaseMod","Colored Map","Colored Powertips","Hermit","Infinite Spire","Minty Spire (QoL Compilation)","Permanent Neow","Quick Restart","Relic Stats","Replay The Spire","SOS???????","StSLib","The Blue Laboratory","The Bug Knight","The Cursed","The Jungle","Wandering Minibosses"],"gold_per_floor":[111,111,111,186,200,200,33,48,71,71,21,35,11,28,28,130,130,145,165,182,182,182],"floor_reached":21,"language":"ENG","playtime":2235,"items_purged":[],"score":171,"play_id":"ef1c35a9-a393-4457-a9d6-e00e59807dd9","local_time":"20210213233058","is_ascension_mode":false,"campfire_choices":[{"data":"HollowMod:FocusHealStart","floor":6,"key":"SMITH"},{"data":"HollowMod:SoulEater","floor":10,"key":"SMITH"},{"data":"HollowMod:MantisMark","floor":15,"key":"SMITH"}],"circlet_count":0,"master_deck":["HollowMod:NailStrikeStart","HollowMod:NailStrikeStart","HollowMod:NailStrikeStart","HollowMod:NailStrikeStart","HollowMod:QuickDashStart","HollowMod:QuickDashStart","HollowMod:QuickDashStart","HollowMod:QuickDashStart","HollowMod:FocusHealStart+1","HollowMod:PogoStrike","HollowMod:NewJinnsSoul+1","HollowMod:BaldurShell","HollowMod:SoulEater+1","HollowMod:InfectedAttack","HollowMod:CornifersMapStart","HollowMod:MantisMark+1","HollowMod:BaldurShell","HollowMod:InfectedAttack","HollowMod:NewInfectedGuardian","HollowMod:SoulStrike+1","HollowMod:CloakDash","HollowMod:SoulStrike+1"],"relics":["HollowMod:VesselMask","HollowMod:PaleOreRelic","ReplayTheSpireMod:Ring of Collecting","Boot","Ring of Fury","Replay:Bronze Core"],"acts_visited":["Exordium","TheCity"],"potions_floor_usage":[20],"damage_taken":[{"damage":0,"enemies":"Small Slimes","floor":1,"turns":2},{"damage":3,"enemies":"2 Louse","floor":5,"turns":2},{"damage":12,"enemies":"Cultist","floor":8,"turns":4},{"damage":0,"enemies":"Large Slime","floor":12,"turns":3},{"damage":12,"enemies":"Looter","floor":14,"turns":3},{"damage":57,"enemies":"Fading Forest","floor":16,"turns":11},{"damage":45,"enemies":"Shell Parasite","floor":18,"turns":5},{"damage":21,"enemies":"3 Byrds","floor":19,"turns":6},{"damage":24,"enemies":"Shelled Parasite and Fungi","floor":20,"turns":8},{"damage":13,"enemies":"Snake Plant","floor":21,"turns":1}],"seed_played":"-8914105861700647110","potions_obtained":[{"floor":1,"key":"LifebloodPotion"},{"floor":8,"key":"Dexterity Potion"},{"floor":12,"key":"Doom Potion"},{"floor":14,"key":"blueLaboratory:BottleOfRum"}],"is_trial":false,"path_per_floor":["M","?","?","?","M","R","$","M","T","R","?","M","$","M","R","B",null,"M","M","M","M"],"character_chosen":"THE_BUGKNIGHT","items_purchased":["HollowMod:SoulEater","HollowMod:InfectedAttack","HollowMod:CornifersMapStart","HollowMod:InfectedAttack"],"campfire_rested":0,"item_purchase_floors":[7,7,7,13],"current_hp_per_floor":[75,75,75,64,61,61,61,55,55,55,55,55,55,49,49,20,75,36,25,13,0,0],"gold":182,"neow_bonus":"RANDOM_COMMON_RELIC","is_daily":false,"chose_seed":false,"campfire_upgraded":3,"win_rate":0.0,"timestamp":1613266258,"path_taken":["M","?","?","?","M","R","$","M","T","R","?","M","?","?","R","BOSS","M","M","M","M"],"items_purchased_type":["Card","Card","Card","Card"],"build_version":"2020-12-22","purchased_purges":0,"victory":false,"max_hp_per_floor":[75,75,75,75,75,75,75,75,75,75,75,75,75,75,75,75,75,75,75,75,75,75],"relic_stats":{"counters":[10,45],"Boot":[18],"obtain_stats":[{"ReplayTheSpireMod:Ring of Collecting":3,"Replay:Bronze Core":17,"HollowMod:VesselMask":0,"Ring of Fury":9,"HollowMod:PaleOreRelic":0,"Boot":9},{"ReplayTheSpireMod:Ring of Collecting":1,"Replay:Bronze Core":6,"HollowMod:VesselMask":0,"Ring of Fury":3,"HollowMod:PaleOreRelic":0,"Boot":3},{"ReplayTheSpireMod:Ring of Collecting":2,"Replay:Bronze Core":25,"HollowMod:VesselMask":0,"Ring of Fury":8,"HollowMod:PaleOreRelic":0,"Boot":8}]},"card_choices":[{"not_picked":["HollowMod:VengefulVoid","HollowMod:CycloneSlash"],"picked":"HollowMod:NewJinnsSoul","floor":1},{"not_picked":["HollowMod:DescendingDark","HollowMod:MawleksShell"],"picked":"HollowMod:BaldurShell","floor":5},{"not_picked":["HollowMod:SharpenedShadows","HollowMod:CloakDash"],"picked":"HollowMod:MantisMark","floor":8},{"not_picked":["HollowMod:NewJinnsSoul","HollowMod:GoodIntentions"],"picked":"HollowMod:BaldurShell","floor":12},{"not_picked":["HollowMod:ShadowDash","HollowMod:MawleksShell","HollowMod:PerfectDash"],"picked":"SKIP","floor":14},{"not_picked":["HollowMod:LifebloodCore","HollowMod:Hiveblood"],"picked":"HollowMod:NewInfectedGuardian","floor":16},{"not_picked":["HollowMod:VengefulVoid","HollowMod:DashSlash+1"],"picked":"HollowMod:SoulStrike+1","floor":18},{"not_picked":["HollowMod:HeavyBlow","HollowMod:LifebloodCocoon"],"picked":"HollowMod:CloakDash","floor":19},{"not_picked":["HollowMod:FallenFury","HollowMod:HowlingWraiths"],"picked":"HollowMod:SoulStrike+1","floor":20}],"player_experience":52663,"relics_obtained":[{"floor":3,"key":"ReplayTheSpireMod:Ring of Collecting"},{"floor":9,"key":"Boot"},{"floor":9,"key":"Ring of Fury"}],"event_choices":[{"damage_healed":0,"gold_gain":75,"player_choice":"Gather Gold","damage_taken":11,"max_hp_gain":0,"max_hp_loss":0,"event_name":"World of Goop","floor":4,"gold_loss":0},{"cards_removed":["Amnesia"],"damage_healed":0,"gold_gain":0,"player_choice":"Card Removal","damage_taken":0,"max_hp_gain":0,"max_hp_loss":0,"event_name":"The Cleric","floor":11,"gold_loss":50}],"is_beta":false,"boss_relics":[{"not_picked":["SacredBark","infinitespire:Cupcake"],"picked":"Replay:Bronze Core"}],"items_purged_floors":[],"is_endless":false,"potions_floor_spawned":[1,8,12,14,16,19],"killed_by":"Snake Plant","ascension_level":0}}