{"host":"5h6e4l6hpn0p5lap","time":1613277985,"event":{"mods":["AchievementEnabler","BaseMod","Better Altar","Better Match","Better Sensory Stone","Better Skull","Better Third Choice","Colored Map","Filter the Spire","Minty Spire (QoL Compilation)","StSLib"],"gold_per_floor":[118,135,154,119,166,191,35,63,63,86,159,171,183,33,33,138,138,156,168,168,118,137,137,41,41,41,71,71,81,81,180,180,284,284,300,300,319,189,203,230,255,255,255],"floor_reached":42,"language":"ENG","playtime":1930,"items_purged":["Strike_P","Strike_P","Strike_P","Strike_P"],"score":741,"play_id":"75830b2f-46bb-4c2e-92c0-fd1dff89e9af","local_time":"20210213234625","is_ascension_mode":true,"campfire_choices":[{"data":"DevaForm","floor":12,"key":"SMITH"},{"data":"Tantrum","floor":15,"key":"SMITH"},{"data":"Eruption","floor":23,"key":"SMITH"},{"data":"Ragnarok","floor":25,"key":"SMITH"},{"data":"ThirdEye","floor":28,"key":"SMITH"},{"floor":30,"key":"REST"},{"data":"Wallop","floor":32,"key":"SMITH"}],"circlet_count":0,"master_deck":["AscendersBane","Defend_P","Defend_P","Defend_P","Defend_P","Eruption+1","Vigilance","CrushJoints","EmptyMind","Tantrum+1","Fasting2+1","ThirdEye+1","CutThroughFate","DevaForm+1","Wallop+1","SashWhip","Ragnarok+1","Protect+1","Halt","ThirdEye+1","Wallop+1","Scrawl","TalkToTheHand","FollowUp+1","ClearTheMind+1"],"relics":["SlaversCollar","Lantern","Vajra","Lee\u0027s Waffle","Torii","MawBank","TungstenRod","Calling Bell","Smiling Mask","Singing Bowl","Incense Burner","StrikeDummy","Omamori","Fusion Hammer","Eternal Feather","Bag of Preparation"],"acts_visited":["Exordium","TheCity","TheBeyond"],"potions_floor_usage":[6,10,18,19,22,22,27,40,40,42],"damage_taken":[{"damage":12,"enemies":"Jaw Worm","floor":1,"turns":4},{"damage":5,"enemies":"Small Slimes","floor":2,"turns":3},{"damage":0,"enemies":"2 Louse","floor":3,"turns":2},{"damage":14,"enemies":"Gremlin Nob","floor":6,"turns":4},{"damage":12,"enemies":"3 Sentries","floor":8,"turns":5},{"damage":18,"enemies":"Exordium Thugs","floor":10,"turns":4},{"damage":0,"enemies":"Gremlin Nob","floor":11,"turns":2},{"damage":5,"enemies":"Slime Boss","floor":16,"turns":6},{"damage":12,"enemies":"Shell Parasite","floor":18,"turns":4},{"damage":0,"enemies":"3 Byrds","floor":19,"turns":8},{"damage":8,"enemies":"Cultist and Chosen","floor":22,"turns":8},{"damage":5,"enemies":"Gremlin Leader","floor":27,"turns":6},{"damage":15,"enemies":"Snecko","floor":29,"turns":3},{"damage":55,"enemies":"Champ","floor":33,"turns":10},{"damage":13,"enemies":"3 Shapes","floor":35,"turns":4},{"damage":42,"enemies":"3 Darklings","floor":37,"turns":5},{"damage":12,"enemies":"Spire Growth","floor":39,"turns":5},{"damage":0,"enemies":"Nemesis","floor":40,"turns":9},{"damage":0,"enemies":"Sphere and 2 Shapes","floor":42,"turns":2}],"seed_played":"-2860007706120364589","potions_obtained":[{"floor":3,"key":"Block Potion"},{"floor":8,"key":"Explosive Potion"},{"floor":10,"key":"Swift Potion"},{"floor":11,"key":"Regen Potion"},{"floor":16,"key":"FearPotion"},{"floor":18,"key":"PowerPotion"},{"floor":19,"key":"LiquidMemories"},{"floor":37,"key":"Dexterity Potion"},{"floor":39,"key":"ColorlessPotion"},{"floor":40,"key":"BottledMiracle"}],"is_trial":false,"path_per_floor":["M","M","M","?","T","E","$","E","T","M","?","R","?","$","R","B",null,"M","M","?","$","M","R","$","R","T","E","R","M","R","?","R","B",null,"M","?","M","$","M","E","T","M"],"character_chosen":"WATCHER","items_purchased":["Lee\u0027s Waffle","Wallop","SashWhip","Halt","TalkToTheHand"],"campfire_rested":1,"item_purchase_floors":[7,14,14,24,38],"current_hp_per_floor":[53,48,48,66,66,52,79,67,67,49,49,49,49,49,49,44,70,72,72,70,70,64,64,64,64,64,59,59,44,68,68,68,13,66,55,55,15,15,3,3,3,3,3],"gold":255,"neow_bonus":"BOSS_RELIC","is_daily":false,"chose_seed":false,"campfire_upgraded":6,"win_rate":0.0,"timestamp":1613277985,"path_taken":["M","M","M","?","?","E","$","E","T","M","?","R","?","?","R","BOSS","M","M","?","?","M","R","$","R","T","E","R","?","R","?","R","BOSS","M","?","M","$","M","E","?","M"],"items_purchased_type":["Relic","Card","Card","Card","Card"],"build_version":"2020-12-22","purchased_purges":4,"victory":false,"max_hp_per_floor":[72,72,72,72,72,72,79,79,79,79,79,79,79,79,79,79,79,81,81,81,81,83,83,83,83,83,83,83,83,83,83,83,83,83,85,85,87,87,87,87,87,87,87],"card_choices":[{"not_picked":["Protect","BattleHymn"],"picked":"CrushJoints","floor":1},{"not_picked":["FollowUp","CrushJoints"],"picked":"EmptyMind","floor":2},{"not_picked":["MentalFortress","Swivel"],"picked":"Tantrum","floor":3},{"not_picked":["PathToVictory","DeceiveReality"],"picked":"Fasting2","floor":6},{"not_picked":["MasterReality","Worship"],"picked":"ThirdEye","floor":8},{"not_picked":["EmptyBody","CarveReality"],"picked":"CutThroughFate","floor":10},{"not_picked":["Pray","PathToVictory"],"picked":"DevaForm","floor":11},{"not_picked":["DeusExMachina","Establishment"],"picked":"Ragnarok","floor":16},{"not_picked":["BattleHymn","EmptyBody","Consecrate"],"picked":"Singing Bowl","floor":18},{"not_picked":["Consecrate","SashWhip"],"picked":"Protect+1","floor":19},{"not_picked":["FlurryOfBlows","Protect","Study"],"picked":"Singing Bowl","floor":22},{"not_picked":["Halt","Collect"],"picked":"ThirdEye+1","floor":27},{"not_picked":["CutThroughFate","MentalFortress"],"picked":"Wallop+1","floor":29},{"not_picked":["Omniscience","MasterReality"],"picked":"Scrawl","floor":33},{"not_picked":["Consecrate","FlurryOfBlows+1","Protect"],"picked":"Singing Bowl","floor":35},{"not_picked":["SignatureMove+1","WheelKick+1","CrushJoints"],"picked":"Singing Bowl","floor":37},{"not_picked":["Study+1","JustLucky+1"],"picked":"FollowUp+1","floor":39},{"not_picked":["InnerPeace","ThirdEye+1"],"picked":"ClearTheMind+1","floor":40}],"player_experience":1108648,"relics_obtained":[{"floor":5,"key":"Lantern"},{"floor":6,"key":"Vajra"},{"floor":8,"key":"Torii"},{"floor":9,"key":"MawBank"},{"floor":11,"key":"TungstenRod"},{"floor":17,"key":"Smiling Mask"},{"floor":17,"key":"Singing Bowl"},{"floor":17,"key":"Incense Burner"},{"floor":26,"key":"StrikeDummy"},{"floor":27,"key":"Omamori"},{"floor":40,"key":"Eternal Feather"},{"floor":41,"key":"Bag of Preparation"}],"event_choices":[{"damage_healed":18,"gold_gain":0,"player_choice":"Healed","damage_taken":0,"max_hp_gain":0,"max_hp_loss":0,"event_name":"The Cleric","floor":4,"gold_loss":35},{"damage_healed":0,"gold_gain":0,"player_choice":"Searched \u00272\u0027 times","damage_taken":0,"max_hp_gain":0,"max_hp_loss":0,"event_name":"Dead Adventurer","floor":11,"gold_loss":0},{"damage_healed":0,"gold_gain":0,"player_choice":"Grow","damage_taken":0,"max_hp_gain":0,"max_hp_loss":0,"event_name":"Living Wall","floor":13,"gold_loss":0,"cards_upgraded":["Fasting2"]},{"damage_healed":0,"gold_gain":0,"player_choice":"Punched","damage_taken":3,"max_hp_gain":0,"max_hp_loss":0,"event_name":"Designer","floor":20,"gold_loss":0},{"damage_healed":0,"gold_gain":99,"player_choice":"Steal","damage_taken":0,"max_hp_gain":0,"max_hp_loss":0,"event_name":"betterThird:BetterNest","floor":31,"gold_loss":0},{"damage_healed":0,"gold_gain":0,"player_choice":"Ignored","damage_taken":0,"max_hp_gain":0,"max_hp_loss":0,"event_name":"Tomb of Lord Red Mask","floor":36,"gold_loss":0}],"is_beta":false,"boss_relics":[{"not_picked":["Coffee Dripper","SacredBark"],"picked":"Calling Bell"},{"not_picked":["Snecko Eye","Empty Cage"],"picked":"Fusion Hammer"}],"items_purged_floors":[14,21,24,38],"is_endless":false,"potions_floor_spawned":[3,8,10,11,16,18,19,37,39,40],"killed_by":"Sphere and 2 Shapes","ascension_level":10}}