{"host":"y4fuci1jk2rsxnep","time":1613320590,"event":{"mods":["AchievementEnabler","BaseMod","Colored Powertips","Custom Start","Defuse TimeMaze Blight","Dio Mod","Downfall","Hermit","Hero for Fun","Hubris","Hunter ??","Infinite Spire","Minty Spire (QoL Compilation)","Quick Restart","Reliquary","Remove Card Discount Mod","Replay The Spire","StSLib","The Blackbeard","The Bug Knight","The Mystic","The Runesmith"],"gold_per_floor":[116,132,142,142,158,185,16,16,66,91,87,119,129,141,141,246,246,246,246],"floor_reached":17,"language":"ENG","playtime":1741,"items_purged":["bronze:DelayedSlice","bronze:Strike","bronze:Strike","bronze:Strike","bronze:Strike"],"score":227,"play_id":"2aed6dc7-f1ac-475b-84bc-99824d9a5807","local_time":"20210214173630","daily_mods":["Heirloom","Flight"],"is_ascension_mode":false,"campfire_choices":[{"data":"bronze:Replicate","floor":8,"key":"SMITH"},{"data":"bronze:SpaghettiCode","floor":15,"key":"SMITH"}],"circlet_count":0,"master_deck":["bronze:Replicate+1","bronze:Goto","bronze:FineTuning","bronze:FineTuning","bronze:SpaghettiCode+1","bronze:WildBeam","bronze:HardenedForm","bronze:ItsAFeature","bronze:Philosophize","bronze:Overheat","bronze:BuggyMess"],"relics":["bronze:BronzeCore","reliquary:OuijaBoard","War Paint","infinitespire:PuzzleCube","infinitespire:Beetle Shell","HollowMod:LifeEnderRelic","Pandora\u0027s Box"],"acts_visited":["Exordium","TheCity"],"potions_floor_usage":[],"damage_taken":[{"damage":4,"enemies":"Small Slimes","floor":1,"turns":4},{"damage":0,"enemies":"Cultist","floor":2,"turns":4},{"damage":3,"enemies":"2 Louse","floor":3,"turns":2},{"damage":13,"enemies":"Lots of Slimes","floor":5,"turns":3},{"damage":11,"enemies":"HollowMod:MossKnight","floor":6,"turns":10},{"damage":6,"enemies":"Lagavulin","floor":10,"turns":4},{"damage":7,"enemies":"HollowMod:MossKnight","floor":12,"turns":6},{"damage":0,"enemies":"Blue Slaver","floor":13,"turns":1},{"damage":0,"enemies":"2 Fungi Beasts","floor":14,"turns":1},{"damage":0,"enemies":"Slime Boss","floor":16,"turns":5}],"seed_played":"-4640190511842389906","potions_obtained":[{"floor":1,"key":"GamblersBrew"},{"floor":3,"key":"Milkshake"},{"floor":12,"key":"Explosive Potion"}],"is_trial":true,"path_per_floor":["M","M","M","?","M","E","$","R","T","E","$","E","M","M","R","B",null],"character_chosen":"THE_AUTOMATON","items_purchased":["bronze:SpaghettiCode"],"campfire_rested":0,"item_purchase_floors":[7],"current_hp_per_floor":[66,66,63,63,50,39,39,39,39,33,33,26,26,26,26,26,70,70,70],"gold":246,"neow_bonus":"","is_daily":false,"chose_seed":false,"campfire_upgraded":2,"win_rate":0.0,"timestamp":1613320590,"path_taken":["M","M","M","?","?","E","$","R","T","E","$","E","M","M","R","BOSS"],"items_purchased_type":["Card"],"build_version":"2020-12-22","purchased_purges":5,"victory":false,"max_hp_per_floor":[70,70,70,70,70,70,70,70,70,70,70,70,70,70,70,70,70,70,70],"card_choices":[{"not_picked":["bronze:OilSpill","bronze:Frontload","bronze:BuggyMess"],"picked":"SKIP","floor":1},{"not_picked":["bronze:Return","bronze:OilSpill","bronze:ForceShield"],"picked":"SKIP","floor":2},{"not_picked":["bronze:Overload","bronze:FineTuning"],"picked":"bronze:DelayedSlice","floor":3},{"not_picked":["bronze:Branch","bronze:BitShift"],"picked":"bronze:FineTuning","floor":5},{"not_picked":["bronze:GetLatest","bronze:Overheat"],"picked":"bronze:FineTuning","floor":6},{"not_picked":["bronze:Turbo","bronze:Repair","bronze:DelayedGuard"],"picked":"SKIP","floor":10},{"not_picked":["bronze:DigitalCarnage","bronze:Repulsor","bronze:DelayedSlice"],"picked":"SKIP","floor":12},{"not_picked":["bronze:Fortify","bronze:Shell","bronze:RecursiveStrike"],"picked":"SKIP","floor":13},{"not_picked":["bronze:DelayedGuard","bronze:Optimize"],"picked":"bronze:WildBeam","floor":14},{"not_picked":["bronze:CleanCode","bronze:FindAndReplace"],"picked":"bronze:HardenedForm","floor":16}],"player_experience":562218,"relics_obtained":[{"floor":6,"key":"War Paint"},{"floor":9,"key":"infinitespire:PuzzleCube"},{"floor":10,"key":"infinitespire:Beetle Shell"},{"floor":12,"key":"HollowMod:LifeEnderRelic"}],"event_choices":[{"damage_healed":0,"gold_gain":0,"player_choice":"Ignored","damage_taken":0,"max_hp_gain":0,"max_hp_loss":0,"event_name":"NoteForYourself","floor":4,"gold_loss":0}],"is_beta":false,"boss_relics":[{"not_picked":["Runic Pyramid","hubris:CrackedHourglass"],"picked":"Pandora\u0027s Box"}],"items_purged_floors":[7,7,7,11,11],"is_endless":false,"potions_floor_spawned":[1,3,12,14,16],"ascension_level":0}}