{"host":"36mulxq349byzoa2","time":1613334093,"event":{"mods":["AchievementEnabler","BaseMod","Block Reminder","Colored Map","Colored Powertips","Minty Spire (QoL Compilation)","Rare Cards Sparkle","StSLib","SuperFastMode"],"gold_per_floor":[111,122,139,165,165,498,498,509,535,567,567,567,567,523,523,523,523],"floor_reached":16,"language":"ENG","playtime":271,"items_purged":[],"score":211,"play_id":"aaf18e8b-e0d5-49a4-ac02-c7b334c27bf6","local_time":"20210214152133","is_ascension_mode":true,"campfire_choices":[{"data":"Aggregate","floor":7,"key":"SMITH"},{"floor":13,"key":"REST"},{"floor":15,"key":"REST"}],"circlet_count":0,"master_deck":["AscendersBane","Strike_B","Strike_B","Defend_B","Defend_B","Defend_B","Defend_B","Zap","Dualcast","Loop","Ball Lightning","Melter","Meteor Strike","Aggregate+1","Conserve Battery","Turbo"],"relics":["Cracked Core","NeowsBlessing","Akabeko","Old Coin","Bag of Preparation","Question Card","Golden Idol"],"acts_visited":["Exordium"],"potions_floor_usage":[6,10],"damage_taken":[{"damage":0,"enemies":"Cultist","floor":1,"turns":1},{"damage":0,"enemies":"2 Louse","floor":2,"turns":1},{"damage":0,"enemies":"Jaw Worm","floor":3,"turns":1},{"damage":8,"enemies":"Gremlin Nob","floor":6,"turns":3},{"damage":14,"enemies":"3 Louse","floor":8,"turns":3},{"damage":23,"enemies":"Lagavulin","floor":10,"turns":4},{"damage":52,"enemies":"Hexaghost","floor":16,"turns":9}],"seed_played":"-627284270415258523","potions_obtained":[{"floor":1,"key":"Fire Potion"},{"floor":2,"key":"BlessingOfTheForge"},{"floor":6,"key":"Explosive Potion"}],"is_trial":false,"path_per_floor":["M","M","M","T","?","E","R","M","T","E","?","?","R","?","R","B"],"character_chosen":"DEFECT","items_purchased":[],"campfire_rested":2,"item_purchase_floors":[],"current_hp_per_floor":[64,64,64,64,64,56,56,42,42,19,12,12,31,31,50,0,0],"gold":523,"neow_bonus":"THREE_ENEMY_KILL","is_daily":false,"chose_seed":false,"campfire_upgraded":1,"win_rate":0.0,"timestamp":1613334093,"path_taken":["M","M","M","?","?","E","R","?","T","E","?","?","R","?","R","BOSS"],"items_purchased_type":[],"build_version":"2020-12-22","purchased_purges":0,"victory":false,"max_hp_per_floor":[71,71,71,71,71,71,71,71,71,71,71,64,64,64,64,64,64],"card_choices":[{"not_picked":["Stack","Double Energy"],"picked":"Loop","floor":1},{"not_picked":["Lockon","Compile Driver"],"picked":"Ball Lightning","floor":2},{"not_picked":["Barrage","Rebound"],"picked":"Melter","floor":3},{"not_picked":["Hyperbeam","Redo"],"picked":"Aggregate","floor":6},{"not_picked":["Ball Lightning","Stack"],"picked":"Conserve Battery","floor":8},{"not_picked":["Defragment","Static Discharge"],"picked":"Turbo","floor":10}],"player_experience":1046835,"relics_obtained":[{"floor":4,"key":"Akabeko"},{"floor":6,"key":"Old Coin"},{"floor":9,"key":"Bag of Preparation"},{"floor":10,"key":"Question Card"}],"event_choices":[{"damage_healed":0,"gold_gain":0,"cards_transformed":["Strike_B"],"player_choice":"Change","damage_taken":0,"max_hp_gain":0,"max_hp_loss":0,"event_name":"Living Wall","floor":5,"gold_loss":0,"cards_obtained":["Meteor Strike"]},{"cards_removed":["Strike_B"],"damage_healed":0,"gold_gain":0,"player_choice":"Card Removal","damage_taken":7,"max_hp_gain":0,"max_hp_loss":0,"event_name":"Golden Wing","floor":11,"gold_loss":0},{"damage_healed":0,"gold_gain":0,"player_choice":"Lose Max HP","damage_taken":0,"relics_obtained":["Golden Idol"],"max_hp_gain":0,"max_hp_loss":7,"event_name":"Golden Idol","floor":12,"gold_loss":0},{"damage_healed":0,"gold_gain":0,"player_choice":"Left Gold","damage_taken":0,"max_hp_gain":0,"max_hp_loss":0,"event_name":"World of Goop","floor":14,"gold_loss":44}],"is_beta":false,"boss_relics":[],"items_purged_floors":[],"is_endless":false,"potions_floor_spawned":[1,2,6,8],"killed_by":"Hexaghost","ascension_level":19}}