{"host":"7iv10lxbxedtd0qh","time":1613329294,"event":{"mods":["100% Spire Juice","Act Like it!","BaseMod","Bestiary","CapriCore","Colored Map","Colored Powertips","Downfall","Minty Spire (QoL Compilation)","Spire Arcade","StSLib","The Alterego","The Immortal","The Marked","TheVacant"],"gold_per_floor":[14,26,37,53,3,34,34,60,60,60,94,94,119,44,44,143,143,162,179,179,30,30,64,64,64,64,64],"floor_reached":25,"language":"ENG","playtime":1602,"items_purged":["MokouMod:Defend"],"score":259,"play_id":"fded7a3b-88f3-4a40-8026-e17987b938e9","local_time":"20210214200134","is_ascension_mode":true,"campfire_choices":[{"floor":7,"key":"REST"},{"data":"MokouMod:Ventilation","floor":12,"key":"SMITH"},{"data":"MokouMod:HeatCyclone","floor":15,"key":"SMITH"},{"data":"MokouMod:EternalBurstReactor","floor":24,"key":"SMITH"}],"circlet_count":0,"master_deck":["MokouMod:Strike","MokouMod:Strike","MokouMod:Strike","MokouMod:Strike","MokouMod:Defend","MokouMod:Defend","MokouMod:HeatSpark","Violence","MokouMod:RoaringFlare","MokouMod:AdaptivePyromancy","MokouMod:Fireball","MokouMod:FlareStarter","MokouMod:HeatCyclone+1","MokouMod:HeatCyclone","MokouMod:UncontrollableSolarReaction","MokouMod:Ventilation+1","MokouMod:Rebirth","MokouMod:ResonanceReactor","MokouMod:EternalBurstReactor+1"],"relics":["MokouMod:PhoenixFeather","Vajra","Boot","Bottled Lightning","Gambling Chip","hexamod:Sixitude","Snecko Eye","PreservedInsect","Blue Candle","WingedGreaves"],"acts_visited":["Exordium","TheCity"],"potions_floor_usage":[6,11,13,16,23,23],"damage_taken":[{"damage":1,"enemies":"Jaw Worm","floor":1,"turns":3},{"damage":7,"enemies":"2 Louse","floor":2,"turns":2},{"damage":0,"enemies":"Small Slimes","floor":3,"turns":4},{"damage":13,"enemies":"Blue Slaver","floor":4,"turns":5},{"damage":52,"enemies":"Lagavulin","floor":6,"turns":7},{"damage":10,"enemies":"3 Sentries","floor":8,"turns":6},{"damage":15,"enemies":"Lagavulin","floor":11,"turns":8},{"damage":8,"enemies":"Gremlin Nob","floor":13,"turns":3},{"damage":45,"enemies":"Hexaghost","floor":16,"turns":13},{"damage":15,"enemies":"3 Byrds","floor":18,"turns":4},{"damage":15,"enemies":"Spheric Guardian","floor":19,"turns":6},{"damage":74,"enemies":"Gremlin Leader","floor":23,"turns":10},{"damage":103,"enemies":"Book of Stabbing","floor":25,"turns":8}],"seed_played":"4254617532716132235","potions_obtained":[{"floor":1,"key":"Regen Potion"},{"floor":6,"key":"SteroidPotion"},{"floor":8,"key":"Regen Potion"},{"floor":11,"key":"ColorlessPotion"},{"floor":16,"key":"Guardian:BlockOnCardUsePotion"},{"floor":18,"key":"Ancient Potion"},{"floor":19,"key":"SteroidPotion"}],"is_trial":false,"path_per_floor":["M","M","M","M","?","E","R","E","T","?","E","R","E","$","R","B",null,"M","M","?","$","?","E","R","E"],"character_chosen":"MKU","items_purchased":["PreservedInsect"],"campfire_rested":1,"item_purchase_floors":[21],"current_hp_per_floor":[74,67,67,54,54,17,39,29,29,29,29,29,21,21,21,16,75,60,45,45,45,40,6,6,0,0,0],"gold":64,"neow_bonus":"RANDOM_COLORLESS_2","is_daily":false,"chose_seed":false,"campfire_upgraded":3,"win_rate":0.0,"timestamp":1613329294,"path_taken":["M","M","M","M","?","E","R","E","T","?","E","R","E","$","R","BOSS","M","M","?","$","?","E","R","E"],"items_purchased_type":["Relic"],"build_version":"2020-12-22","purchased_purges":1,"victory":false,"max_hp_per_floor":[75,75,75,75,75,75,75,75,75,75,75,75,75,75,75,75,75,75,75,75,75,75,75,75,75,75,75],"card_choices":[{"not_picked":["Master of Strategy","Secret Weapon"],"picked":"Violence","floor":0},{"not_picked":["MokouMod:Sear","MokouMod:ThermalPressure"],"picked":"MokouMod:RoaringFlare","floor":1},{"not_picked":["MokouMod:SearingShot","MokouMod:IgnitionBarrier"],"picked":"MokouMod:AdaptivePyromancy","floor":2},{"not_picked":["MokouMod:SearingShot","MokouMod:SubterraneanCore"],"picked":"MokouMod:Fireball","floor":3},{"not_picked":["MokouMod:ResoluteFlare","MokouMod:Cataclysm"],"picked":"MokouMod:FlareStarter","floor":4},{"not_picked":["MokouMod:BlazingComet","MokouMod:Singe"],"picked":"MokouMod:HeatCyclone","floor":6},{"not_picked":["MokouMod:IndiscriminateIgnition","MokouMod:FujiyamaVolcano"],"picked":"MokouMod:HeatCyclone","floor":8},{"not_picked":["MokouMod:RoaringFlare","MokouMod:BlazingComet"],"picked":"MokouMod:Ventilation","floor":11},{"not_picked":["MokouMod:RetainTemperature","MokouMod:Burn","MokouMod:FlareStarter"],"picked":"SKIP","floor":13},{"not_picked":["MokouMod:Ventilation","MokouMod:ProfanedFlare"],"picked":"MokouMod:Rebirth","floor":16},{"not_picked":["MokouMod:Burn","MokouMod:TemporalFireSeal"],"picked":"MokouMod:ResonanceReactor","floor":18},{"not_picked":["MokouMod:FlamingFireTalons","MokouMod:FujiyamaVolcano","MokouMod:UncontrollableSolarReaction"],"picked":"SKIP","floor":19},{"not_picked":["MokouMod:ShiftIgnition","MokouMod:ScorchingColumn+1"],"picked":"MokouMod:EternalBurstReactor","floor":23}],"player_experience":861487,"relics_obtained":[{"floor":6,"key":"Vajra"},{"floor":8,"key":"Boot"},{"floor":9,"key":"Bottled Lightning"},{"floor":11,"key":"Gambling Chip"},{"floor":13,"key":"hexamod:Sixitude"},{"floor":23,"key":"WingedGreaves"}],"event_choices":[{"cards_removed":["MokouMod:Strike"],"damage_healed":0,"gold_gain":0,"player_choice":"Card Removal","damage_taken":0,"max_hp_gain":0,"max_hp_loss":0,"event_name":"The Cleric","floor":5,"gold_loss":50},{"damage_healed":0,"gold_gain":0,"cards_transformed":["MokouMod:Defend"],"player_choice":"Change","damage_taken":0,"max_hp_gain":0,"max_hp_loss":0,"event_name":"Living Wall","floor":10,"gold_loss":0,"cards_obtained":["MokouMod:UncontrollableSolarReaction"]},{"damage_healed":0,"gold_gain":0,"player_choice":"Ignored","damage_taken":0,"max_hp_gain":0,"max_hp_loss":0,"event_name":"Ghosts","floor":20,"gold_loss":0}],"is_beta":false,"boss_relics":[{"not_picked":["Busted Crown","SlaversCollar"],"picked":"Snecko Eye"}],"items_purged_floors":[14],"is_endless":false,"potions_floor_spawned":[1,6,8,11,16,18,19],"killed_by":"Book of Stabbing","ascension_level":1}}