{"host":"farxtl2u8hmkbdo2","time":1613267020,"event":{"mods":["A Magickal Journey","BaseMod","Better Altar","Better Note","Better Sensory Stone","Better Skull","Better Third Choice","Challenge The Spire","Colored Map","Colored Powertips","Current Relic Mod","Downfall","Energized Spire","Fox Events","Gremlin Mod","Hermit","Hubris","Mimic Mod","Minty Spire (QoL Compilation)","Quick Restart","READ ME - Guardian Mod","Rare Cards Sparkle","StSLib","The Bladedancer","The Bug Knight","The Cursed","The Disciple","The Hierophant","The Marked","The Necromancer","The Runesmith","Transform Curses"],"gold_per_floor":[118,118,118,128,14,44,44,74,74,100,100,135,161,172,172,276,353,366,366,366,0,0,25,25,25],"floor_reached":24,"language":"SPA","playtime":1283,"items_purged":[],"score":380,"play_id":"e2256c46-1990-4177-83a4-d5dcaf077edb","local_time":"20210213224340","is_ascension_mode":true,"campfire_choices":[{"data":"Runesmith:CraftFirestone","floor":7.0,"key":"SMITH"},{"floor":11,"key":"REST"},{"floor":15,"key":"REST"}],"circlet_count":0,"master_deck":["Runesmith:Strike_RS+1","Runesmith:Strike_RS","Runesmith:Strike_RS+1","Runesmith:Strike_RS","Runesmith:Defend_RS","Runesmith:Defend_RS","Runesmith:Defend_RS","Runesmith:Defend_RS","Runesmith:CraftFirestone+1","Runesmith:Fortify","Runesmith:FissionHammer","Runesmith:Grindstone","Runesmith:PoweredAnvil","Runesmith:LithiumIon","Runesmith:ChaoticBlast","Runesmith:PoweredAnvil","Runesmith:CraftIndustria","Runesmith:OneForEveryone","Runesmith:CraftProtectio","Runesmith:MetallurgicalResearch","Runesmith:DuctTape","Runesmith:CraftSpiculum+1","Runesmith:CraftObretio","Blind","Discovery","Runesmith:PoweredAnvil","Runesmith:Grindstone","Runesmith:RuneHurl","Runesmith:BackupBattery+1"],"relics":["Runesmith:BrokenRuby","Kunai","Whetstone","Ice Cream","Pear","Ancient Tea Set","Bird Faced Urn","foxEvents:LuckyCharm","energizedSpire:MagnifyingGlass","Art of War","HollowMod:PaleOreRelic"],"acts_visited":["Exordium","TheCity"],"potions_floor_usage":[8,23,23,23],"damage_taken":[{"damage":12.0,"enemies":"Small Slimes","floor":1.0,"turns":3.0},{"damage":0.0,"enemies":"2 Louse","floor":4.0,"turns":2.0},{"damage":24.0,"enemies":"Lagavulin","floor":6.0,"turns":5.0},{"damage":29,"enemies":"Gremlin Nob","floor":8,"turns":4},{"damage":12,"enemies":"3 Sentries","floor":10,"turns":6},{"damage":14,"enemies":"Lagavulin","floor":12,"turns":5},{"damage":12,"enemies":"Colosseum Slavers","floor":13,"turns":4},{"damage":0,"enemies":"Cultist","floor":14,"turns":3},{"damage":18,"enemies":"Hexaghost","floor":16,"turns":8},{"damage":25,"enemies":"Chosen","floor":18,"turns":6},{"damage":55,"enemies":"Gremlin Leader","floor":23,"turns":8},{"damage":8,"enemies":"Shell Parasite","floor":24,"turns":2}],"seed_played":"-2792495324663162658","potions_obtained":[{"floor":4.0,"key":"DistilledChaos"},{"floor":6.0,"key":"ColorlessPotion"},{"floor":13,"key":"Fire Potion"},{"floor":14,"key":"hexamod:SoulburnPotion"},{"floor":22,"key":"LiquidMemories"}],"is_trial":false,"path_per_floor":["M","?","?","M","$","E","R","E","T","E","R","E","?","M","R","B",null,"M","?","?","$","?","E","M"],"character_chosen":"RUNESMITH_CLASS","items_purchased":["Runesmith:LithiumIon","Runesmith:ChaoticBlast","Art of War","Runesmith:PoweredAnvil","Runesmith:Grindstone","Runesmith:RuneHurl","PowerPotion"],"campfire_rested":2,"item_purchase_floors":[5,5,21,21,21,21,21],"current_hp_per_floor":[51,56,56,56,56,32,32,3,13,1,26,12,2,4,29,21,69,50,50,50,50,50,7,0,0],"gold":25,"neow_bonus":"ONE_RANDOM_RARE_CARD","is_daily":false,"chose_seed":false,"campfire_upgraded":1,"win_rate":0.0,"timestamp":1613267020,"path_taken":["M","?","?","?","?","E","R","E","T","E","R","E","?","M","R","BOSS","M","?","?","$","?","E","?"],"items_purchased_type":["Card","Card","Relic","Card","Card","Card","Potion"],"build_version":"2020-12-22","purchased_purges":0,"victory":false,"max_hp_per_floor":[70,75,75,75,75,75,75,75,85,85,85,85,85,85,85,85,85,85,85,85,85,85,85,85,85],"card_choices":[{"not_picked":["Runesmith:ShiftingStrike","Runesmith:RuneHurl"],"picked":"Runesmith:Grindstone","floor":1.0},{"not_picked":["Runesmith:BackupBattery","Runesmith:CraftProtectio"],"picked":"Runesmith:PoweredAnvil","floor":4.0},{"not_picked":["Runesmith:ChiselStab","Runesmith:Refine"],"picked":"Runesmith:PoweredAnvil","floor":6.0},{"not_picked":["Runesmith:HammerThrow","Runesmith:ElementalConversion"],"picked":"Runesmith:CraftIndustria","floor":8},{"not_picked":["Runesmith:HeatExchange","Runesmith:StaticCage"],"picked":"Runesmith:OneForEveryone","floor":10},{"not_picked":["Runesmith:Empowerment","Runesmith:RuneHurl"],"picked":"Runesmith:CraftProtectio","floor":12},{"not_picked":["Runesmith:Firestorm","Runesmith:ChiselStab"],"picked":"Runesmith:MetallurgicalResearch","floor":14},{"not_picked":["Runesmith:LightningRod","Runesmith:GrandSlam"],"picked":"Runesmith:DuctTape","floor":16},{"not_picked":["Runesmith:CraftIncendium","Runesmith:HammerThrow"],"picked":"Runesmith:CraftSpiculum+1","floor":18},{"not_picked":["PanicButton","Deep Breath"],"picked":"Blind","floor":20},{"not_picked":["Apotheosis","hubris:Insight"],"picked":"Discovery","floor":20},{"not_picked":["Runesmith:HammerTime","Runesmith:HammerThrow"],"picked":"Runesmith:BackupBattery+1","floor":23}],"player_experience":2207655,"relics_obtained":[{"floor":3.0,"key":"Kunai"},{"floor":6.0,"key":"Whetstone"},{"floor":8,"key":"Ice Cream"},{"floor":9,"key":"Pear"},{"floor":10,"key":"Ancient Tea Set"},{"floor":12,"key":"Bird Faced Urn"},{"floor":13,"key":"foxEvents:LuckyCharm"},{"floor":23,"key":"HollowMod:PaleOreRelic"}],"event_choices":[{"damage_healed":0.0,"max_hp_gain":5.0,"max_hp_loss":0.0,"gold_gain":0.0,"event_name":"Big Fish","player_choice":"Donut","floor":2.0,"gold_loss":0.0,"damage_taken":0.0},{"damage_healed":0.0,"max_hp_gain":0.0,"max_hp_loss":0.0,"gold_gain":0.0,"event_name":"Wheel of Change","player_choice":"Relic","floor":3.0,"gold_loss":0.0,"damage_taken":0.0},{"damage_healed":0,"gold_gain":0,"player_choice":"Read","damage_taken":0,"max_hp_gain":0,"max_hp_loss":0,"event_name":"The Library","floor":19,"gold_loss":0,"cards_obtained":["Runesmith:CraftObretio"]},{"damage_healed":0,"gold_gain":2,"player_choice":"1","damage_taken":0,"max_hp_gain":0,"max_hp_loss":0,"event_name":"betterStone:BetterStone","floor":20,"gold_loss":0},{"damage_healed":0,"gold_gain":0,"player_choice":"Got Potions","damage_taken":0,"max_hp_gain":0,"max_hp_loss":0,"event_name":"Lab","floor":22,"gold_loss":0}],"is_beta":false,"boss_relics":[{"not_picked":["energizedSpire:StickyHand","Runesmith:PocketReactor"],"picked":"energizedSpire:MagnifyingGlass"}],"items_purged_floors":[],"is_endless":false,"potions_floor_spawned":[4,6,13,14],"killed_by":"Shell Parasite","ascension_level":7}}