{"host":"w7pthw6r6331n954","time":1613263507,"event":{"mods":["AchievementEnabler","Act Like it!","BaseMod","BetterRewards","Colored Map","Colored Powertips","Custom Start","Downfall","Hallownest","Hermit","Jorbs\u0027s Wanderer Trilogy","Minty Spire (QoL Compilation)","Replay The Spire","Shop Mod","StSLib","SuperFastMode"],"gold_per_floor":[109,109,109,121,121,121,121,121,152,152,152,152,427,443,13,29,29,125,125,144,144,219,58,73,73,73,107,130,130,230,242,157,174,174,279,279,292,347,11,11,0,29,29,29,98,98,98,98,114,164,164,164,164,164,1,28,28,28],"floor_reached":57,"language":"ENG","playtime":9712,"items_purged":[],"score":615,"play_id":"743a5aef-29b2-4198-807e-2b638311bd5b","local_time":"20210213194507","is_ascension_mode":false,"campfire_choices":[{"floor":6.0,"key":"RECALL"},{"floor":10.0,"key":"REST"},{"data":"hermit:Quickdraw","floor":12.0,"key":"SMITH"},{"data":"hermit:CursedWeapon","floor":17.0,"key":"SMITH"},{"data":"hermit:GoldenBullet","floor":25.0,"key":"SMITH"},{"data":"hermit:RoundhouseKick","floor":29.0,"key":"SMITH"},{"floor":34,"key":"REST"},{"floor":44,"key":"REST"},{"floor":46,"key":"DIG"},{"floor":48,"key":"DIG"},{"data":"hermit:Malice","floor":51,"key":"SMITH"},{"data":"hermit:HighCaliber","floor":54,"key":"SMITH"}],"circlet_count":0,"master_deck":["hermit:Strike_Hermit","hermit:Strike_Hermit","hermit:Strike_Hermit","hermit:Strike_Hermit","hermit:Defend_Hermit","hermit:Defend_Hermit","hermit:Defend_Hermit","hermit:Defend_Hermit","hermit:Snapshot","hermit:Covet","hermit:Gambit","hermit:TrackingShot","hermit:Quickdraw+1","Regret","hermit:Snipe","Regret","hermit:Determination","hermit:Reprieve","hermit:CursedWeapon+1","Finesse","hermit:LowProfile","hermit:RoundhouseKick+1","hermit:LowProfile+1","Necronomicurse","hermit:GoldenBullet+1","hermit:FinalCanter","hermit:TrackingShot","hermit:ShadowCloak","hermit:GhostlyPresence","hermit:EyeOfTheStorm","hermit:HighCaliber+1","hermit:Adapt","hermit:GoldenBullet+1","hermit:Cheat","hermit:Shortfuse","hermit:Combo","hermit:Malice+1","hermit:Dive+1","hermit:Cheat+1","Master of Strategy","hermit:ShadowCloak","hermit:Grudge+1"],"relics":["hermit:ClaspedLocket","Eternal Feather","Boot","MerchantsRug","Necronomicon","Bag of Marbles","Turnip","Incense Burner","Black Star","TungstenRod","Red Mask","Ornamental Fan","Bottled Flame","Replay:Rubber Ducky","Torii","ClockworkSouvenir","Replay:Wax Seal","Vajra"],"acts_visited":["Exordium","TheCity","TheBeyond","TheEnding"],"potions_floor_usage":[33,37,52],"damage_taken":[{"damage":1.0,"enemies":"2 Louse","floor":1.0,"turns":3.0},{"damage":0.0,"enemies":"Cultist","floor":4.0,"turns":2.0},{"damage":39.0,"enemies":"Lagavulin","floor":9.0,"turns":7.0},{"damage":0.0,"enemies":"Small Slimes","floor":14.0,"turns":2.0},{"damage":12.0,"enemies":"Blue Slaver","floor":16.0,"turns":4.0},{"damage":75.0,"enemies":"Fading Forest","floor":18.0,"turns":11.0},{"damage":2.0,"enemies":"Chosen","floor":20.0,"turns":5.0},{"damage":6.0,"enemies":"Shell Parasite","floor":24.0,"turns":3.0},{"damage":21.0,"enemies":"Gremlin Leader","floor":27.0,"turns":6.0},{"damage":33.0,"enemies":"Colosseum Slavers","floor":30.0,"turns":4.0},{"damage":4.0,"enemies":"Colosseum Nobs","floor":30.0,"turns":3.0},{"damage":18.0,"enemies":"Shelled Parasite and Fungi","floor":31.0,"turns":3.0},{"damage":14,"enemies":"Centurion and Healer","floor":33,"turns":4},{"damage":58,"enemies":"Collector","floor":35,"turns":10},{"damage":22,"enemies":"3 Darklings","floor":37,"turns":5},{"damage":16,"enemies":"2 Orb Walkers","floor":38,"turns":3},{"damage":77,"enemies":"Nemesis","floor":42,"turns":9},{"damage":1,"enemies":"Orb Walker","floor":49,"turns":1},{"damage":1,"enemies":"Mind Bloom Boss Battle","floor":50,"turns":3},{"damage":117,"enemies":"Replay:Hell Engine","floor":52,"turns":23},{"damage":165,"enemies":"Shield and Spear","floor":56,"turns":18},{"damage":16,"enemies":"The Heart","floor":57,"turns":5}],"seed_played":"-76553396084272183","potions_obtained":[{"floor":4.0,"key":"Adrenaline Potion"},{"floor":16.0,"key":"CultistPotion"},{"floor":18.0,"key":"ColorlessPotion"},{"floor":20.0,"key":"Block Potion"},{"floor":30.0,"key":"FearPotion"},{"floor":35,"key":"Explosive Potion"},{"floor":38,"key":"SteroidPotion"},{"floor":49,"key":"Fire Potion"}],"is_trial":false,"path_per_floor":["M","?","?","M","?","R","PTL","PTL","E","R","T","R","?","M","$","M","R","B",null,"M","?","?","$","M","R","T","E","T","R","?","M","?","M","R","B",null,"M","?","$","?","?","E","?","R","T","R","?","R","M","?","R","B",null,"R","$","E","B"],"character_chosen":"HERMIT","items_purchased":["MerchantsRug","hermit:Reprieve","hermit:CursedWeapon","Finesse","hermit:GoldenBullet","hermit:FinalCanter","Lee\u0027s Waffle","Juzu Bracelet","hermit:Shortfuse","ClockworkSouvenir","Master of Strategy","FairyPotion","hermit:ShadowCloak"],"campfire_rested":3,"item_purchase_floors":[15,15,15,15,23,23,39,39,39,55,55,55,55],"current_hp_per_floor":[74,74,74,74,74,75,75,75,36,67,67,75,75,75,75,63,75,18,75,73,57,50,50,53,68,82,62,62,77,49,31,31,17,61,12,89,68,53,96,96,96,23,23,72,72,93,93,96,95,95,96,48,96,96,96,11,0,0],"gold":28,"neow_bonus":"ONE_RANDOM_RARE_CARD","is_daily":false,"chose_seed":false,"campfire_upgraded":6,"win_rate":0.0,"timestamp":1613263507,"path_taken":["M","?","?","?","?","R","PTL","PTL","E","R","T","R","?","?","$","M","R","BOSS","M","?","?","$","?","R","?","E","T","R","?","M","?","M","R","BOSS","M","?","$","?","?","E","?","R","T","R","?","R","M","?","R","BOSS","R","$","E","BOSS"],"items_purchased_type":["Relic","Card","Card","Card","Card","Card","Relic","Relic","Card","Relic","Card","Potion","Card"],"build_version":"2020-12-22","purchased_purges":0,"victory":false,"max_hp_per_floor":[75,75,75,75,75,75,75,75,75,75,75,75,75,75,75,75,75,75,75,75,75,75,75,75,75,89,89,89,89,89,89,89,89,89,89,89,89,89,96,96,96,96,96,96,96,96,96,96,96,96,96,96,96,96,96,96,96,96],"card_choices":[{"not_picked":["hermit:BodyArmor","hermit:Feint"],"picked":"hermit:TrackingShot","floor":1.0},{"not_picked":["hermit:Spite","hermit:Horror"],"picked":"hermit:Quickdraw","floor":4.0},{"not_picked":["hermit:Misfire","hermit:Midnight"],"picked":"hermit:Snipe","floor":9.0},{"not_picked":["hermit:Vantage","hermit:BodyArmor"],"picked":"hermit:Determination","floor":14.0},{"not_picked":["hermit:Midnight","hermit:HoleUp"],"picked":"hermit:LowProfile","floor":16.0},{"not_picked":["hermit:FromBeyond","hermit:DeadOrAlive"],"picked":"hermit:RoundhouseKick","floor":18.0},{"not_picked":["hermit:HoleUp","hermit:Manifest"],"picked":"hermit:LowProfile+1","floor":20.0},{"not_picked":["hermit:Manifest","hermit:CursedWeapon+1"],"picked":"hermit:TrackingShot","floor":24.0},{"not_picked":["hermit:BodyArmor","hermit:Malice+1"],"picked":"hermit:ShadowCloak","floor":27.0},{"not_picked":["hermit:LoneWolf","hermit:PistolWhip"],"picked":"hermit:GhostlyPresence","floor":30.0},{"not_picked":["hermit:Enervate","hermit:DeadMansHand","hermit:Manifest"],"picked":"hermit:EyeOfTheStorm","floor":31.0},{"not_picked":["hermit:HoleUp","hermit:Quickdraw","hermit:WideOpen"],"picked":"hermit:HighCaliber","floor":33},{"not_picked":["hermit:Purgatory","hermit:Reprieve","hermit:FromBeyond"],"picked":"hermit:Adapt","floor":35},{"not_picked":["hermit:Vantage","hermit:BodyArmor+1","hermit:HoleUp"],"picked":"hermit:GoldenBullet+1","floor":37},{"not_picked":["hermit:SprayPray+1","hermit:GhostlyPresence+1","hermit:GoldenBullet+1"],"picked":"hermit:Cheat","floor":38},{"not_picked":["hermit:HoleUp","hermit:Determination","hermit:Vantage"],"picked":"hermit:Malice","floor":42},{"not_picked":["hermit:HighCaliber","hermit:Misfire+1","hermit:Spite+1"],"picked":"hermit:Dive+1","floor":49},{"not_picked":["hermit:ItchyTrigger+1","hermit:Headshot","hermit:Quickdraw+1"],"picked":"hermit:Cheat+1","floor":50},{"not_picked":["hermit:BodyArmor+1","hermit:CursedWeapon"],"picked":"hermit:Grudge+1","floor":56}],"player_experience":1233924,"relics_obtained":[{"floor":9.0,"key":"Boot"},{"floor":21.0,"key":"Necronomicon"},{"floor":26.0,"key":"Mango"},{"floor":27.0,"key":"Lizard Tail"},{"floor":28.0,"key":"Bag of Marbles"},{"floor":30.0,"key":"Turnip"},{"floor":30.0,"key":"Question Card"},{"floor":38,"key":"TungstenRod"},{"floor":42,"key":"Gremlin Horn"},{"floor":42,"key":"Replay:Multitool"},{"floor":45,"key":"Ornamental Fan"},{"floor":46,"key":"Bottled Flame"},{"floor":48,"key":"Replay:Rubber Ducky"},{"floor":50,"key":"Torii"},{"floor":56,"key":"Replay:Wax Seal"},{"floor":56,"key":"Vajra"}],"event_choices":[{"cards_removed":["Decay"],"damage_healed":0.0,"max_hp_gain":0.0,"max_hp_loss":0.0,"gold_gain":0.0,"event_name":"Purifier","player_choice":"Purged","floor":3.0,"gold_loss":0.0,"damage_taken":0.0},{"damage_healed":0.0,"max_hp_gain":0.0,"max_hp_loss":0.0,"gold_gain":0.0,"event_name":"Big Fish","player_choice":"Box","floor":5.0,"gold_loss":0.0,"damage_taken":0.0,"relics_obtained":["Eternal Feather"],"cards_obtained":["Regret"]},{"damage_healed":0.0,"max_hp_gain":0.0,"max_hp_loss":0.0,"gold_gain":275.0,"event_name":"Golden Shrine","player_choice":"Desecrate","floor":13.0,"gold_loss":0.0,"damage_taken":0.0,"cards_obtained":["Regret"]},{"damage_healed":0.0,"max_hp_gain":0.0,"max_hp_loss":0.0,"gold_gain":0.0,"event_name":"Cursed Tome","player_choice":"Obtained Book","floor":21.0,"gold_loss":0.0,"damage_taken":16.0},{"damage_healed":0.0,"max_hp_gain":0.0,"max_hp_loss":0.0,"gold_gain":75.0,"event_name":"FaceTrader","player_choice":"Touch","floor":22.0,"gold_loss":0.0,"damage_taken":7.0},{"damage_healed":0.0,"max_hp_gain":0.0,"max_hp_loss":0.0,"gold_gain":0.0,"event_name":"Colosseum","player_choice":"Fight","floor":30.0,"gold_loss":0.0,"damage_taken":0.0},{"damage_healed":0.0,"max_hp_gain":0.0,"max_hp_loss":0.0,"gold_gain":0.0,"event_name":"Colosseum","player_choice":"Fought Nobs","floor":30.0,"gold_loss":0.0,"damage_taken":0.0},{"damage_healed":0.0,"max_hp_gain":0.0,"max_hp_loss":0.0,"gold_gain":0.0,"event_name":"Addict","player_choice":"Obtained Relic","floor":32.0,"gold_loss":85.0,"damage_taken":0.0,"relics_obtained":["Incense Burner"]},{"damage_healed":0,"gold_gain":0,"player_choice":"Fight","damage_taken":0,"max_hp_gain":0,"max_hp_loss":0,"event_name":"Mysterious Sphere","floor":38,"gold_loss":0},{"damage_healed":0,"gold_gain":0,"player_choice":"1 cards matched","damage_taken":0,"max_hp_gain":0,"max_hp_loss":0,"event_name":"Match and Keep!","floor":40,"gold_loss":0,"cards_obtained":["hermit:Combo"]},{"damage_healed":0,"gold_gain":0,"player_choice":"Paid","damage_taken":0,"relics_obtained":["Red Mask"],"max_hp_gain":0,"max_hp_loss":0,"event_name":"Tomb of Lord Red Mask","floor":41,"gold_loss":11},{"damage_healed":0,"gold_gain":0,"player_choice":"Ignored","damage_taken":0,"max_hp_gain":0,"max_hp_loss":0,"event_name":"Fountain of Cleansing","floor":47,"gold_loss":0},{"damage_healed":0,"gold_gain":0,"player_choice":"Fight","damage_taken":0,"max_hp_gain":0,"max_hp_loss":0,"event_name":"MindBloom","floor":50,"gold_loss":0}],"is_beta":false,"boss_relics":[{"not_picked":["Kintsugi","Runic Dome"],"picked":"hermit:ClaspedLocket"},{"not_picked":["Sozu","SacredBark"],"picked":"Black Star"}],"items_purged_floors":[],"is_endless":false,"potions_floor_spawned":[4,16,18,20,30,35,38,49],"killed_by":"The Heart","ascension_level":0}}