{"host":"0mk07bycsqo1qk03","time":1613324711,"event":{"mods":["BaseMod","Downfall","Hermit","Hubris","Minty Spire (QoL Compilation)","Reliquary","Replay The Spire","StSLib","The Cursed"],"gold_per_floor":[186,198,216,236,294,294,294,294],"floor_reached":6,"language":"ENG","playtime":365,"items_purged":[],"score":41,"play_id":"ab57dc1f-205b-41d4-b57d-48c79d4ac0a0","local_time":"20210214184511","is_ascension_mode":true,"campfire_choices":[],"circlet_count":0,"master_deck":["Slimebound:Strike_Slimebound","Slimebound:Strike_Slimebound","Slimebound:Strike_Slimebound","Slimebound:Tackle","Slimebound:Defend_Slimebound","Slimebound:Defend_Slimebound","Slimebound:Defend_Slimebound","Slimebound:Defend_Slimebound","Slimebound:Split","Slimebound:CorrosiveSpit","Slimebound:SamplingLick","Slimebound:BestDefense","Slimebound:ViciousTackle","Slimebound:CheckThePlaybook"],"relics":["Slimebound:AbsorbEndCombat","reliquary:Boomerang"],"acts_visited":["Exordium"],"potions_floor_usage":[5],"damage_taken":[{"damage":7.0,"enemies":"Jaw Worm","floor":2.0,"turns":5.0},{"damage":11,"enemies":"Small Slimes","floor":3,"turns":5},{"damage":5,"enemies":"2 Louse","floor":4,"turns":3},{"damage":24,"enemies":"Gremlin Nob","floor":5,"turns":3},{"damage":48,"enemies":"3 Sentries","floor":6,"turns":7}],"seed_played":"8263819308119165802","potions_obtained":[{"floor":2.0,"key":"ColorlessPotion"},{"floor":4,"key":"Slimebound:SlimedPotion"}],"is_trial":false,"path_per_floor":["R","M","M","M","?","E"],"character_chosen":"SLIMEBOUND","items_purchased":[],"campfire_rested":0,"item_purchase_floors":[],"current_hp_per_floor":[71,67,62,61,41,0,0,0],"gold":294,"neow_bonus":"TEN_PERCENT_HP_BONUS","is_daily":false,"chose_seed":false,"campfire_upgraded":0,"win_rate":0.0,"timestamp":1613324711,"path_taken":["R","M","M","M","?","E"],"items_purchased_type":[],"build_version":"2020-12-22","purchased_purges":0,"victory":false,"max_hp_per_floor":[71,71,71,71,71,71,71,71],"card_choices":[{"not_picked":["Slimebound:LeadByExample","Slimebound:SplitBruiser"],"picked":"Slimebound:SamplingLick","floor":2.0},{"not_picked":["Slimebound:ComboTackle","Slimebound:TongueLash"],"picked":"Slimebound:BestDefense","floor":3},{"not_picked":["Slimebound:SplitMire","Slimebound:SplitAcid"],"picked":"Slimebound:ViciousTackle","floor":4},{"not_picked":["Slimebound:GoopSpray","Slimebound:FormOfPuddle"],"picked":"Slimebound:CheckThePlaybook","floor":5}],"player_experience":1051531,"relics_obtained":[{"floor":5,"key":"reliquary:Boomerang"}],"event_choices":[],"is_beta":false,"boss_relics":[],"items_purged_floors":[],"is_endless":false,"potions_floor_spawned":[2,4],"killed_by":"3 Sentries","ascension_level":3}}