{"host":"uidi9aqiggggrtuu","time":1613344348,"event":{"mods":["AchievementEnabler","BaseMod","Block Reminder","Colored Map","Colored Powertips","Highlight Path","Minty Spire (QoL Compilation)","Relic Stats","StSLib"],"gold_per_floor":[118,133,133,143,157,157,173,189,258,278,278,278,290,306,306,401,401,415,433,433,447,467,467,133,133,187,187,187,199,199,227,227,227,227],"floor_reached":33,"language":"ENG","playtime":1488,"items_purged":[],"score":268,"play_id":"4e1994bb-894b-4700-a65c-073068aef2ef","local_time":"20210214181228","is_ascension_mode":false,"campfire_choices":[{"data":"Sweeping Beam","floor":6.0,"key":"SMITH"},{"floor":12.0,"key":"REST"},{"floor":15.0,"key":"REST"},{"floor":23,"key":"REST"},{"data":"Electrodynamics","floor":25,"key":"SMITH"},{"data":"Leap","floor":27,"key":"SMITH"},{"floor":30,"key":"REST"},{"floor":32,"key":"REST"}],"circlet_count":0,"master_deck":["Strike_B","Strike_B","Strike_B","Strike_B","Defend_B","Defend_B","Defend_B","Defend_B","Zap","Dualcast","Cold Snap+1","Streamline","Tempest","Sweeping Beam+1","Coolheaded","Leap+1","Ball Lightning","Barrage","Rebound","Electrodynamics+1","BootSequence","Go for the Eyes","Aggregate","Panacea","Steam","Double Energy+1","Hologram","Sunder+1","Conserve Battery"],"relics":["Cracked Core","Pen Nib","Pear","Ancient Tea Set","SacredBark","Potion Belt","ClockworkSouvenir","Bronze Scales","MutagenicStrength","Red Mask"],"acts_visited":["Exordium","TheCity"],"potions_floor_usage":[22,33,33,33,33],"damage_taken":[{"damage":0.0,"enemies":"Small Slimes","floor":1.0,"turns":4.0},{"damage":0.0,"enemies":"2 Louse","floor":2.0,"turns":2.0},{"damage":0.0,"enemies":"Cultist","floor":4.0,"turns":3.0},{"damage":7.0,"enemies":"2 Fungi Beasts","floor":5.0,"turns":3.0},{"damage":0.0,"enemies":"Large Slime","floor":7.0,"turns":3.0},{"damage":17.0,"enemies":"Blue Slaver","floor":8.0,"turns":3.0},{"damage":10.0,"enemies":"Lots of Slimes","floor":10.0,"turns":3.0},{"damage":1.0,"enemies":"Red Slaver","floor":13.0,"turns":2.0},{"damage":0.0,"enemies":"Large Slime","floor":14.0,"turns":5.0},{"damage":20.0,"enemies":"Slime Boss","floor":16.0,"turns":9.0},{"damage":17,"enemies":"Spheric Guardian","floor":18,"turns":4},{"damage":0,"enemies":"3 Byrds","floor":19,"turns":2},{"damage":26,"enemies":"Snecko","floor":21,"turns":5},{"damage":0,"enemies":"Cultist and Chosen","floor":22,"turns":6},{"damage":13,"enemies":"Snake Plant","floor":29,"turns":3},{"damage":22,"enemies":"Masked Bandits","floor":31,"turns":4},{"damage":95,"enemies":"Champ","floor":33,"turns":13}],"seed_played":"2907864478347424045","potions_obtained":[{"floor":2.0,"key":"Dexterity Potion"},{"floor":5.0,"key":"Fruit Juice"},{"floor":10.0,"key":"FocusPotion"},{"floor":22,"key":"Fire Potion"},{"floor":29,"key":"Energy Potion"}],"is_trial":false,"path_per_floor":["M","M","?","M","M","R","M","M","T","M","?","R","M","M","R","B",null,"M","M","?","M","M","R","$","R","T","R","?","M","R","?","R","B"],"character_chosen":"DEFECT","items_purchased":["Hologram","Potion Belt","ClockworkSouvenir"],"campfire_rested":5,"item_purchase_floors":[24,24,24],"current_hp_per_floor":[75,75,75,75,68,68,68,51,61,51,33,58,57,57,82,62,85,68,68,68,42,52,80,80,80,80,80,80,67,95,73,95,0,0],"gold":227,"neow_bonus":"RANDOM_COMMON_RELIC","is_daily":false,"chose_seed":false,"campfire_upgraded":3,"win_rate":0.0,"timestamp":1613344348,"path_taken":["M","M","?","M","M","R","M","M","T","M","?","R","M","M","R","BOSS","M","M","?","?","M","R","$","R","T","R","?","M","R","?","R","BOSS"],"items_purchased_type":["Card","Relic","Relic"],"build_version":"2020-12-22","purchased_purges":0,"victory":false,"max_hp_per_floor":[75,75,75,75,75,75,75,75,85,85,85,85,85,85,85,85,85,85,85,85,85,95,95,95,95,95,95,95,95,95,95,95,95,95],"relic_stats":{"counters":[17,74],"Bronze Scales":[53],"Pen Nib":[10],"obtain_stats":[{"Potion Belt":24,"Pear":9,"SacredBark":17,"Bronze Scales":26,"MutagenicStrength":28,"Pen Nib":0,"Red Mask":31,"Cracked Core":0,"Ancient Tea Set":11,"ClockworkSouvenir":24},{"Potion Belt":14,"Pear":6,"SacredBark":10,"Bronze Scales":14,"MutagenicStrength":14,"Pen Nib":0,"Red Mask":16,"Cracked Core":0,"Ancient Tea Set":7,"ClockworkSouvenir":14},{"Potion Belt":54,"Pear":18,"SacredBark":37,"Bronze Scales":54,"MutagenicStrength":54,"Pen Nib":0,"Red Mask":61,"Cracked Core":0,"Ancient Tea Set":21,"ClockworkSouvenir":54}]},"card_choices":[{"not_picked":["Ball Lightning","Streamline"],"picked":"Cold Snap","floor":1.0},{"not_picked":["Turbo","Stack"],"picked":"Streamline","floor":2.0},{"not_picked":["FTL","Streamline"],"picked":"Tempest","floor":4.0},{"not_picked":["Leap","Rebound"],"picked":"Sweeping Beam","floor":5.0},{"not_picked":["Hologram","Scrape"],"picked":"Coolheaded","floor":7.0},{"not_picked":["Barrage","Fusion"],"picked":"Leap","floor":8.0},{"not_picked":["Reboot","Redo"],"picked":"Ball Lightning","floor":10.0},{"not_picked":["Streamline","Coolheaded"],"picked":"Barrage","floor":13.0},{"not_picked":["Barrage","Cold Snap"],"picked":"Rebound","floor":14.0},{"not_picked":["All For One","Meteor Strike"],"picked":"Electrodynamics","floor":16.0},{"not_picked":["Steam","Stack"],"picked":"BootSequence","floor":18},{"not_picked":["Stack","Chill"],"picked":"Go for the Eyes","floor":19},{"not_picked":["Streamline","Thunder Strike"],"picked":"Steam","floor":21},{"not_picked":["Recycle+1","Cold Snap"],"picked":"Double Energy+1","floor":22},{"not_picked":["Rip and Tear","Beam Cell"],"picked":"Sunder+1","floor":29},{"not_picked":["Barrage","Go for the Eyes"],"picked":"Conserve Battery","floor":31}],"player_experience":55004,"relics_obtained":[{"floor":9.0,"key":"Pear"},{"floor":26,"key":"Bronze Scales"},{"floor":31,"key":"Red Mask"}],"event_choices":[{"damage_healed":0.0,"max_hp_gain":0.0,"max_hp_loss":0.0,"gold_gain":0.0,"event_name":"Living Wall","player_choice":"Grow","floor":3.0,"gold_loss":0.0,"damage_taken":0.0,"cards_upgraded":["Cold Snap"]},{"damage_healed":0.0,"max_hp_gain":0.0,"max_hp_loss":0.0,"gold_gain":0.0,"event_name":"Scrap Ooze","player_choice":"Success","floor":11.0,"gold_loss":0.0,"damage_taken":18.0,"relics_obtained":["Ancient Tea Set"]},{"damage_healed":0,"gold_gain":0,"player_choice":"2 cards matched","damage_taken":0,"max_hp_gain":0,"max_hp_loss":0,"event_name":"Match and Keep!","floor":20,"gold_loss":0,"cards_obtained":["Aggregate","Panacea"]},{"damage_healed":0,"gold_gain":0,"player_choice":"Inject Mutagens","damage_taken":0,"relics_obtained":["MutagenicStrength"],"max_hp_gain":0,"max_hp_loss":0,"event_name":"Drug Dealer","floor":28,"gold_loss":0},{"damage_healed":0,"gold_gain":0,"player_choice":"Fought Bandits","damage_taken":0,"max_hp_gain":0,"max_hp_loss":0,"event_name":"Masked Bandits","floor":31,"gold_loss":0}],"is_beta":false,"boss_relics":[{"not_picked":["Snecko Eye","Busted Crown"],"picked":"SacredBark"}],"items_purged_floors":[],"is_endless":false,"potions_floor_spawned":[2,5,10,14,16,22,29],"killed_by":"Champ","ascension_level":0}}