{"host":"bakf0s4odzu8z5xt","time":1613265283,"event":{"mods":["2.2 Compatiblity","BaseMod","Downfall","Friendly Minions","Minty Spire (QoL Compilation)","StSLib"],"gold_per_floor":[99,114,114,126,142,52,77,94,125,141,41,52,52,77,90,192,192,192,209,222,72,72,72,96,13,23,34,52,52,37,65,79,79,79,79],"floor_reached":33,"language":"ENG","playtime":2143,"items_purged":["Pain"],"score":323,"play_id":"627f913b-9bbc-4b2f-a342-57d9cb62b2b8","local_time":"20210213191443","is_ascension_mode":true,"campfire_choices":[{"data":"Guardian:TwinSlam","floor":1.0,"key":"SMITH"},{"floor":11.0,"key":"REST"},{"data":"Guardian:Orbwalk","floor":13.0,"key":"SMITH"},{"floor":18.0,"key":"RECALL"},{"data":"Guardian:FuturePlans","floor":29,"key":"SMITH"}],"circlet_count":0,"master_deck":["Guardian:Strike_Guardian","Guardian:Strike_Guardian","Guardian:Strike_Guardian","Guardian:Defend_Guardian","Guardian:Defend_Guardian","Guardian:Defend_Guardian","Guardian:Defend_Guardian","Guardian:CurlUp","Guardian:TwinSlam+1","Guardian:Orbwalk+1","Guardian:Suspension","Guardian:FloatingOrbs","Guardian:Recover","Guardian:WalkerClaw","Guardian:FloatingOrbs","Guardian:ShieldCharger","Guardian:StasisField","Guardian:Suspension","Guardian:Repulse","Ghostly","Guardian:Recover","Guardian:FuturePlans+1","Guardian:Orbwalk","Guardian:ChargeCore","Guardian:TimeSifter","Guardian:ShieldCharger","Guardian:RefractedBeam+1"],"relics":["Guardian:ModeShifter","WarpedTongs","bronze:BronzeIdol","Bronze Scales","downfall:HeartBlessingGreen","Thread and Needle","Coffee Dripper","MutagenicStrength","Omamori"],"acts_visited":["Exordium","TheCity"],"potions_floor_usage":[26,27],"damage_taken":[{"damage":3.0,"enemies":"Small Slimes","floor":2.0,"turns":4.0},{"damage":8.0,"enemies":"Cultist","floor":4.0,"turns":4.0},{"damage":7.0,"enemies":"Jaw Worm","floor":5.0,"turns":4.0},{"damage":4.0,"enemies":"downfall:FleeingMerchant","floor":6.0,"turns":4.0},{"damage":6.0,"enemies":"2 Fungi Beasts","floor":8.0,"turns":4.0},{"damage":28.0,"enemies":"Gremlin Nob","floor":9.0,"turns":4.0},{"damage":8.0,"enemies":"Blue Slaver","floor":10.0,"turns":3.0},{"damage":6.0,"enemies":"Gremlin Gang","floor":12.0,"turns":5.0},{"damage":8.0,"enemies":"3 Sentries","floor":14.0,"turns":5.0},{"damage":6.0,"enemies":"Exordium Wildlife","floor":15.0,"turns":4.0},{"damage":10.0,"enemies":"IC_STATUS_ARCHETYPE","floor":16.0,"turns":6.0},{"damage":8.0,"enemies":"Chosen","floor":19.0,"turns":6.0},{"damage":6.0,"enemies":"Shell Parasite","floor":20.0,"turns":4.0},{"damage":1,"enemies":"downfall:FleeingMerchant","floor":25,"turns":4},{"damage":10,"enemies":"Snake Plant","floor":26,"turns":5},{"damage":8,"enemies":"Snecko","floor":27,"turns":5},{"damage":4,"enemies":"Cultist and Chosen","floor":28,"turns":6},{"damage":0,"enemies":"downfall:FleeingMerchant","floor":30,"turns":4},{"damage":27,"enemies":"Book of Stabbing","floor":31,"turns":6},{"damage":0,"enemies":"Snake Plant","floor":32,"turns":5},{"damage":24,"enemies":"WA_ARCHETYPE_CALM","floor":33,"turns":5}],"seed_played":"692163087492255407","potions_obtained":[{"floor":2.0,"key":"champ:CounterPotion"},{"floor":4.0,"key":"SpeedPotion"},{"floor":9.0,"key":"SpeedPotion"},{"floor":10.0,"key":"SkillPotion"},{"floor":14.0,"key":"SteroidPotion"},{"floor":20.0,"key":"SpeedPotion"},{"floor":26,"key":"Ancient Potion"},{"floor":31,"key":"Energy Potion"},{"floor":32,"key":"hexamod:SoulburnPotion"}],"is_trial":false,"path_per_floor":["R","M","?","M","M","$","T","M","E","M","R","M","R","E","M","B",null,"R","M","M","?","?","?","T","$","M","M","M","R","$","E","M","B"],"character_chosen":"GUARDIAN","items_purchased":["Guardian:FuturePlans"],"campfire_rested":1,"item_purchase_floors":[25],"current_hp_per_floor":[88,85,85,77,70,66,66,60,32,24,50,44,44,36,30,20,88,88,80,74,74,74,74,74,73,63,55,51,51,51,24,24,0,0,0],"gold":79,"neow_bonus":"TEN_PERCENT_HP_BONUS","is_daily":false,"chose_seed":false,"campfire_upgraded":3,"win_rate":0.0,"timestamp":1613265283,"path_taken":["R","M","?","M","M","$","T","M","E","M","R","?","R","E","M","BOSS","R","M","M","?","?","?","T","$","M","M","M","R","$","E","M","BOSS"],"items_purchased_type":["Card"],"build_version":"2020-12-22","purchased_purges":1,"victory":false,"max_hp_per_floor":[88,88,88,88,88,88,88,88,88,88,88,88,88,88,88,88,88,88,88,88,88,88,88,88,88,88,88,88,88,88,88,88,88,88,88],"card_choices":[{"not_picked":["Guardian:BronzeOrb","Guardian:Gem_Blue"],"picked":"Guardian:Orbwalk","floor":2.0},{"not_picked":["Guardian:SentryBeam","Guardian:Preprogram"],"picked":"Guardian:Suspension","floor":4.0},{"not_picked":["Guardian:MultiBeam","Guardian:BronzeArmor"],"picked":"Guardian:Planning","floor":5.0},{"not_picked":["Guardian:Reroute","Guardian:Preprogram"],"picked":"Guardian:FloatingOrbs","floor":6.0},{"not_picked":["Guardian:ArmoredProtocol","Guardian:EvasiveProtocol"],"picked":"Guardian:Recover","floor":8.0},{"not_picked":["Guardian:ChargeUp","Guardian:VentSteam"],"picked":"Guardian:WalkerClaw","floor":9.0},{"not_picked":["Guardian:MultiBeam","Guardian:GuardianWhirl"],"picked":"Guardian:Gem_Cyan","floor":10.0},{"not_picked":["Guardian:ShieldCharger","Guardian:WalkerClaw"],"picked":"Guardian:FloatingOrbs","floor":12.0},{"not_picked":["Guardian:WalkerClaw","Guardian:CrystalBeam","Guardian:Gem_Green"],"picked":"SKIP","floor":14.0},{"not_picked":["Guardian:ArmoredProtocol","Guardian:Gem_Fragmented"],"picked":"Guardian:ShieldCharger","floor":15.0},{"not_picked":["Guardian:SphericShield","Guardian:ExploitGems"],"picked":"Guardian:StasisField","floor":16.0},{"not_picked":["Guardian:EvasiveProtocol","Guardian:VentSteam+1"],"picked":"Guardian:Suspension","floor":19.0},{"not_picked":["Guardian:TemporalStrike+1","Guardian:Gem_Cyan"],"picked":"Guardian:Repulse","floor":20.0},{"not_picked":["Guardian:PiercingHide","Guardian:StasisField"],"picked":"Guardian:Recover","floor":25},{"not_picked":["Guardian:SentryBeam","Guardian:Harden+1"],"picked":"Guardian:Orbwalk","floor":26},{"not_picked":["Guardian:Planning","Guardian:PrimingBeam","Guardian:ChargeCore"],"picked":"SKIP","floor":27},{"not_picked":["Guardian:Planning","Guardian:PrimingBeam"],"picked":"Guardian:ChargeCore","floor":27},{"not_picked":["Guardian:Planning","Guardian:Gem_Cyan","Guardian:CrystalBeam"],"picked":"SKIP","floor":28},{"not_picked":["Guardian:ShieldSpikes","Guardian:Reroute+1"],"picked":"Guardian:TimeSifter","floor":30},{"not_picked":["Guardian:Suspension","Guardian:VentSteam"],"picked":"Guardian:ShieldCharger","floor":31},{"not_picked":["Guardian:PrimingBeam","Guardian:TemporalStrike"],"picked":"Guardian:RefractedBeam+1","floor":32}],"player_experience":2191949,"relics_obtained":[{"floor":7.0,"key":"bronze:BronzeIdol"},{"floor":9.0,"key":"Bronze Scales"},{"floor":14.0,"key":"Thread and Needle"},{"floor":31,"key":"Omamori"}],"event_choices":[{"damage_healed":0.0,"max_hp_gain":0.0,"max_hp_loss":0.0,"gold_gain":0.0,"event_name":"Drug Dealer","player_choice":"Inject Mutagens","floor":22.0,"gold_loss":0.0,"damage_taken":0.0,"relics_obtained":["MutagenicStrength"]}],"is_beta":false,"boss_relics":[{"not_picked":["SlaversCollar","Runic Pyramid"],"picked":"Coffee Dripper"}],"items_purged_floors":[6],"is_endless":false,"potions_floor_spawned":[2,4,9,10,14,20,26,31,32],"killed_by":"WA_ARCHETYPE_CALM","ascension_level":3}}