{"host":"2d926qfvvz477zl6","time":1613276006,"event":{"mods":["Aspiration","BaseMod","Bossed Relics","Challenge The Spire","Conspire","Downfall","Energized Spire","Gremlin Mod","GungeonMod","Halation","Hermit","Hubris","Infinite Spire","Marked Mod","Minty Spire (QoL Compilation)","Morshu Shopkeeper","Rare Cards Sparkle","Reliquary","Replay The Spire","Retaliation","Shedinja","Somnambulant","Spicy Shops","StSLib","Td1madao Mod","The Blue Laboratory","The Bug Knight","The Construct","The Cursed","The Disciple","The Hierophant","The IronCluck","The Senshi","Wandering Minibosses","Wide Potions","everything is the same but u backflip on backflip","slay the spire mod where everything is the same but ironclad has a cowboy hat"],"gold_per_floor":[99,154,17,17,2,18,18,28,55,78,10,10,10,20,35,134,134,34,44,191,26,37,37,84,84,172,205,205,205,205],"floor_reached":28,"language":"ENG","playtime":1300,"items_purged":["downfall:Icky"],"score":262,"play_id":"7abe7547-6a90-41e6-973f-90e914703b52","local_time":"20210213231326","is_ascension_mode":true,"campfire_choices":[{"floor":1,"key":"RECALL"},{"data":"champ:PerfectedStrike","floor":12,"key":"SMITH"},{"data":"champ:PerfectedStrike","floor":18,"key":"SMITH"},{"data":"champ:TripleStrike","floor":23,"key":"SMITH"},{"data":"champ:GladiatorStyle","floor":25,"key":"SMITH"}],"circlet_count":0,"master_deck":["champ:Strike","champ:Strike","champ:Strike","champ:Defend","champ:Defend","champ:Defend","champ:Execute","champ:Taunt","champ:ShieldWall","champ:PreemptiveStrike","champ:StanceDance","champ:CrookedStrike","champ:PerfectedStrike+1","Twin Strike","champ:FanOfKnives","champ:Duel","champ:PerfectedStrike+1","champ:BladeFlurry","champ:FlashCut","champ:DefensiveShout","champ:RageSigil","Offering","champ:GladiatorStyle+1","champ:PerfectedStrike+1","champ:TripleStrike+1","champ:CrookedStrike"],"relics":["m_IronCrown","reliquary:WeakTea","aspiration:TomeofQuesting","champ:FightingForDummies","conspire:SlowCooker","downfall:HeartBlessingRed","Lee\u0027s Waffle","halation:Toothbrush"],"acts_visited":["Exordium","TheCity"],"potions_floor_usage":[11,16],"damage_taken":[{"damage":62,"enemies":"Cultist","floor":2,"turns":5},{"damage":20,"enemies":"downfall:FleeingMerchant","floor":3,"turns":4},{"damage":15,"enemies":"downfall:FleeingMerchant","floor":5,"turns":4},{"damage":4,"enemies":"Jaw Worm","floor":6,"turns":2},{"damage":3,"enemies":"2 Louse","floor":8,"turns":2},{"damage":31,"enemies":"HollowMod:MossKnight","floor":9,"turns":8},{"damage":7,"enemies":"downfall:FleeingMerchant","floor":11,"turns":4},{"damage":36,"enemies":"Gremlin Gang","floor":14,"turns":4},{"damage":0,"enemies":"Blue Slaver","floor":15,"turns":1},{"damage":21,"enemies":"WA_ARCHETYPE_RETAIN","floor":16,"turns":6},{"damage":21,"enemies":"downfall:LooterAlt2","floor":19,"turns":4},{"damage":28,"enemies":"conspire:FuzzyDice","floor":20,"turns":8},{"damage":23,"enemies":"downfall:FleeingMerchant","floor":21,"turns":4},{"damage":11,"enemies":"Centurion and Healer","floor":22,"turns":6},{"damage":57,"enemies":"Shelled Parasite and Fungi","floor":26,"turns":5},{"damage":30,"enemies":"Book of Stabbing","floor":27,"turns":4},{"damage":28,"enemies":"Snake Plant","floor":28,"turns":2}],"seed_played":"-5181321113772806248","potions_obtained":[{"floor":6,"key":"Milkshake"},{"floor":8,"key":"Fire Potion"},{"floor":9,"key":"blueLaboratory:BubblePotion"},{"floor":14,"key":"blueLaboratory:AbyssPotion"},{"floor":26,"key":"blueLaboratory:NullPotion"}],"is_trial":false,"path_per_floor":["R","M","$","?","$","M","T","M","E","T","$","R","?","M","M","B",null,"R","M","M","$","M","R","T","R","M","E","M"],"character_chosen":"THE_CHAMP","items_purchased":["champ:PerfectedStrike","champ:FlashCut","Lee\u0027s Waffle"],"campfire_rested":0,"item_purchase_floors":[3,11,21],"current_hp_per_floor":[90,58,58,58,64,66,66,69,49,49,48,48,43,28,34,19,90,90,80,73,97,92,92,92,92,51,27,0,0,0],"gold":205,"neow_bonus":"TRANSFORM_TWO_CARDS","is_daily":false,"chose_seed":false,"campfire_upgraded":4,"win_rate":0.0,"timestamp":1613276006,"path_taken":["R","M","$","?","$","M","T","M","E","?","$","R","?","M","M","BOSS","R","M","?","$","M","R","T","R","M","E","M"],"items_purchased_type":["Card","Card","Relic"],"build_version":"2020-12-22","purchased_purges":1,"victory":false,"max_hp_per_floor":[90,90,90,90,90,90,90,90,90,90,90,90,90,90,90,90,90,90,90,90,97,97,97,97,97,97,97,97,97,97],"card_choices":[{"not_picked":["champ:TornadoPunch","champ:Lariat"],"picked":"champ:StanceDance","floor":2},{"not_picked":["champ:EnragedBash","champ:DancingMaster"],"picked":"champ:CrookedStrike","floor":3},{"not_picked":["champ:DefensiveShout","champ:StanceDance"],"picked":"Twin Strike","floor":5},{"not_picked":["champ:CrownThrow","champ:FalseCounter"],"picked":"champ:FanOfKnives","floor":6},{"not_picked":["champ:TornadoPunch","champ:EndlessRage"],"picked":"champ:Duel","floor":8},{"not_picked":["champ:Haymaker","champ:PreciseThrust"],"picked":"champ:PerfectedStrike","floor":9},{"not_picked":["champ:Lariat","champ:GutPunch"],"picked":"champ:BladeFlurry","floor":11},{"not_picked":["champ:SetATrap","champ:TornadoPunch"],"picked":"champ:DefensiveShout","floor":14},{"not_picked":["champ:AdrenalArmor","champ:FocusedDefense"],"picked":"champ:RageSigil","floor":15},{"not_picked":["Double Tap","champ:ShieldThrow"],"picked":"Offering","floor":16},{"not_picked":["champ:ShieldSigil","champ:DefensiveStyle"],"picked":"champ:GladiatorStyle","floor":19},{"not_picked":["champ:Endure","champ:FanOfKnives"],"picked":"champ:PerfectedStrike+1","floor":20},{"not_picked":["champ:DefensiveStyle","champ:Endure"],"picked":"champ:TripleStrike","floor":21},{"not_picked":["champ:CalledShot","champ:Shatter+1","champ:RageSigil"],"picked":"SKIP","floor":22},{"not_picked":["champ:SetATrap+1","champ:StanceDance","champ:TornadoPunch"],"picked":"SKIP","floor":26},{"not_picked":["champ:GutPunch","champ:HeartStrike"],"picked":"champ:CrookedStrike","floor":27}],"player_experience":411039,"relics_obtained":[{"floor":7,"key":"reliquary:WeakTea"},{"floor":9,"key":"aspiration:TomeofQuesting"},{"floor":10,"key":"champ:FightingForDummies"},{"floor":27,"key":"halation:Toothbrush"}],"event_choices":[],"is_beta":false,"boss_relics":[{"not_picked":["halation:PlatinumPhoenix","halation:PinkAlligatorPlush"],"picked":"conspire:SlowCooker"}],"items_purged_floors":[3],"is_endless":false,"potions_floor_spawned":[6,8,9,14,15,26,27],"killed_by":"Snake Plant","ascension_level":2}}