{"host":"gobyjzz6xbwq9f9i","time":1613277050,"event":{"mods":["AchievementEnabler","BaseMod","Bestiary","Colored Map","Minty Spire (QoL Compilation)","Relic Stats"],"gold_per_floor":[115,134,99,112,123,123,150,150,150,184,184,259,279,345,345,446,446,456,19,19,31,43,43,43,43,43,43,63,74,92,127,139,253,265,294,322,334,364,389,434,446,446],"floor_reached":41,"language":"ENG","playtime":1873,"items_purged":["Strike_B"],"score":758,"play_id":"9b5c35b8-0cc8-40db-96e4-87ce04e89d73","local_time":"20210213203050","is_ascension_mode":true,"campfire_choices":[{"data":"Lockon","floor":6,"key":"SMITH"},{"data":"Barrage","floor":8,"key":"SMITH"},{"data":"Coolheaded","floor":11,"key":"SMITH"},{"data":"Seek","floor":15,"key":"SMITH"},{"data":"Capacitor","floor":23,"key":"SMITH"},{"data":"Fission","floor":25,"key":"SMITH"},{"data":"Creative AI","floor":27,"key":"SMITH"},{"floor":32,"key":"REST"}],"circlet_count":0,"master_deck":["AscendersBane","Strike_B","Strike_B","Defend_B","Defend_B","Defend_B","Defend_B","Zap","Dualcast","Ball Lightning","Lockon+1","Leap","Barrage+1","Seek+1","Coolheaded+1","Turbo","Creative AI+1","Sunder+1","Capacitor+1","Hologram","Fission+1","Conserve Battery+1","Heatsinks","Glacier+1","Defragment+1","Reboot","Chill","Turbo+1"],"relics":["Cracked Core","Smiling Mask","Bronze Scales","Ornamental Fan","Cursed Key","Nunchaku","Vajra","MutagenicStrength","MawBank","Nuclear Battery","DataDisk"],"acts_visited":["Exordium","TheCity","TheBeyond"],"potions_floor_usage":[7,7,16,22,31,33,38,38],"damage_taken":[{"damage":3,"enemies":"Small Slimes","floor":1,"turns":3},{"damage":7,"enemies":"Jaw Worm","floor":2,"turns":3},{"damage":0,"enemies":"Cultist","floor":4,"turns":2},{"damage":8,"enemies":"Blue Slaver","floor":5,"turns":3},{"damage":18,"enemies":"Gremlin Nob","floor":7,"turns":3},{"damage":16,"enemies":"Lagavulin","floor":10,"turns":5},{"damage":16,"enemies":"Gremlin Gang","floor":13,"turns":3},{"damage":0,"enemies":"Slime Boss","floor":16,"turns":6},{"damage":26,"enemies":"2 Thieves","floor":18,"turns":3},{"damage":12,"enemies":"Shell Parasite","floor":21,"turns":4},{"damage":8,"enemies":"Chosen and Byrds","floor":22,"turns":6},{"damage":17,"enemies":"Snake Plant","floor":28,"turns":4},{"damage":1,"enemies":"3 Cultists","floor":29,"turns":4},{"damage":11,"enemies":"Shelled Parasite and Fungi","floor":30,"turns":3},{"damage":4,"enemies":"Gremlin Leader","floor":31,"turns":7},{"damage":5,"enemies":"Automaton","floor":33,"turns":11},{"damage":38,"enemies":"3 Darklings","floor":35,"turns":6},{"damage":0,"enemies":"3 Shapes","floor":36,"turns":4},{"damage":0,"enemies":"Sphere and 2 Shapes","floor":38,"turns":3},{"damage":15,"enemies":"4 Shapes","floor":39,"turns":5},{"damage":11,"enemies":"Giant Head","floor":40,"turns":8},{"damage":5,"enemies":"3 Darklings","floor":41,"turns":3}],"seed_played":"-7469504926772746895","potions_obtained":[{"floor":2,"key":"CultistPotion"},{"floor":4,"key":"SkillPotion"},{"floor":13,"key":"Strength Potion"},{"floor":16,"key":"Regen Potion"},{"floor":21,"key":"Fire Potion"},{"floor":28,"key":"FearPotion"},{"floor":29,"key":"DuplicationPotion"},{"floor":36,"key":"LiquidMemories"}],"is_trial":false,"path_per_floor":["M","M","?","M","M","R","E","R","T","E","R","?","M","?","R","B",null,"M","$","?","M","M","R","?","R","T","R","M","M","M","E","R","B",null,"M","M","?","M","M","E","M"],"character_chosen":"DEFECT","items_purchased":["Capacitor","Nunchaku","Vajra","Fire Potion"],"campfire_rested":1,"item_purchase_floors":[19,19,19,19],"current_hp_per_floor":[72,65,82,82,74,74,56,56,56,40,40,29,13,13,13,13,65,39,39,39,27,34,34,34,34,34,34,17,16,5,1,25,20,67,29,29,29,29,14,3,0,0],"gold":446,"neow_bonus":"TEN_PERCENT_HP_BONUS","is_daily":false,"chose_seed":false,"campfire_upgraded":7,"win_rate":0.0,"timestamp":1613277050,"path_taken":["M","M","?","M","M","R","E","R","T","E","R","?","M","?","R","BOSS","M","$","?","M","M","R","?","R","T","R","M","M","M","E","R","BOSS","M","M","?","M","M","E","M"],"items_purchased_type":["Card","Relic","Relic","Potion"],"build_version":"2020-12-22","purchased_purges":1,"victory":false,"max_hp_per_floor":[82,82,82,82,82,82,82,82,82,82,82,82,82,82,82,82,82,82,82,82,82,82,82,82,82,82,82,82,82,82,82,82,82,82,82,82,82,82,82,82,82,82],"relic_stats":{"Nunchaku":[10],"counters":[22,99],"Ornamental Fan":[64],"Bronze Scales":[228],"Smiling Mask":25,"Cursed Key":0,"MawBank":120,"obtain_stats":[{"Nunchaku":19,"DataDisk":40,"Ornamental Fan":10,"Bronze Scales":9,"MutagenicStrength":20,"Vajra":19,"Cracked Core":0,"Smiling Mask":7,"Cursed Key":17,"MawBank":31,"Nuclear Battery":34},{"Nunchaku":9,"DataDisk":21,"Ornamental Fan":6,"Bronze Scales":5,"MutagenicStrength":9,"Vajra":9,"Cracked Core":0,"Smiling Mask":5,"Cursed Key":8,"MawBank":15,"Nuclear Battery":16},{"Nunchaku":31,"DataDisk":96,"Ornamental Fan":19,"Bronze Scales":14,"MutagenicStrength":31,"Vajra":31,"Cracked Core":0,"Smiling Mask":14,"Cursed Key":28,"MawBank":59,"Nuclear Battery":70}]},"card_choices":[{"not_picked":["Gash","Go for the Eyes"],"picked":"Ball Lightning","floor":1},{"not_picked":["Stack","Beam Cell"],"picked":"Lockon","floor":2},{"not_picked":["Melter","Hologram"],"picked":"Leap","floor":4},{"not_picked":["Storm","Hologram"],"picked":"Barrage","floor":5},{"not_picked":["Rebound","Conserve Battery"],"picked":"Seek","floor":7},{"not_picked":["Loop","Thunder Strike"],"picked":"Coolheaded","floor":10},{"not_picked":["Steam","Streamline"],"picked":"Turbo","floor":13},{"not_picked":["All For One","Thunder Strike"],"picked":"Creative AI","floor":16},{"not_picked":["Heatsinks","Barrage"],"picked":"Sunder+1","floor":18},{"not_picked":["Stack","Steam"],"picked":"Hologram","floor":21},{"not_picked":["FTL+1","Barrage","White Noise"],"picked":"SKIP","floor":22},{"not_picked":["Gash","Go for the Eyes"],"picked":"Conserve Battery+1","floor":28},{"not_picked":["Darkness+1","Redo"],"picked":"Heatsinks","floor":29},{"not_picked":["Meteor Strike","Compile Driver+1"],"picked":"Glacier+1","floor":30},{"not_picked":["Machine Learning","Conserve Battery+1"],"picked":"Defragment+1","floor":31},{"not_picked":["Fission","Electrodynamics"],"picked":"Reboot","floor":33},{"not_picked":["Storm+1","Turbo+1","Conserve Battery"],"picked":"SKIP","floor":35},{"not_picked":["Coolheaded","Turbo"],"picked":"Chill","floor":36},{"not_picked":["Recycle+1","Steam+1","Rebound"],"picked":"SKIP","floor":38},{"not_picked":["Cold Snap+1","Chill","Lockon+1"],"picked":"SKIP","floor":39},{"not_picked":["Steam+1","Hologram"],"picked":"Turbo+1","floor":40}],"player_experience":1356624,"relics_obtained":[{"floor":7,"key":"Smiling Mask"},{"floor":9,"key":"Bronze Scales"},{"floor":10,"key":"Ornamental Fan"},{"floor":31,"key":"MawBank"},{"floor":40,"key":"DataDisk"}],"event_choices":[{"damage_healed":20,"gold_gain":0,"player_choice":"Healed","damage_taken":0,"max_hp_gain":0,"max_hp_loss":0,"event_name":"The Cleric","floor":3,"gold_loss":35},{"damage_healed":0,"gold_gain":75,"player_choice":"Gather Gold","damage_taken":11,"max_hp_gain":0,"max_hp_loss":0,"event_name":"World of Goop","floor":12,"gold_loss":0},{"damage_healed":0,"gold_gain":66,"player_choice":"Gained Gold","damage_taken":0,"max_hp_gain":0,"max_hp_loss":0,"event_name":"Golden Wing","floor":14,"gold_loss":0},{"damage_healed":0,"gold_gain":0,"player_choice":"Inject Mutagens","damage_taken":0,"relics_obtained":["MutagenicStrength"],"max_hp_gain":0,"max_hp_loss":0,"event_name":"Drug Dealer","floor":20,"gold_loss":0},{"damage_healed":0,"gold_gain":0,"cards_transformed":["Strike_B"],"player_choice":"Transformed","damage_taken":0,"max_hp_gain":0,"max_hp_loss":0,"event_name":"Transmorgrifier","floor":24,"gold_loss":0,"cards_obtained":["Fission"]},{"damage_healed":0,"gold_gain":0,"player_choice":"Ignored","damage_taken":0,"max_hp_gain":0,"max_hp_loss":0,"event_name":"Mysterious Sphere","floor":37,"gold_loss":0}],"is_beta":false,"boss_relics":[{"not_picked":["Pandora\u0027s Box","Black Star"],"picked":"Cursed Key"},{"not_picked":["Tiny House","Velvet Choker"],"picked":"Nuclear Battery"}],"items_purged_floors":[19],"is_endless":false,"potions_floor_spawned":[2,4,13,16,21,28,29,36],"killed_by":"3 Darklings","ascension_level":10}}