{"host":"v489jgd5bhcw0cgn","time":1613320633,"event":{"mods":["AchievementEnabler","BaseMod","Better Note","Better Third Choice","Colored Powertips","Marked Mod","Minty Spire (QoL Compilation)","Quick Restart","Red Circlet Mod","Relic Stats","Reliquary","Spicy Shops","StSLib","The Bug Knight"],"gold_per_floor":[112,112,112,387,397,429,451,451,451,451,480,480,480,497,497,497,497],"floor_reached":16,"language":"ENG","playtime":806,"items_purged":[],"score":131,"play_id":"5888db42-a578-432d-8ce8-4537792273ad","local_time":"20210214113713","is_ascension_mode":false,"campfire_choices":[{"floor":8,"key":"REST"},{"floor":10,"key":"RECALL"},{"floor":12,"key":"REST"},{"floor":15,"key":"REST"}],"circlet_count":0,"master_deck":["HollowMod:NailStrikeStart","HollowMod:NailStrikeStart","HollowMod:NailStrikeStart","HollowMod:NailStrikeStart","HollowMod:QuickDashStart","HollowMod:QuickDashStart","HollowMod:QuickDashStart","HollowMod:QuickDashStart","HollowMod:FocusHealStart","HollowMod:PogoStrike","HollowMod:HowlingWraiths","HollowMod:MylasSalvation","Regret","HollowMod:PureNailStrike","HollowMod:ElderbugsWisdom","HollowMod:NewJinnsSoul","HollowMod:BaldurShell","HollowMod:SlysStrikes"],"relics":["HollowMod:VesselMask","NeowsBlessing","reliquary:PorcupineQuills","Incense Burner","Odd Mushroom","reliquary:OuijaBoard","Unceasing Top"],"acts_visited":["Exordium"],"potions_floor_usage":[7],"damage_taken":[{"damage":0,"enemies":"Small Slimes","floor":1,"turns":1},{"damage":0,"enemies":"2 Louse","floor":5,"turns":1},{"damage":0,"enemies":"Lagavulin","floor":6,"turns":1},{"damage":36,"enemies":"The Mushroom Lair","floor":7,"turns":6},{"damage":46,"enemies":"Gremlin Nob","floor":11,"turns":5},{"damage":10,"enemies":"Cultist","floor":14,"turns":4},{"damage":54,"enemies":"Hexaghost","floor":16,"turns":11}],"seed_played":"-1705062263907197042","potions_obtained":[{"floor":5,"key":"Weak Potion"}],"is_trial":false,"path_per_floor":["M","?","?","?","M","E","?","R","T","R","E","R","T","M","R","B"],"character_chosen":"THE_BUGKNIGHT","items_purchased":[],"campfire_rested":3,"item_purchase_floors":[],"current_hp_per_floor":[75,68,68,68,68,68,38,60,60,60,20,42,42,32,54,0,0],"gold":497,"neow_bonus":"THREE_ENEMY_KILL","is_daily":false,"chose_seed":false,"campfire_upgraded":0,"win_rate":0.0,"timestamp":1613320633,"path_taken":["M","?","?","?","?","E","?","R","T","R","E","R","?","?","R","BOSS"],"items_purchased_type":[],"build_version":"2020-12-22","purchased_purges":0,"victory":false,"max_hp_per_floor":[75,75,75,75,75,75,75,75,75,75,75,75,75,75,75,75,75],"relic_stats":{"counters":[7,29],"obtain_stats":[{"reliquary:OuijaBoard":11,"reliquary:PorcupineQuills":2,"NeowsBlessing":0,"HollowMod:VesselMask":0,"Incense Burner":6,"Odd Mushroom":7,"Unceasing Top":13},{"reliquary:OuijaBoard":5,"reliquary:PorcupineQuills":1,"NeowsBlessing":0,"HollowMod:VesselMask":0,"Incense Burner":3,"Odd Mushroom":4,"Unceasing Top":5},{"reliquary:OuijaBoard":14,"reliquary:PorcupineQuills":1,"NeowsBlessing":0,"HollowMod:VesselMask":0,"Incense Burner":3,"Odd Mushroom":9,"Unceasing Top":14}],"Unceasing Top":[0]},"card_choices":[{"not_picked":["HollowMod:NewLittleFool","HollowMod:VengefulVoid"],"picked":"HollowMod:HowlingWraiths","floor":1},{"not_picked":["HollowMod:HowlingWraiths","HollowMod:TaintedHusks"],"picked":"HollowMod:PureNailStrike","floor":5},{"not_picked":["HollowMod:InfectionAssault","HollowMod:Hiveblood"],"picked":"HollowMod:ElderbugsWisdom","floor":6},{"not_picked":["HollowMod:SoulSplash","HollowMod:CornifersMapStart"],"picked":"HollowMod:NewJinnsSoul","floor":7},{"not_picked":["HollowMod:NewJinnsSoul","HollowMod:HuntersJournal"],"picked":"HollowMod:BaldurShell","floor":11},{"not_picked":["HollowMod:DesolateDive","HollowMod:SiblingsSouls"],"picked":"HollowMod:SlysStrikes","floor":14}],"player_experience":262443,"relics_obtained":[{"floor":6,"key":"Incense Burner"},{"floor":7,"key":"Odd Mushroom"},{"floor":11,"key":"reliquary:OuijaBoard"},{"floor":13,"key":"Unceasing Top"}],"event_choices":[{"damage_healed":0,"gold_gain":0,"player_choice":"Relic ","damage_taken":7,"max_hp_gain":0,"max_hp_loss":0,"event_name":"betterThird:BetterScrap","floor":2,"gold_loss":0,"cards_obtained":["BootSequence"]},{"damage_healed":0,"gold_gain":275,"player_choice":"Desecrate","damage_taken":0,"max_hp_gain":0,"max_hp_loss":0,"event_name":"Golden Shrine","floor":4,"gold_loss":0,"cards_obtained":["Regret"]},{"damage_healed":0,"gold_gain":0,"player_choice":"Fought Mushrooms","damage_taken":0,"max_hp_gain":0,"max_hp_loss":0,"event_name":"Mushrooms","floor":7,"gold_loss":0}],"is_beta":false,"boss_relics":[],"items_purged_floors":[],"is_endless":false,"potions_floor_spawned":[5],"killed_by":"Hexaghost","ascension_level":0}}