{"host":"bvp2uifzy1c463d9","time":1613292001,"event":{"mods":["AchievementEnabler","BaseMod","Better Note","Block Reminder","Bossed Relics","ChefMod","Colored Map","Colored Powertips","Energized Spire","Hermit","Highlight Path","Hubris","Infinite Spire","Minty Spire (QoL Compilation)","Random Character Button","Relic Sorter","Relic Stats","Reliquary","Replay The Spire","Robot Space Explorer","StSLib","The Blue Laboratory","The Jungle","The Servant 0.9.4","Wandering Minibosses"],"gold_per_floor":[119,137,148,159,10,42,57,57,84,84,84,162,175,188,188,284,284,301,301,301],"floor_reached":19,"language":"ENG","playtime":837,"items_purged":[],"score":190,"play_id":"dc53f999-859a-4afc-839e-a72229015d67","local_time":"20210214024001","is_ascension_mode":true,"campfire_choices":[{"data":"hermit:Maintenance","floor":8,"key":"SMITH"},{"floor":15,"key":"REST"}],"circlet_count":0,"master_deck":["hermit:Strike_Hermit","hermit:Strike_Hermit","hermit:Strike_Hermit","hermit:Strike_Hermit","hermit:Defend_Hermit","hermit:Defend_Hermit","hermit:Defend_Hermit","hermit:Defend_Hermit","hermit:Snapshot","hermit:Covet","hermit:Maintenance+1","hermit:Quickdraw","hermit:Feint","Pot Of Greed","Pot Of Greed","hermit:CalledShot","hermit:BodyArmor"],"relics":["Ring of Chaos","Grinning Jar","reliquary:Aerogel","Bronze Scales","energizedSpire:SpiderWeb"],"acts_visited":["Exordium","TheCity"],"potions_floor_usage":[6],"damage_taken":[{"damage":2,"enemies":"Jaw Worm","floor":1,"turns":3},{"damage":1,"enemies":"Cultist","floor":2,"turns":3},{"damage":0,"enemies":"Small Slimes","floor":3,"turns":2},{"damage":5,"enemies":"Blue Slaver","floor":4,"turns":3},{"damage":25,"enemies":"Lagavulin","floor":6,"turns":7},{"damage":9,"enemies":"Lots of Slimes","floor":7,"turns":4},{"damage":1,"enemies":"Looter","floor":12,"turns":6},{"damage":0,"enemies":"2 Fungi Beasts","floor":13,"turns":3},{"damage":17,"enemies":"3 Louse","floor":14,"turns":3},{"damage":36,"enemies":"Hexaghost","floor":16,"turns":11},{"damage":54,"enemies":"Chosen","floor":18,"turns":8},{"damage":26,"enemies":"3 Byrds","floor":19,"turns":2}],"seed_played":"5704587230275422255","potions_obtained":[{"floor":1,"key":"blueLaboratory:PhilterOfMotion"},{"floor":2,"key":"Dexterity Potion"},{"floor":4,"key":"Fruit Juice"},{"floor":7,"key":"DistilledChaos"}],"is_trial":false,"path_per_floor":["M","M","M","M","$","E","M","R","T","?","$","M","M","M","R","B",null,"M","M"],"character_chosen":"HERMIT","items_purchased":["Grinning Jar"],"campfire_rested":1,"item_purchase_floors":[5],"current_hp_per_floor":[73,72,72,67,67,47,38,38,38,38,38,37,37,20,44,8,80,26,0,0],"gold":301,"neow_bonus":"BOSS_RELIC","is_daily":false,"chose_seed":false,"campfire_upgraded":1,"win_rate":0.0,"timestamp":1613292001,"path_taken":["M","M","M","M","$","E","M","R","T","?","$","M","M","?","R","BOSS","M","M"],"items_purchased_type":["Relic"],"build_version":"2020-12-22","purchased_purges":0,"victory":false,"max_hp_per_floor":[75,75,75,75,75,80,80,80,80,80,80,80,80,80,80,80,80,80,80,80],"relic_stats":{"counters":[12,55],"Bronze Scales":[144],"obtain_stats":[{"reliquary:Aerogel":6,"Bronze Scales":9,"Ring of Chaos":0,"Grinning Jar":5,"energizedSpire:SpiderWeb":17,"hermit:Momento":0},{"reliquary:Aerogel":5,"Bronze Scales":6,"Ring of Chaos":0,"Grinning Jar":4,"energizedSpire:SpiderWeb":10,"hermit:Momento":0},{"reliquary:Aerogel":18,"Bronze Scales":22,"Ring of Chaos":0,"Grinning Jar":11,"energizedSpire:SpiderWeb":45,"hermit:Momento":0}]},"card_choices":[{"not_picked":["hermit:HoleUp","hermit:Ricochet"],"picked":"hermit:Desperado","floor":1},{"not_picked":["hermit:FullyLoaded","hermit:Ricochet"],"picked":"hermit:Maintenance","floor":2},{"not_picked":["hermit:Gestalt","hermit:LowProfile"],"picked":"hermit:Quickdraw","floor":3},{"not_picked":["hermit:Misfire","hermit:TrackingShot"],"picked":"hermit:Feint","floor":4},{"not_picked":["hermit:Quickdraw","hermit:Desperado","hermit:Headshot"],"picked":"SKIP","floor":6},{"not_picked":["hermit:TrackingShot","hermit:Headshot","hermit:LowProfile"],"picked":"SKIP","floor":7},{"not_picked":["hermit:WideOpen","hermit:Headshot","hermit:Spite"],"picked":"SKIP","floor":12},{"not_picked":["hermit:Cheat","hermit:LowProfile"],"picked":"hermit:CalledShot","floor":13},{"not_picked":["hermit:Ricochet","hermit:FromBeyond"],"picked":"hermit:BodyArmor","floor":14},{"not_picked":["hermit:Virtue","hermit:GoldenBullet","hermit:Feint"],"picked":"SKIP","floor":18}],"player_experience":358198,"relics_obtained":[{"floor":6,"key":"reliquary:Aerogel"},{"floor":9,"key":"Bronze Scales"}],"event_choices":[{"cards_removed":["hermit:Desperado"],"damage_healed":0,"gold_gain":0,"player_choice":"Purged","damage_taken":0,"max_hp_gain":0,"max_hp_loss":0,"event_name":"Purifier","floor":10,"gold_loss":0}],"is_beta":false,"boss_relics":[{"not_picked":["Ectoplasm","Sozu"],"picked":"energizedSpire:SpiderWeb"}],"items_purged_floors":[],"is_endless":false,"potions_floor_spawned":[1,2,4,7,18],"killed_by":"3 Byrds","ascension_level":2}}