{"host":"onfdonezo2qmaex3","time":1613306357,"event":{"mods":["2.2 Compatiblity","AchievementEnabler","Act Like it!","Aspiration","BaseMod","Colored Powertips","Downfall","Friendly Minions","Gensokyo","Hallownest","Hermit","Highlight Path","Jorbs\u0027s Wanderer Trilogy","Marisa????????","Marked Mod","Minty Spire (QoL Compilation)","Quick Restart","Reliquary","Shop Mod","StSLib","The Disciple","The Hayseed","The Hierophant","The Marked","The Runesmith"],"gold_per_floor":[119,145,184,184,27,64,99,120,120],"floor_reached":8,"language":"ENG","playtime":656,"items_purged":[],"score":126,"play_id":"b73b42b7-3e50-409d-9818-d76b31844148","local_time":"20210214133917","is_ascension_mode":false,"campfire_choices":[],"circlet_count":0,"master_deck":["hierophant:Strike_Hierophant","hierophant:Punish","hierophant:Defend_Hierophant","hierophant:Defend_Hierophant","hierophant:Defend_Hierophant","hierophant:Defend_Hierophant","hierophant:ChurchCoffers","hierophant:Doubloon","hierophant:EyeForCoin","Bane","Dagger Spray","Finisher","hierophant:Doubloon","hierophant:Doubloon","stsjorbsmod:ChatteringStrike","hierophant:Doubloon"],"relics":["hierophant:PropheticMaskRelic","NeowsBlessing","Singing Bowl","PrismaticShard","Omamori","StrikeDummy"],"acts_visited":["Gensokyo:Gensokyo"],"potions_floor_usage":[8,8,8],"damage_taken":[{"damage":0,"enemies":"Gensokyo:2_Kodama","floor":1,"turns":1},{"damage":0,"enemies":"Gensokyo:Python","floor":2,"turns":1},{"damage":0,"enemies":"Gensokyo:Mamizou","floor":3,"turns":1},{"damage":21,"enemies":"Gensokyo:Mamizou","floor":6,"turns":11},{"damage":0,"enemies":"Gensokyo:3_Fairies","floor":7,"turns":3},{"damage":63,"enemies":"Gensokyo:Aya","floor":8,"turns":9}],"seed_played":"2519885344101932831","potions_obtained":[{"floor":3,"key":"Energy Potion"},{"floor":6,"key":"Regen Potion"},{"floor":7,"key":"Block Potion"},{"floor":8,"key":"DuplicationPotion"}],"is_trial":false,"path_per_floor":["M","M","?","?","COS","E","M","E"],"character_chosen":"HIEROPHANT","items_purchased":[],"campfire_rested":0,"item_purchase_floors":[],"current_hp_per_floor":[75,75,75,75,75,56,56,10,10],"gold":120,"neow_bonus":"THREE_ENEMY_KILL","is_daily":false,"chose_seed":false,"campfire_upgraded":0,"win_rate":0.0,"timestamp":1613306357,"path_taken":["M","M","?","?","COS","E","?","E"],"items_purchased_type":[],"build_version":"2020-12-22","purchased_purges":0,"victory":false,"max_hp_per_floor":[75,75,75,75,75,77,77,79,79],"card_choices":[{"not_picked":["hierophant:Purify","hierophant:Endure"],"picked":"hierophant:Doubloon","floor":1},{"not_picked":["hierophant:PassingBell","hierophant:Smite","hierophant:FlamingChariot"],"picked":"SKIP","floor":2},{"not_picked":["hierophant:PristineSoul","hierophant:Flagellation"],"picked":"hierophant:EyeForCoin","floor":3},{"not_picked":["champ:GutPunch","stsjorbsmod:Feint","champ:UltimateStance"],"picked":"Singing Bowl","floor":6},{"not_picked":["Consecrate","bronze:DelayedGuard"],"picked":"stsjorbsmod:ChatteringStrike","floor":7},{"not_picked":["hermit:EternalForm","Outmaneuver","hierophant:OrnateJavelin"],"picked":"Singing Bowl","floor":8}],"player_experience":193077,"relics_obtained":[{"floor":3,"key":"Singing Bowl"},{"floor":6,"key":"Omamori"},{"floor":8,"key":"StrikeDummy"}],"event_choices":[],"is_beta":false,"boss_relics":[],"items_purged_floors":[],"is_endless":false,"potions_floor_spawned":[3,6,7,8],"killed_by":"Gensokyo:Aya","ascension_level":0}}