{"host":"Ringo","time":1613309659,"event":{"mods":["BaseMod","Colored Map","Conspire","Dota2Spire","Hubris","Minty Spire (QoL Compilation)","Replay The Spire","StSLib","The Construct","[IsaacMod]ÒÔÈö¼âËþ","¡¾ÒÅÎï¿¨ÅÆ¡¿REMEMod"],"gold_per_floor":[118,131,131,131,131,167,202,236,271,302,340,376,407,420,429,522,522,540,555,22,221,221,262,262,262],"floor_reached":24,"language":"ZHS","playtime":614,"items_purged":[],"score":1094,"play_id":"f0d31cfd-5946-4181-8792-3817dd2f9613","local_time":"20210214213419","daily_mods":["SealedDeck","Vintage","Red Cards","Green Cards","Colorless Cards","Heirloom","Time Dilation","Flight","DeadlyEvents","Elite Swarm","Lethality","Binary"],"is_ascension_mode":true,"campfire_choices":[{"data":"Armaments","floor":15,"key":"SMITH"}],"circlet_count":0,"master_deck":["AscendersBane","Iron Wave","Poisoned Stab","Endless Agony+1","Run Through","Backflip","Dagger Spray","Deflect","Shrug It Off","Armaments+1","Seeing Red+1","Replay:BluntJabs","Thunderclap","Finisher","hubris:Insight"],"relics":["Burning Blood","Busted Crown","HushsDoor","REME_ComplimentaryCards","replay:Trail_Library","Dota2Spire:DivineRapier","GuppysPaw","Replay:Accelerometer","Singing Bowl","Golden Idol","hubris:SphereOfDissonance","Another Sword","InkBottle","CeramicFish","Vajra","Ginger","conspire:DecoderRing","Dota2Spire:HeartOfTarrasque","Dota2Spire:EtherealBlade","construct:FoamFinger","Runic Dome","Dota2Spire:AssaultCuirass","Omamori","Guide Book","ReplayTheSpireMod:Ninjato","BloodBag","Ring of Panic","Dota2Spire:PhaseBoots"],"acts_visited":["Exordium","TheCity"],"potions_floor_usage":[16,16],"damage_taken":[{"damage":0,"enemies":"Small Slimes","floor":1,"turns":1},{"damage":0,"enemies":"2 Louse","floor":2,"turns":1},{"damage":0,"enemies":"Gremlin Nob","floor":6,"turns":1},{"damage":0,"enemies":"Lagavulin","floor":7,"turns":1},{"damage":0,"enemies":"3 Sentries","floor":8,"turns":2},{"damage":0,"enemies":"Lagavulin","floor":10,"turns":1},{"damage":0,"enemies":"3 Sentries","floor":11,"turns":2},{"damage":0,"enemies":"Gremlin Nob","floor":12,"turns":1},{"damage":0,"enemies":"3 Sentries","floor":13,"turns":1},{"damage":0,"enemies":"Jaw Worm","floor":14,"turns":1},{"damage":0,"enemies":"The Guardian","floor":16,"turns":2},{"damage":0,"enemies":"conspire:FuzzyDice","floor":18,"turns":1},{"damage":0,"enemies":"3 Byrds","floor":19,"turns":1},{"damage":0,"enemies":"conspire:HollyBat","floor":21,"turns":4},{"damage":0,"enemies":"Slavers","floor":23,"turns":2},{"damage":0,"enemies":"conspire:SneckoGhost","floor":24,"turns":1}],"seed_played":"-7711154302942351838","potions_obtained":[{"floor":1,"key":"construct:ShiftPotion"},{"floor":8,"key":"Dota2Spire:HealingSalve"},{"floor":13,"key":"EssenceOfSteel"},{"floor":14,"key":"LiquidBronze"},{"floor":16,"key":"BlessingOfTheForge"},{"floor":18,"key":"Languid Potion"}],"is_trial":true,"path_per_floor":["M","M","?","?","T","E","E","E","T","E","E","E","E","M","R","B",null,"M","M","$","M","?","E","E"],"character_chosen":"IRONCLAD","items_purchased":["Guide Book","ReplayTheSpireMod:Ninjato","hubris:Insight"],"campfire_rested":0,"item_purchase_floors":[20,20,20],"current_hp_per_floor":[60,60,39,39,39,45,51,57,57,60,60,68,68,68,68,68,68,68,68,68,38,38,44,44,44],"gold":262,"neow_bonus":"","is_daily":false,"chose_seed":false,"campfire_upgraded":1,"win_rate":0.0,"timestamp":1613309659,"path_taken":["M","M","?","?","?","E","E","E","T","E","E","?","E","?","R","BOSS","M","M","$","M","?","E","E"],"items_purchased_type":["Relic","Relic","Card"],"build_version":"2020-12-18","purchased_purges":0,"victory":false,"max_hp_per_floor":[60,60,60,60,60,60,60,60,60,60,60,68,68,68,68,68,68,68,68,68,69,69,69,69,69],"card_choices":[],"player_experience":691117,"relics_obtained":[{"floor":1,"key":"Replay:Accelerometer"},{"floor":2,"key":"Singing Bowl"},{"floor":5,"key":"hubris:SphereOfDissonance"},{"floor":6,"key":"Another Sword"},{"floor":7,"key":"InkBottle"},{"floor":8,"key":"CeramicFish"},{"floor":9,"key":"Vajra"},{"floor":10,"key":"Ginger"},{"floor":11,"key":"conspire:DecoderRing"},{"floor":12,"key":"Dota2Spire:HeartOfTarrasque"},{"floor":13,"key":"Dota2Spire:EtherealBlade"},{"floor":14,"key":"construct:FoamFinger"},{"floor":18,"key":"Dota2Spire:AssaultCuirass"},{"floor":19,"key":"Omamori"},{"floor":21,"key":"BloodDonationMachine"},{"floor":22,"key":"Ring of Panic"},{"floor":23,"key":"Dota2Spire:PhaseBoots"}],"event_choices":[{"damage_healed":0,"gold_gain":0,"player_choice":"Take Damage","damage_taken":21,"relics_obtained":["Golden Idol"],"max_hp_gain":0,"max_hp_loss":0,"event_name":"Golden Idol","floor":3,"gold_loss":0},{"damage_healed":0,"gold_gain":0,"player_choice":"Ignored","damage_taken":0,"max_hp_gain":0,"max_hp_loss":0,"event_name":"Golden Wing","floor":4,"gold_loss":0}],"is_beta":true,"boss_relics":[{"not_picked":["conspire:SeveredTorchhead","conspire:RoyalGoblet"],"picked":"Runic Dome"},{"not_picked":[]}],"items_purged_floors":[],"is_endless":false,"potions_floor_spawned":[1,8,11,13,14,16,18],"killed_by":"conspire:SneckoGhost","ascension_level":20}}