{"host":"64qzurqwi0x0qgxo","time":1613280067,"event":{"mods":["Act Like it!","BaseMod","Colored Map","Colored Powertips","Gensokyo","Googly Eyes","GungeonMod","Hallownest","Koishi","KomeijiMod","Marisa£¨ìFÓê¡¡Ä§ÀíÉ³£©","Minty Spire (QoL Compilation)","Rare Cards Sparkle","Reimu£¨²©ÀöÁéÃÎ£©","Relic Stats","Replay The Spire","RumiaBox-Â¶Ã×æ«µÄÉñÃØºÐ×Ó","StSLib","The Construct","The Poker Player","The Senshi","Yuri Mod","noobMod"],"gold_per_floor":[118,118,118,128,140,165,165,165,220,45,45,45,45,65,65,65,65,65],"floor_reached":16,"language":"ZHS","playtime":473,"items_purged":[],"score":98,"play_id":"6a3220ec-5517-4e99-b13d-3bcae36c65ce","local_time":"20210214132107","is_ascension_mode":false,"metric_token":1494,"campfire_choices":[{"floor":8,"key":"RECALL"},{"data":"PokerPlayerMod:Spade2","floor":11,"key":"SMITH"},{"data":"PokerPlayerMod:Spade1","floor":13,"key":"SMITH"},{"data":"PokerPlayerMod:Mulligan","floor":15,"key":"SMITH"}],"circlet_count":1,"master_deck":["PokerPlayerMod:Diamond1","PokerPlayerMod:Diamond2","PokerPlayerMod:Diamond3","PokerPlayerMod:Diamond4","PokerPlayerMod:Diamond5","PokerPlayerMod:Spade2","PokerPlayerMod:Spade3","PokerPlayerMod:Spade3","PokerPlayerMod:Spade4","PokerPlayerMod:Club1","PokerPlayerMod:Club2","PokerPlayerMod:Heart2","PokerPlayerMod:TrumpStrike","PokerPlayerMod:BadJoker","PokerPlayerMod:Mulligan+1","PokerPlayerMod:Spade4","Writhe","PokerPlayerMod:Fold","PokerPlayerMod:DartThrow","PokerPlayerMod:Diamond9","PokerPlayerMod:FlyingCard","PokerPlayerMod:Spade9","PokerPlayerMod:Club10+"],"relics":["PokerPlayerMod:DeckCase","ice","NeowsBlessing","Baka","Hallownest:DreamNailRelic","Pet Ghost","Circlet"],"acts_visited":["Hallownest:Greenpath"],"potions_floor_usage":[],"damage_taken":[{"damage":0,"enemies":"Hallownest:2_Baldur","floor":1,"turns":1},{"damage":0,"enemies":"Hallownest:monsterHuskWarrior","floor":4,"turns":1},{"damage":0,"enemies":"Hallownest:monsterHuskGuard","floor":5,"turns":1},{"damage":26,"enemies":"Hallownest:eliteVengeflyKing","floor":6,"turns":7},{"damage":0,"enemies":"Hallownest:1_Ooma_and_2_Uuma","floor":14,"turns":1},{"damage":36,"enemies":"Hallownest:BossBrokenVessel","floor":16,"turns":5}],"seed_played":"-1430910036761205805","potions_obtained":[{"floor":1,"key":"SpeedPotion"},{"floor":6,"key":"GamblersBrew"}],"is_trial":false,"path_per_floor":["M","?","?","M","M","E","?","R","T","$","R","?","R","M","R","B"],"character_chosen":"THE_POKER_PLAYER","items_purchased":["PokerPlayerMod:FlyingCard","PokerPlayerMod:Spade9"],"campfire_rested":0,"item_purchase_floors":[10,10],"current_hp_per_floor":[52,58,58,58,58,34,34,34,34,34,34,34,34,34,34,0,0,0],"gold":65,"neow_bonus":"THREE_ENEMY_KILL","is_daily":false,"chose_seed":false,"campfire_upgraded":3,"win_rate":0.0,"timestamp":1613280067,"path_taken":["M","?","?","?","?","E","?","R","T","?","R","?","R","M","R","BOSS"],"items_purchased_type":["Card","Card"],"build_version":"2020-12-22","purchased_purges":0,"victory":false,"max_hp_per_floor":[52,58,58,58,58,58,58,58,58,58,58,58,58,58,58,58,58,58],"relic_stats":{"counters":[6,16],"obtain_stats":[{"PokerPlayerMod:DeckCase":0,"NeowsBlessing":0,"Circlet":12,"DemoMod:GlassGuonStoneRelic":1,"ice":0,"Baka":1,"Hallownest:DreamNailRelic":3,"Pet Ghost":6},{"PokerPlayerMod:DeckCase":0,"NeowsBlessing":0,"Circlet":4,"DemoMod:GlassGuonStoneRelic":1,"ice":0,"Baka":1,"Hallownest:DreamNailRelic":1,"Pet Ghost":4},{"PokerPlayerMod:DeckCase":0,"NeowsBlessing":0,"Circlet":10,"DemoMod:GlassGuonStoneRelic":1,"ice":0,"Baka":1,"Hallownest:DreamNailRelic":1,"Pet Ghost":10}]},"card_choices":[{"not_picked":["PokerPlayerMod:DamnStraight","PokerPlayerMod:Spade3"],"picked":"PokerPlayerMod:Spade4","floor":1},{"not_picked":["PokerPlayerMod:CardBurn","PokerPlayerMod:Sharpen"],"picked":"PokerPlayerMod:Fold","floor":4},{"not_picked":["PokerPlayerMod:Raise","PokerPlayerMod:Diamond3"],"picked":"PokerPlayerMod:DartThrow","floor":5},{"not_picked":["PokerPlayerMod:CardBurn","PokerPlayerMod:Heart2"],"picked":"PokerPlayerMod:Diamond9","floor":6},{"not_picked":["PokerPlayerMod:Heart2","PokerPlayerMod:MagicTrick"],"picked":"PokerPlayerMod:Club10+","floor":14}],"player_experience":124279,"relics_obtained":[{"floor":1,"key":"Baka"},{"floor":6,"key":"Pet Ghost"}],"event_choices":[],"is_beta":false,"boss_relics":[],"items_purged_floors":[],"is_endless":false,"potions_floor_spawned":[1,5,6],"killed_by":"Hallownest:BossBrokenVessel","ascension_level":0}}