{"host":"39cwv5sgq9xx7422","time":1613317785,"event":{"mods":["BaseMod","Colored Map","Downfall","Minty Spire (QoL Compilation)","Permanent Neow","StSLib"],"gold_per_floor":[99,116,131,145,145,177,247,247,247,273,273,307,178,178,197,302,302,302,319,331,348,367,399,399,399,416,65,65,76,76,93,111,214,214,114,132,132,143,297,297,321,121,133,167,178,196,196,196],"floor_reached":46,"language":"ENG","playtime":2486,"items_purged":["Slimebound:Strike_Slimebound","Slimebound:Strike_Slimebound"],"score":569,"play_id":"d8a1921d-1e08-4688-9935-9cefd1c98875","local_time":"20210214164945","is_ascension_mode":true,"campfire_choices":[{"data":"Slimebound:CorrosiveSpit","floor":1,"key":"SMITH"},{"data":"Slimebound:RollThrough","floor":8,"key":"SMITH"},{"data":"Slimebound:Tackle","floor":11,"key":"SMITH"},{"data":"Slimebound:FlameTackle","floor":18,"key":"SMITH"},{"data":"Slimebound:Grow","floor":30,"key":"SMITH"},{"data":"Slimebound:FlameTackle","floor":35,"key":"SMITH"},{"floor":40,"key":"RECALL"},{"data":"Slimebound:FlameTackle","floor":42,"key":"SMITH"}],"circlet_count":0,"master_deck":["Slimebound:Tackle+1","Slimebound:Defend_Slimebound","Slimebound:Defend_Slimebound","Slimebound:Defend_Slimebound","Slimebound:Split+1","Slimebound:CorrosiveSpit+1","Slimebound:RollThrough+1","Slimebound:GoopTackle","Slimebound:FlameTackle+1","Slimebound:LivingWall","Slimebound:MegaLick","Slimebound:FlameTackle+1","Slimebound:GoopSpray+1","Slimebound:ViciousTackle","Slimebound:Grow+1","Slimebound:RollThrough","Slimebound:FlameTackle+1","Slimebound:SamplingLick+1","Slimebound:HungryTackle","Slimebound:LeechEnergy+1","Slimebound:HauntingLick+1","Slimebound:RollThrough+1","Thinking Ahead+1","Slimebound:HauntingLick+1","Slimebound:HungryTackle+1"],"relics":["Slimebound:AbsorbEndCombat","Strawberry","CaptainsWheel","InkBottle","Thread and Needle","Letter Opener","Turnip","Coffee Dripper","Pantograph","Toxic Egg 2","Juzu Bracelet","Slimebound:TarBlob","downfall:HeartBlessingGreen","downfall:HeartBlessingRed","downfall:HeartBlessingBlue","Orichalcum"],"acts_visited":["Exordium","TheCity","TheBeyond"],"potions_floor_usage":[6,23,23,33,33],"damage_taken":[{"damage":6,"enemies":"Jaw Worm","floor":2,"turns":4},{"damage":2,"enemies":"2 Louse","floor":3,"turns":3},{"damage":0,"enemies":"Cultist","floor":4,"turns":3},{"damage":26,"enemies":"Gremlin Nob","floor":6,"turns":4},{"damage":1,"enemies":"Lagavulin","floor":10,"turns":6},{"damage":2,"enemies":"3 Sentries","floor":12,"turns":5},{"damage":0,"enemies":"downfall:FleeingMerchant","floor":13,"turns":4},{"damage":0,"enemies":"3 Louse","floor":15,"turns":3},{"damage":46,"enemies":"WA_ARCHETYPE_RETAIN","floor":16,"turns":7},{"damage":1,"enemies":"Shell Parasite","floor":19,"turns":4},{"damage":13,"enemies":"downfall:LooterAlt2","floor":20,"turns":3},{"damage":7,"enemies":"Snake Plant","floor":21,"turns":3},{"damage":3,"enemies":"Snecko","floor":22,"turns":3},{"damage":16,"enemies":"Slavers","floor":23,"turns":5},{"damage":5,"enemies":"Centurion and Healer","floor":26,"turns":4},{"damage":0,"enemies":"downfall:FleeingMerchant","floor":27,"turns":4},{"damage":5,"enemies":"Snake Plant","floor":29,"turns":3},{"damage":0,"enemies":"Sentry and Sphere","floor":31,"turns":4},{"damage":1,"enemies":"Snecko","floor":32,"turns":3},{"damage":57,"enemies":"IC_MUSHROOM_ARCHETYPE","floor":33,"turns":6},{"damage":17,"enemies":"3 Darklings","floor":36,"turns":3},{"damage":0,"enemies":"Orb Walker","floor":38,"turns":2},{"damage":0,"enemies":"downfall:FleeingMerchant","floor":39,"turns":4},{"damage":37,"enemies":"Writhing Mass","floor":43,"turns":3},{"damage":1,"enemies":"Reptomancer","floor":44,"turns":4},{"damage":0,"enemies":"3 Darklings","floor":45,"turns":3},{"damage":3,"enemies":"Spire Growth","floor":46,"turns":2}],"seed_played":"-8564589562428531778","potions_obtained":[{"floor":4,"key":"champ:CounterPotion"},{"floor":15,"key":"Explosive Potion"},{"floor":16,"key":"bronze:BurnAndBuffPotion"},{"floor":22,"key":"BlessingOfTheForge"},{"floor":23,"key":"bronze:BurnAndBuffPotion"},{"floor":26,"key":"SteroidPotion"},{"floor":29,"key":"Guardian:BlockOnCardUsePotion"},{"floor":32,"key":"ColorlessPotion"},{"floor":36,"key":"Ancient Potion"},{"floor":43,"key":"EssenceOfSteel"}],"is_trial":false,"path_per_floor":["R","M","M","M","?","E","T","R","T","E","R","E","$","?","M","B",null,"R","M","M","M","M","E","T","?","M","$","?","M","R","M","M","B",null,"R","M","?","M","$","R","T","R","M","E","M","M"],"character_chosen":"SLIMEBOUND","items_purchased":["Slimebound:FlameTackle","Slimebound:FlameTackle","Juzu Bracelet","Thinking Ahead+1"],"campfire_rested":0,"item_purchase_floors":[13,27,27,39],"current_hp_per_floor":[65,63,63,65,65,39,39,39,39,44,44,42,44,44,46,8,72,72,72,63,60,61,53,53,53,52,60,60,63,63,71,72,20,72,72,57,57,63,71,71,71,81,51,58,64,67,67,67],"gold":196,"neow_bonus":"UPGRADE_CARD","is_daily":false,"chose_seed":false,"campfire_upgraded":7,"win_rate":0.0,"timestamp":1613317785,"path_taken":["R","M","M","M","?","E","T","R","?","E","R","E","$","?","M","BOSS","R","M","M","M","M","E","T","?","M","$","?","M","R","M","M","BOSS","R","M","?","M","$","R","T","R","M","E","M","M"],"items_purchased_type":["Card","Card","Relic","Card"],"build_version":"2020-12-22","purchased_purges":2,"victory":false,"max_hp_per_floor":[65,65,65,65,72,72,72,72,72,72,72,72,72,72,72,72,72,72,72,72,72,72,72,72,72,72,72,72,72,72,72,72,72,72,72,72,72,72,72,72,72,82,82,82,82,82,82,82],"card_choices":[{"not_picked":["Slimebound:GoopTackle","Slimebound:Nibble","Slimebound:SplitMire"],"picked":"SKIP","floor":2},{"not_picked":["Slimebound:GoopSpray","Slimebound:SplitBruiser"],"picked":"Slimebound:RollThrough","floor":3},{"not_picked":["Slimebound:SplitLeeching","Slimebound:Equalize","Slimebound:LevelUp"],"picked":"SKIP","floor":4},{"not_picked":["Slimebound:FormOfPuddle","Slimebound:AcidTongue","Slimebound:ItLooksTasty"],"picked":"SKIP","floor":6},{"not_picked":["Slimebound:ItLooksTasty","Slimebound:SamplingLick","Slimebound:SplitAcid"],"picked":"SKIP","floor":10},{"not_picked":["Slimebound:Dissolve","Slimebound:ItLooksTasty","Slimebound:Gluttony"],"picked":"SKIP","floor":12},{"not_picked":["Slimebound:OneTwoCombo","Slimebound:SplitAcid"],"picked":"Slimebound:GoopTackle","floor":13},{"not_picked":["Slimebound:Replication","Slimebound:RejuvenatingLick","Slimebound:SplitLeeching"],"picked":"SKIP","floor":15},{"not_picked":["Slimebound:RollThrough","Slimebound:SlimeBarrage"],"picked":"Slimebound:LivingWall","floor":19},{"not_picked":["Slimebound:ProtectTheBoss","Slimebound:HungryTackle","Slimebound:LivingWall"],"picked":"SKIP","floor":20},{"not_picked":["Slimebound:HauntingLick","Slimebound:PressTheAttack"],"picked":"Slimebound:MegaLick","floor":21},{"not_picked":["Slimebound:SlimeSpikes","Slimebound:PressTheAttack+1"],"picked":"Slimebound:FlameTackle","floor":22},{"not_picked":["Slimebound:SamplingLick","Slimebound:LeadByExample","Slimebound:SlimeBarrage"],"picked":"SKIP","floor":23},{"not_picked":["Slimebound:RainOfGoop+1","Slimebound:DivideAndConquer"],"picked":"Slimebound:Grow","floor":26},{"not_picked":["Slimebound:RainOfGoop+1","Slimebound:SpikyOuterGoop+1"],"picked":"Slimebound:RollThrough","floor":27},{"not_picked":["Slimebound:SplitBruiser+1","Slimebound:GoopTackle","Slimebound:LeadByExample"],"picked":"SKIP","floor":29},{"not_picked":["Slimebound:MegaLick+1","Slimebound:SplitBruiser+1"],"picked":"Slimebound:HungryTackle","floor":31},{"not_picked":["Slimebound:TongueLash+1","Slimebound:SplitBruiser+1"],"picked":"Slimebound:LeechEnergy","floor":32},{"not_picked":["Slimebound:LeechEnergy+1","Slimebound:LevelUp"],"picked":"Slimebound:HauntingLick+1","floor":36},{"not_picked":["Slimebound:Repurpose+1","Slimebound:Nibble","Slimebound:LevelUp+1"],"picked":"SKIP","floor":38},{"not_picked":["Slimebound:LivingWall+1","Slimebound:GoopSpray+1"],"picked":"Slimebound:RollThrough+1","floor":39},{"not_picked":["Slimebound:MassFeed","Slimebound:PressTheAttack"],"picked":"Slimebound:HauntingLick+1","floor":43},{"not_picked":["Slimebound:SplitBruiser+1","Slimebound:Schlurp+1"],"picked":"Slimebound:HungryTackle+1","floor":44},{"not_picked":["Slimebound:LeechingTouch","Slimebound:SplitMire+1","Slimebound:RollThrough+1"],"picked":"SKIP","floor":45},{"not_picked":["Slimebound:Nibble+1","Slimebound:LeechEnergy+1","Slimebound:Replication+1"],"picked":"SKIP","floor":46}],"player_experience":637405,"relics_obtained":[{"floor":6,"key":"CaptainsWheel"},{"floor":7,"key":"InkBottle"},{"floor":9,"key":"Thread and Needle"},{"floor":10,"key":"Letter Opener"},{"floor":12,"key":"Turnip"},{"floor":23,"key":"Pantograph"},{"floor":24,"key":"Toxic Egg 2"},{"floor":44,"key":"Orichalcum"}],"event_choices":[{"damage_healed":0,"gold_gain":0,"player_choice":"Success","damage_taken":7,"relics_obtained":["Strawberry"],"max_hp_gain":0,"max_hp_loss":0,"event_name":"Scrap Ooze","floor":5,"gold_loss":0},{"damage_healed":0,"gold_gain":0,"cards_transformed":["Slimebound:Strike_Slimebound","Slimebound:Defend_Slimebound"],"player_choice":"Became Test Subject","damage_taken":0,"max_hp_gain":0,"max_hp_loss":0,"event_name":"Drug Dealer","floor":25,"gold_loss":0,"cards_obtained":["Slimebound:GoopSpray","Slimebound:ViciousTackle"]},{"damage_healed":0,"gold_gain":0,"player_choice":"Read","damage_taken":0,"max_hp_gain":0,"max_hp_loss":0,"event_name":"The Library","floor":28,"gold_loss":0,"cards_obtained":["Slimebound:SamplingLick"]}],"is_beta":false,"boss_relics":[{"not_picked":["bronze:MakeshiftBattery","Cursed Key"],"picked":"Coffee Dripper"},{"not_picked":["Pandora\u0027s Box","Tiny House"],"picked":"Slimebound:TarBlob"}],"items_purged_floors":[13,27],"is_endless":false,"potions_floor_spawned":[4,15,16,22,23,26,29,32,36,38,43,46],"killed_by":"Spire Growth","ascension_level":1}}