{"host":"ljaiy5ygc2blx6r2","time":1613306654,"event":{"mods":["Act Like it!","Arknights","BaseMod","Better Vampires","Challenge The Spire","Colored Powertips","Conspire","HornydragonMod","Marisa（F雨　魔理沙）","Minty Spire (QoL Compilation)","Pale of the Ancients","Reimu（博丽灵梦）","Reliquary","Remilia（蕾米莉亚）","Replay The Spire","RumiaBox-露米娅的神秘盒子","SOS（斯巴达之子）","StSLib","TestMod","The Administrix","The Animator","The Bug Knight","The Cursed","The Gatherer","The IronCluck","The Runesmith","The Servant 0.9.4","UnlockEverythingMod","[IsaacMod]以撒尖塔","【功能Mod】聪明的最终Boss","【遗物卡牌】REMEMod","篝火指南"],"gold_per_floor":[116,116,16,33,33,73,73,73,144,210,223,223,223,238,238,363,363,376,376,389,139,79,114,128,30,30,30,30,30,41,41,41,41,41],"floor_reached":33,"language":"ZHS","playtime":1094,"items_purged":[],"score":312,"play_id":"7c011bb3-22b6-459c-828d-b7d107825b51","local_time":"20210214204414","is_ascension_mode":true,"campfire_choices":[{"floor":7.0,"key":"REST"},{"floor":12.0,"key":"REST"},{"floor":27,"key":"REST"},{"floor":29,"key":"REST"},{"floor":32,"key":"REST"}],"circlet_count":0,"master_deck":["ats:Strike C+1","ats:Strike G+1","ats:Strike V","ats:Armor Crushing Shot","ats:Defend","ats:Defend","ats:Defend","ats:Defend","ats:Emotion Absorption","ReplayTheSpireMod:Dual Polarity","ats:Closed Bolt Burst Fire","Ghostly","ats:Shell Defense","ats:Curse Doll","ats:Explosion Area Strengthen","ats:Guard Mode","ats:True Silver Slash+1","Madness","ats:Beaten Up","Bash","ats:Thermite Blade","ats:Echo Reverb","ats:Soul Absorption","Wrath_TH","EndlessPower","ats:Overload","ats:Assault Order","ats:Healing Drone","conspire:Banana","ats:Curse Doll+1","ats:Guard Mode"],"relics":["ats:Sanity","testmod-TestBox","HushsDoor","REME_ComplimentaryCards","GuppysTail","testmod-RandomTest","NeowsBlessing","Baka","Bloody Idol","ats:Originium","SSSystem","Replay:WaspNest","Bird Faced Urn","RedLine:ReiMu","REME_HourglassOfDeath","Pocketwatch","testmod-Justice"],"acts_visited":["Exordium","TheCity"],"potions_floor_usage":[33],"damage_taken":[{"damage":0.0,"enemies":"Small Slimes","floor":1.0,"turns":1.0},{"damage":0.0,"enemies":"2 Louse","floor":4.0,"turns":1.0},{"damage":2.0,"enemies":"3 Sentries","floor":6.0,"turns":3.0},{"damage":48.0,"enemies":"Gremlin Nob","floor":10.0,"turns":5.0},{"damage":0.0,"enemies":"Cultist","floor":11.0,"turns":3.0},{"damage":0,"enemies":"3 Louse","floor":14,"turns":1},{"damage":4,"enemies":"Hexaghost","floor":16,"turns":5},{"damage":0,"enemies":"conspire:FuzzyDice","floor":18,"turns":1},{"damage":9,"enemies":"Shelled Parasite and Fungi","floor":20,"turns":3},{"damage":42,"enemies":"REME_1_Revenger","floor":23,"turns":5},{"damage":13,"enemies":"conspire:HollyBat","floor":24,"turns":5},{"damage":7,"enemies":"Snake Plant","floor":30,"turns":2},{"damage":20,"enemies":"Centurion and Healer","floor":31,"turns":4},{"damage":77,"enemies":"Champ","floor":33,"turns":6}],"seed_played":"-3341532102941328995","potions_obtained":[{"floor":1.0,"key":"REME_GoldPotion"},{"floor":4.0,"key":"PowerPotion"},{"floor":6.0,"key":"Doom Potion"},{"floor":14,"key":"Regen Potion"}],"is_trial":false,"path_per_floor":["M","?","?","M","?","E","R","$","T","E","M","R","?","M","R","B",null,"M","?","M","$","?","E","M","$","T","R","?","R","M","M","R","B"],"character_chosen":"DOCTOR_CLASS","items_purchased":["REME_HourglassOfDeath","conspire:Banana"],"campfire_rested":5,"item_purchase_floors":[21,25],"current_hp_per_floor":[72,58,58,58,40,38,59,59,59,11,11,32,32,32,53,49,72,72,72,63,63,63,21,8,8,8,29,29,50,49,36,58,0,0],"gold":41,"neow_bonus":"THREE_ENEMY_KILL","is_daily":false,"chose_seed":false,"campfire_upgraded":0,"win_rate":0.0,"timestamp":1613306654,"path_taken":["M","?","?","?","?","E","R","?","T","E","?","R","?","M","R","BOSS","M","?","M","?","?","E","?","$","T","R","?","R","?","M","R","BOSS"],"items_purchased_type":["Relic","Card"],"build_version":"2020-12-22","purchased_purges":0,"victory":false,"max_hp_per_floor":[72,72,72,72,72,72,72,72,72,72,72,72,72,72,72,72,72,72,72,72,72,72,72,72,72,72,72,72,72,73,74,74,75,75],"card_choices":[{"not_picked":[],"picked":"ChaosCard","floor":0.0},{"not_picked":["ats:Consecutive Shot Auto","ats:Shell Defense"],"picked":"ats:Closed Bolt Burst Fire","floor":1.0},{"not_picked":["ats:Healing Strengthening","ats:Part Time Job"],"picked":"ats:Shell Defense","floor":4.0},{"not_picked":["ats:Ignite","ats:Revitalization"],"picked":"ats:Curse Doll","floor":6.0},{"not_picked":["ats:Revitalization","ats:Closed Bolt Burst Fire"],"picked":"Bomb","floor":10.0},{"not_picked":["ats:Closed Bolt Burst Fire","ats:Burning Ground"],"picked":"ats:Explosion Area Strengthen","floor":11.0},{"not_picked":["ats:Counter Healing Mode","ats:Blood Oath"],"picked":"ats:Thermite Blade","floor":14},{"not_picked":["ats:True Silver Slash","ats:Roar Of Ursus"],"picked":"ats:Echo Reverb","floor":16},{"not_picked":["ats:Flame Of Heaven","ats:Literary Storm"],"picked":"ats:Soul Absorption","floor":18},{"not_picked":["ats:Guardian Obelisk","ats:Leaping Hammer"],"picked":"ats:Overload","floor":20},{"not_picked":["ats:Flame Of Heaven","ats:Healing Strengthening"],"picked":"ats:Assault Order","floor":23},{"not_picked":["ats:Neurotoxin","ats:Ignite"],"picked":"ats:Healing Drone","floor":24},{"not_picked":["ats:Poison Spread","ats:Beaten Up"],"picked":"ats:Curse Doll+1","floor":30},{"not_picked":["ats:Serious Mode","ats:Explosion Area Strengthen+1"],"picked":"ats:Guard Mode","floor":31}],"player_experience":215150,"relics_obtained":[{"floor":1.0,"key":"Baka"},{"floor":6.0,"key":"ats:Originium"},{"floor":6.0,"key":"SSSystem"},{"floor":9.0,"key":"Replay:WaspNest"},{"floor":10.0,"key":"ats:Originium"},{"floor":10.0,"key":"Bird Faced Urn"},{"floor":23,"key":"ats:Originium"},{"floor":23,"key":"Pocketwatch"},{"floor":26,"key":"testmod-Justice"}],"event_choices":[{"damage_healed":0.0,"max_hp_gain":0.0,"max_hp_loss":0.0,"gold_gain":0.0,"event_name":"Shining Light","player_choice":"Entered Light","floor":2.0,"gold_loss":0.0,"damage_taken":14.0,"cards_upgraded":["ats:Strike G","ats:Strike C"]},{"damage_healed":0.0,"max_hp_gain":0.0,"max_hp_loss":0.0,"gold_gain":0.0,"event_name":"conspire:LoneGhost","player_choice":"Argue","floor":3.0,"gold_loss":0.0,"damage_taken":0.0},{"damage_healed":0.0,"max_hp_gain":0.0,"max_hp_loss":0.0,"gold_gain":0.0,"event_name":"Golden Idol","player_choice":"Take Damage","floor":5.0,"gold_loss":0.0,"damage_taken":18.0,"relics_obtained":["Golden Idol"]},{"damage_healed":0,"gold_gain":0,"player_choice":"5 cards matched","damage_taken":0,"max_hp_gain":0,"max_hp_loss":0,"event_name":"Match and Keep!","floor":13,"gold_loss":0,"cards_obtained":["ats:Guard Mode","ats:True Silver Slash","Madness","ats:Beaten Up","Bash"]},{"damage_healed":0,"gold_gain":0,"player_choice":"Gave Idol","damage_taken":0,"relics_obtained":["Bloody Idol"],"max_hp_gain":0,"max_hp_loss":0,"event_name":"Forgotten Altar","floor":28,"relics_lost":["Golden Idol"],"gold_loss":0}],"is_beta":false,"boss_relics":[{"not_picked":["reliquary:Craggleroot","testmod-PortableAltar"],"picked":"RedLine:ReiMu"},{"not_picked":[]}],"items_purged_floors":[],"is_endless":false,"potions_floor_spawned":[1,4,6,14,16,18,30],"killed_by":"Champ","ascension_level":1}}