{"host":"8lcbm2v5cw7pb9tu","time":1613282517,"event":{"mods":["AchievementEnabler","BaseMod","Block Reminder","Colored Map","Colored Powertips","Highlight Path","Minty Spire (QoL Compilation)","Random Character Button","Rare Cards Sparkle","everything is the same but u backflip on backflip"],"gold_per_floor":[114,129,129,99,114,144,69,104,129,159,159,189,204,234,234,334,334,349,349,349,99,3,33,33,63,63,93,93,108,138,153,153,253,253,268,283,298,298,313,343,343,373,373,403,403,433,21,21,21,21],"floor_reached":51,"language":"ENG","playtime":33660,"items_purged":["Regret","Mind Blast"],"score":1019,"play_id":"3b670aba-1234-4415-99f5-b9ead2d3bd7f","local_time":"20210213220157","daily_mods":["SealedDeck","Colorless Cards","Elite Swarm"],"is_ascension_mode":false,"campfire_choices":[{"data":"Armaments","floor":15.0,"key":"SMITH"},{"data":"Armaments","floor":24.0,"key":"SMITH"},{"data":"Feed","floor":32.0,"key":"SMITH"},{"data":"Secret Weapon","floor":41,"key":"SMITH"},{"data":"Secret Weapon","floor":49,"key":"SMITH"}],"circlet_count":0,"master_deck":["Flex","Heavy Blade","Heavy Blade","Iron Wave","Good Instincts","Armaments+1","Cleave+1","Flex","Pommel Strike","Armaments+1","Inflame","Headbutt","Warcry","Metamorphosis","Battle Trance+1","Panache","Demon Form","Twin Strike","Sadistic Nature","Secret Weapon+1","Whirlwind+1","Bandage Up","Feed+1","Berserk","Impervious","Impatience+1","Secret Technique","Blind","Pummel+1","Shrug It Off+1","Twin Strike+1","Pummel+1","Chrysalis","Feed","Violence","Double Tap","Dark Shackles","Demon Form","The Bomb","Dual Wield","Clothesline","Secret Weapon+1"],"relics":["Burning Blood","Ornamental Fan","Letter Opener","Bag of Preparation","Thread and Needle","Bottled Lightning","StoneCalendar","Orichalcum","Coffee Dripper","Nilry\u0027s Codex","Matryoshka","Calipers","PreservedInsect","Smiling Mask","Whetstone","Nunchaku","War Paint","Black Star","Blood Vial","Lizard Tail","Bottled Flame","Sundial","Bronze Scales","Magic Flower","Oddly Smooth Stone","Gambling Chip","Turnip","Juzu Bracelet"],"acts_visited":["TheCity","TheBeyond"],"potions_floor_usage":[40,50,50],"damage_taken":[{"damage":0.0,"enemies":"Jaw Worm","floor":1.0,"turns":2.0},{"damage":0.0,"enemies":"Cultist","floor":2.0,"turns":2.0},{"damage":5.0,"enemies":"Small Slimes","floor":5.0,"turns":3.0},{"damage":16.0,"enemies":"Lagavulin","floor":6.0,"turns":4.0},{"damage":6.0,"enemies":"Exordium Wildlife","floor":8.0,"turns":5.0},{"damage":5.0,"enemies":"3 Sentries","floor":10.0,"turns":5.0},{"damage":7.0,"enemies":"Lagavulin","floor":12.0,"turns":6.0},{"damage":0.0,"enemies":"Looter","floor":13.0,"turns":2.0},{"damage":3.0,"enemies":"3 Sentries","floor":14.0,"turns":6.0},{"damage":23.0,"enemies":"The Guardian","floor":16.0,"turns":5.0},{"damage":3.0,"enemies":"Shell Parasite","floor":18.0,"turns":3.0},{"damage":19.0,"enemies":"Book of Stabbing","floor":23.0,"turns":5.0},{"damage":24.0,"enemies":"Gremlin Leader","floor":25.0,"turns":4.0},{"damage":18.0,"enemies":"Book of Stabbing","floor":27.0,"turns":4.0},{"damage":14.0,"enemies":"2 Thieves","floor":29.0,"turns":3.0},{"damage":0.0,"enemies":"Slavers","floor":30.0,"turns":4.0},{"damage":1.0,"enemies":"Sentry and Sphere","floor":31.0,"turns":3.0},{"damage":15.0,"enemies":"Collector","floor":33.0,"turns":7.0},{"damage":9,"enemies":"3 Darklings","floor":35,"turns":4},{"damage":1,"enemies":"3 Shapes","floor":36,"turns":5},{"damage":6,"enemies":"Writhing Mass","floor":37,"turns":4},{"damage":0,"enemies":"Transient","floor":39,"turns":5},{"damage":8,"enemies":"Reptomancer","floor":40,"turns":6},{"damage":3,"enemies":"Giant Head","floor":42,"turns":5},{"damage":6,"enemies":"Reptomancer","floor":44,"turns":4},{"damage":0,"enemies":"Nemesis","floor":46,"turns":3},{"damage":81,"enemies":"Donu and Deca","floor":50,"turns":8}],"seed_played":"6099103822572544471","potions_obtained":[{"floor":1.0,"key":"Swift Potion"},{"floor":4.0,"key":"Ancient Potion"},{"floor":4.0,"key":"Block Potion"},{"floor":8.0,"key":"SteroidPotion"},{"floor":12.0,"key":"LiquidMemories"},{"floor":25.0,"key":"Explosive Potion"},{"floor":29.0,"key":"FearPotion"},{"floor":31.0,"key":"SteroidPotion"},{"floor":33.0,"key":"Explosive Potion"},{"floor":37,"key":"SteroidPotion"},{"floor":39,"key":"LiquidMemories"},{"floor":44,"key":"BlessingOfTheForge"}],"is_trial":false,"path_per_floor":["M","M","?","?","M","E","$","M","T","E","T","E","M","E","R","B",null,"M","?","?","$","$","E","R","E","T","E","?","M","E","M","R","B",null,"M","M","M","?","M","E","R","E","T","E","?","E","$","?","R","B",null],"character_chosen":"IRONCLAD","items_purchased":["Matryoshka","Bandage Up","The Bomb","Dual Wield","Clothesline","HeartOfIron"],"campfire_rested":0,"item_purchase_floors":[21,22,47,47,47,47],"current_hp_per_floor":[80,80,80,80,80,70,70,70,70,71,71,70,76,79,79,62,80,80,64,49,49,49,48,48,39,39,35,35,27,41,53,53,54,103,100,107,107,107,107,105,105,107,107,111,111,111,111,111,111,39],"gold":21,"neow_bonus":"","is_daily":true,"chose_seed":false,"campfire_upgraded":5,"win_rate":0.0,"timestamp":1613282517,"path_taken":["M","M","?","?","M","E","$","?","T","E","?","E","?","E","R","BOSS","M","?","?","?","$","E","R","E","T","E","?","?","E","M","R","BOSS","M","M","M","?","?","E","R","E","T","E","?","E","$","?","R","BOSS"],"items_purchased_type":["Relic","Card","Card","Card","Card","Potion"],"build_version":"2020-12-22","purchased_purges":2,"victory":true,"max_hp_per_floor":[80,80,80,80,80,80,80,80,80,80,80,80,80,80,80,80,80,80,80,85,85,85,85,85,88,88,92,92,92,96,99,99,103,103,103,107,107,107,107,107,107,107,107,111,111,111,111,111,111,111],"card_choices":[{"not_picked":["Purity","Panacea"],"picked":"Inflame","floor":1.0},{"not_picked":["Finesse","Dual Wield"],"picked":"Headbutt","floor":2.0},{"not_picked":["True Grit","Wild Strike"],"picked":"Warcry","floor":5.0},{"not_picked":["Exhume","Secret Technique"],"picked":"Metamorphosis","floor":6.0},{"not_picked":["Infernal Blade","Purity"],"picked":"Battle Trance","floor":8.0},{"not_picked":["Fiend Fire","Transmutation"],"picked":"Panache","floor":10.0},{"not_picked":["Impervious","Brutality"],"picked":"Demon Form","floor":12.0},{"not_picked":["Headbutt","Searing Blow"],"picked":"Twin Strike","floor":13.0},{"not_picked":["HandOfGreed","Fiend Fire"],"picked":"Sadistic Nature","floor":14.0},{"not_picked":["Panache","Brutality"],"picked":"Secret Weapon","floor":16.0},{"not_picked":["Twin Strike","Clash"],"picked":"Whirlwind","floor":18.0},{"not_picked":["Juggernaut","Immolate"],"picked":"Feed","floor":23.0},{"not_picked":["Impervious","Sadistic Nature"],"picked":"Berserk","floor":25.0},{"not_picked":["Demon Form","Panache"],"picked":"Impervious","floor":27.0},{"not_picked":["Clash+1","Pommel Strike"],"picked":"Impatience","floor":29.0},{"not_picked":["Transmutation","Impervious"],"picked":"Secret Technique","floor":30.0},{"not_picked":["Evolve","Havoc"],"picked":"Blind","floor":31.0},{"not_picked":["Armaments+1","Cleave"],"picked":"Pummel+1","floor":35},{"not_picked":["Dual Wield+1","Discovery"],"picked":"Shrug It Off+1","floor":36},{"not_picked":["Warcry+1","Intimidate+1"],"picked":"Twin Strike+1","floor":37},{"not_picked":["Forethought+1","Anger+1"],"picked":"Pummel+1","floor":39},{"not_picked":["Exhume","Secret Technique"],"picked":"Chrysalis","floor":40},{"not_picked":["Bludgeon","Corruption"],"picked":"Feed","floor":42},{"not_picked":["HandOfGreed","Sadistic Nature"],"picked":"Violence","floor":44},{"not_picked":["Magnetism","Brutality"],"picked":"Demon Form","floor":46},{"not_picked":["Forethought","PanicButton"],"picked":"Secret Weapon","floor":48}],"player_experience":457408,"relics_obtained":[{"floor":6.0,"key":"Letter Opener"},{"floor":9.0,"key":"Bag of Preparation"},{"floor":10.0,"key":"Thread and Needle"},{"floor":11.0,"key":"Bottled Lightning"},{"floor":12.0,"key":"StoneCalendar"},{"floor":14.0,"key":"Orichalcum"},{"floor":19.0,"key":"Nilry\u0027s Codex"},{"floor":23.0,"key":"Calipers"},{"floor":25.0,"key":"PreservedInsect"},{"floor":26.0,"key":"Smiling Mask"},{"floor":26.0,"key":"Whetstone"},{"floor":27.0,"key":"Nunchaku"},{"floor":30.0,"key":"War Paint"},{"floor":40,"key":"Blood Vial"},{"floor":40,"key":"Lizard Tail"},{"floor":42,"key":"Bottled Flame"},{"floor":42,"key":"Sundial"},{"floor":43,"key":"Bronze Scales"},{"floor":43,"key":"Magic Flower"},{"floor":44,"key":"Oddly Smooth Stone"},{"floor":44,"key":"Gambling Chip"},{"floor":46,"key":"Turnip"},{"floor":46,"key":"Juzu Bracelet"}],"event_choices":[{"damage_healed":0.0,"max_hp_gain":0.0,"max_hp_loss":0.0,"gold_gain":0.0,"event_name":"Big Fish","player_choice":"Box","floor":3.0,"gold_loss":0.0,"damage_taken":0.0,"relics_obtained":["Ornamental Fan"],"cards_obtained":["Regret"]},{"damage_healed":0.0,"max_hp_gain":0.0,"max_hp_loss":0.0,"gold_gain":0.0,"event_name":"The Woman in Blue","player_choice":"Bought 2 Potions","floor":4.0,"gold_loss":0.0,"damage_taken":0.0},{"damage_healed":0.0,"max_hp_gain":0.0,"max_hp_loss":0.0,"gold_gain":0.0,"event_name":"Cursed Tome","player_choice":"Obtained Book","floor":19.0,"gold_loss":0.0,"damage_taken":16.0},{"damage_healed":0.0,"max_hp_gain":5.0,"max_hp_loss":0.0,"gold_gain":0.0,"event_name":"Forgotten Altar","player_choice":"Shed Blood","floor":20.0,"gold_loss":0.0,"damage_taken":20.0},{"damage_healed":0.0,"max_hp_gain":0.0,"max_hp_loss":0.0,"gold_gain":0.0,"event_name":"Back to Basics","player_choice":"Simplicity","floor":28.0,"gold_loss":0.0,"damage_taken":0.0,"cards_upgraded":[]},{"damage_healed":0,"gold_gain":0,"player_choice":"Ignored","damage_taken":0,"max_hp_gain":0,"max_hp_loss":0,"event_name":"SecretPortal","floor":38,"gold_loss":0},{"damage_healed":0,"gold_gain":0,"player_choice":"3 cards matched","damage_taken":0,"max_hp_gain":0,"max_hp_loss":0,"event_name":"Match and Keep!","floor":45,"gold_loss":0,"cards_obtained":["Mind Blast","Double Tap","Dark Shackles"]},{"damage_healed":0,"gold_gain":0,"player_choice":"3 cards matched","damage_taken":0,"max_hp_gain":0,"max_hp_loss":0,"event_name":"Match and Keep!","floor":45,"gold_loss":0,"cards_obtained":["Mind Blast","Double Tap","Dark Shackles"]},{"damage_healed":0,"gold_gain":0,"player_choice":"Memory 1","damage_taken":0,"max_hp_gain":0,"max_hp_loss":0,"event_name":"SensoryStone","floor":48,"gold_loss":0}],"is_beta":false,"boss_relics":[{"not_picked":["Runic Pyramid","Mark of Pain"],"picked":"Coffee Dripper"},{"not_picked":["Velvet Choker","Busted Crown"],"picked":"Black Star"}],"items_purged_floors":[7,47],"is_endless":false,"potions_floor_spawned":[1,8,12,14,25,29,31,33,37,39,44,46],"ascension_level":0}}