{"host":"dug4t5o3sl9ppgxq","time":1613289341,"event":{"mods":["ATMod(∞¢Ë™Mod)","Act Like it!","Aspiration","BaseMod","BetterRewards","Card Forge","Colored Map","Colored Powertips","DNKmod","Downfall","FoggyMod","Friendly Minions","Gensokyo","Grow up Mod","Hallownest","Highlight Path","Lobotomy","LobotomyExtend","Marisa£®ÏF”Í°°ƒß¿Ì…≥£©","Minty Spire (QoL Compilation)","Reimu£®≤©¿ˆ¡È√Œ£©","Relic Filter Mod","Remilia£®¿Ÿ√◊¿Ú—«£©","Replay The Spire","Spicy Shops","StSLib","The Bug Knight","The Saiyan","Uncapped","Warlord Emblem","noobMod","°æπ¶ƒ‹Mod°øªÏ„Á÷Æª∑–ﬁ∏¥≤π∂°","°æπ¶ƒ‹Mod°ø¥œ√˜µƒ◊Ó÷’Boss","°æ“≈ŒÔø®≈∆°øREMEMod"],"gold_per_floor":[10020,9052,9052,9052,9069,9094,9094,9121,9144,9144,9157,9189,9189,9219,9219,9317,9317,9335,9335,8729,8729,7756,7789,7789,7817,7844,7844,7876,7876,7454,7454,7454,7549,7549,7562,7562,7562,7612,7200,7200,7230,7034,7060,7093,7093,7122,7122,7122,7122,7122,7122,7122,7122,6838,6867,6867],"floor_reached":57,"language":"ZHS","playtime":12891,"items_purged":[],"score":2116,"play_id":"700a2868-8acb-4d9e-9952-e63390196b40","local_time":"20210214155541","is_ascension_mode":true,"campfire_choices":[{"floor":27,"key":"RECALL"},{"data":"ReplayTheSpireMod:Speed Training+1","floor":32,"key":"PURGE"},{"floor":45,"key":"REST"},{"floor":49,"key":"REST"},{"floor":53,"key":"REST"}],"circlet_count":0,"master_deck":["Strike_G+1","Strike_G+1","Strike_G+1","Strike_G+1","Defend_G+1","Defend_G+1","Defend_G+1","Survivor+1","Neutralize+1","AT_ThistleTea+1","Calculated Gamble+1","Footwork+1","Unload+1","Flying Knee+1","Prepared+1","Doppelganger+1","Setup+1","Acrobatics+1","Reflex+1","Calculated Gamble+1","Defend_G+1","Backflip+1","Quick Slash+1","After Image+1","After Image+1","AT_KingSlayer+1","Well Laid Plans+1","REME_ShadowStrike+1","REME_ShadowStrike+1","Dash+1","REME_ShadowForm+1","Panacea+1","Malaise+1","Caltrops+1","REME_ShadowStrike+1","Tools of the Trade+1","Reflex+1","Mind Blast+1","Dagger Throw+1"],"relics":["Ring of the Snake","Hammer of Thor","Seething Fire","Anvil of the Gods","ice","AT_ATBox","REME_ComplimentaryCards","aspiration:Nostalgia","champ:ChampionCrown","Blood Vial","Eternal Feather","ReplayFunnel","REME_HandOfSuture","Orrery","aspiration:ArtOfWarUpgrade","Chameleon Ring","Oddly Smooth Stone","Juzu Bracelet","Astrolabe","TentaclePot:ReiMu","Replay:Mystery Machine","Bird Faced Urn","The Specimen","Anchor","Basket Of Snakes","Membership Card","Pet Ghost","Nunchaku","Vajra","AT_TimeSand","Shuriken","Onion Ring","Happy Flower","SacredBark","CaptainsWheel","ClockworkSouvenir","Frozen Eye","Replay:Rubber Ducky","Omamori","RuthlessExorcism:ReiMu","ScarletDevilRocket","AT_ArchangelStaff","Blue Doll","Toy Ornithopter","TungstenRod","HollowMod:LifeEnderRelic","AT_LudenTempest","Mastiff:ReiMu"],"acts_visited":["Exordium","TheCity","TheBeyond","TheEnding"],"potions_floor_usage":[11,11],"damage_taken":[{"damage":0,"enemies":"2 Louse","floor":1,"turns":1},{"damage":0,"enemies":"Cultist","floor":5,"turns":1},{"damage":0,"enemies":"Replay:BlueRogue","floor":6,"turns":3},{"damage":0,"enemies":"HollowMod:MossKnight","floor":8,"turns":4},{"damage":1,"enemies":"Jaw Worm","floor":11,"turns":2},{"damage":9,"enemies":"3 Sentries","floor":12,"turns":5},{"damage":0,"enemies":"HollowMod:MossKnight","floor":14,"turns":2},{"damage":548,"enemies":"Hexaghost","floor":16,"turns":7},{"damage":0,"enemies":"Spheric Guardian","floor":18,"turns":3},{"damage":0,"enemies":"Book of Stabbing","floor":23,"turns":4},{"damage":8,"enemies":"Replay:Snechameleon","floor":25,"turns":3},{"damage":0,"enemies":"Book of Stabbing","floor":28,"turns":4},{"damage":6,"enemies":"Pondfish","floor":33,"turns":9},{"damage":14,"enemies":"3 Darklings","floor":35,"turns":4},{"damage":0,"enemies":"Mind Bloom Boss Battle","floor":38,"turns":3},{"damage":6,"enemies":"Nemesis","floor":41,"turns":5},{"damage":0,"enemies":"Reptomancer","floor":44,"turns":4},{"damage":0,"enemies":"R_Hoarder","floor":46,"turns":4},{"damage":0,"enemies":"Time Eater","floor":50,"turns":13},{"damage":0,"enemies":"Shield and Spear","floor":55,"turns":4},{"damage":0,"enemies":"The Heart","floor":56,"turns":6}],"seed_played":"2466617004181448966","potions_obtained":[{"floor":1,"key":"Block Potion"},{"floor":8,"key":"Fruit Juice"},{"floor":11,"key":"Fruit Juice"},{"floor":16,"key":"Adrenaline Potion"},{"floor":18,"key":"LiquidMemories"},{"floor":29,"key":"SteroidPotion"}],"is_trial":false,"path_per_floor":["M","$","?","?","M","E","?","E","T","R","M","E","?","E","R_BF","B",null,"M","?","$","?","$","E","?","E","T","R","E","R","$","?","R_BF","B",null,"M","?","?","?","$","?","E","$","T","E","R","E","R","?","R_BF","B",null,null,"R","$","E","B",null],"character_chosen":"THE_SILENT","items_purchased":["Footwork","Unload","Blood Vial","Eternal Feather","ReplayFunnel","REME_HandOfSuture","Orrery","TentaclePot:ReiMu","Replay:Mystery Machine","Bird Faced Urn","The Specimen","Anchor","Basket Of Snakes","Membership Card","Well Laid Plans","REME_ShadowStrike","Shuriken","Onion Ring","Happy Flower","REME_ShadowForm","ClockworkSouvenir","Frozen Eye","Replay:Rubber Ducky","Tools of the Trade","Reflex","RuthlessExorcism:ReiMu","ScarletDevilRocket","Mind Blast","TungstenRod","HollowMod:LifeEnderRelic","AT_LudenTempest","Dagger Throw+1"],"campfire_rested":3,"item_purchase_floors":[2,2,2,2,2,2,2,20,20,20,22,22,22,22,22,22,30,30,30,30,39,39,39,39,39,42,42,42,54,54,54,54],"current_hp_per_floor":[1020,1030,1040,1050,1060,1070,1080,1090,1100,1110,1131,1133,1143,1155,1172,634,1192,1202,1206,1216,1223,1233,1252,1262,1264,1274,1292,1302,1312,1322,1332,1342,1352,1362,1360,1370,1380,1402,1412,1422,1432,1442,1452,1462,1472,1482,1492,1502,1512,1522,1532,1542,1552,1562,1572,1592],"gold":6867,"neow_bonus":"NOSTALGIA","is_daily":false,"chose_seed":false,"campfire_upgraded":0,"win_rate":0.0,"timestamp":1613289341,"path_taken":["M","$","?","?","?","E","?","E","T","R","?","E","?","E","R_BF","BOSS","M","?","$","?","?","E","?","E","T","R","E","R","$","?","R_BF","BOSS","M","?","?","?","$","?","E","$","T","E","R","E","R","?","R_BF","BOSS","R","$","E","BOSS"],"items_purchased_type":["Card","Card","Relic","Relic","Relic","Relic","Relic","Relic","Relic","Relic","Relic","Relic","Relic","Relic","Card","Card","Relic","Relic","Relic","Card","Relic","Relic","Relic","Card","Card","Relic","Relic","Card","Relic","Relic","Relic","Card"],"build_version":"2020-12-22","purchased_purges":0,"victory":true,"max_hp_per_floor":[1020,1030,1040,1050,1060,1070,1080,1090,1100,1110,1132,1142,1152,1162,1172,1182,1192,1202,1212,1222,1232,1242,1252,1262,1272,1282,1292,1302,1312,1322,1332,1342,1352,1362,1372,1382,1392,1402,1412,1422,1432,1442,1452,1462,1472,1482,1492,1502,1512,1522,1532,1542,1552,1562,1572,1592],"card_choices":[{"not_picked":["Outmaneuver","Tactician"],"picked":"Calculated Gamble","floor":1},{"not_picked":["Sneak Up","Poisoned Stab"],"picked":"Flying Knee","floor":2},{"not_picked":["Skewer","Dagger Spray"],"picked":"Prepared","floor":2},{"not_picked":["Dodge and Roll","Heel Hook"],"picked":"Doppelganger","floor":2},{"not_picked":["Blade Dance","Hidden Blade"],"picked":"Setup","floor":2},{"not_picked":["Flechettes","Escape Plan"],"picked":"Acrobatics","floor":2},{"not_picked":["Riddle With Holes","Sucker Punch"],"picked":"Reflex","floor":5},{"not_picked":["Bane","Finisher"],"picked":"Calculated Gamble","floor":6},{"not_picked":["Dodge and Roll","Prepared"],"picked":"Acrobatics","floor":8},{"not_picked":["AT_KneejerkReflex","Flying Knee"],"picked":"Backflip","floor":11},{"not_picked":["Slice","Storm of Steel"],"picked":"Quick Slash","floor":12},{"not_picked":["Setup","Acrobatics","AT_WindFlip"],"picked":"SKIP","floor":14},{"not_picked":["AT_EssenceShift","Unload"],"picked":"After Image","floor":16},{"not_picked":["Sucker Punch","Blade Dance+1","Sneak Up+1"],"picked":"SKIP","floor":18},{"not_picked":["Sucker Punch","Backflip","Prepared"],"picked":"SKIP","floor":23},{"not_picked":["Catalyst","AT_MyraUnstableElement","PiercingWail"],"picked":"SKIP","floor":25},{"not_picked":["Poisoned Stab","Flechettes"],"picked":"Dash","floor":28},{"not_picked":["Storm of Steel","AT_KingSlayer"],"picked":"Malaise","floor":33},{"not_picked":["Slice","Quick Slash+1"],"picked":"Caltrops","floor":35},{"not_picked":["Setup","Acrobatics+1"],"picked":"REME_ShadowStrike+1","floor":38},{"not_picked":["Dodge and Roll+1","Cloak And Dagger","Acrobatics"],"picked":"SKIP","floor":41},{"not_picked":["Dash+1","Sneak Up+1","Slice"],"picked":"SKIP","floor":44},{"not_picked":["ReplayTheSpireMod:The Works+1","Flying Knee+1","Riddle With Holes"],"picked":"SKIP","floor":46},{"not_picked":["Dagger Throw+1","Hidden Blade+1","ReplayTheSpireMod:The Works"],"picked":"SKIP","floor":55}],"player_experience":143540,"relics_obtained":[{"floor":6,"key":"Art of War"},{"floor":8,"key":"Chameleon Ring"},{"floor":12,"key":"Oddly Smooth Stone"},{"floor":14,"key":"Juzu Bracelet"},{"floor":23,"key":"Pet Ghost"},{"floor":25,"key":"Nunchaku"},{"floor":26,"key":"Vajra"},{"floor":28,"key":"AT_TimeSand"},{"floor":38,"key":"CaptainsWheel"},{"floor":41,"key":"Omamori"},{"floor":43,"key":"AT_ArchangelStaff"},{"floor":44,"key":"Blue Doll"},{"floor":46,"key":"Toy Ornithopter"},{"floor":55,"key":"Mastiff:ReiMu"}],"event_choices":[{"damage_healed":0,"gold_gain":0,"player_choice":"Ignored","damage_taken":0,"max_hp_gain":0,"max_hp_loss":0,"event_name":"Shining Light","floor":3,"gold_loss":0},{"damage_healed":0,"gold_gain":0,"player_choice":"Ignored","damage_taken":0,"max_hp_gain":0,"max_hp_loss":0,"event_name":"WeMeetAgain","floor":4,"gold_loss":0},{"damage_healed":0,"gold_gain":0,"player_choice":"Leave","damage_taken":0,"max_hp_gain":0,"max_hp_loss":0,"event_name":"FaceTrader","floor":13,"gold_loss":0},{"damage_healed":0,"gold_gain":0,"player_choice":"","damage_taken":6,"max_hp_gain":0,"max_hp_loss":0,"event_name":"Knowing Skull","floor":19,"potions_obtained":[],"gold_loss":0,"cards_obtained":[]},{"damage_healed":0,"gold_gain":0,"player_choice":"Punched","damage_taken":3,"max_hp_gain":0,"max_hp_loss":0,"event_name":"Designer","floor":21,"gold_loss":0},{"damage_healed":0,"gold_gain":0,"player_choice":"1 cards matched","damage_taken":0,"max_hp_gain":0,"max_hp_loss":0,"event_name":"Match and Keep!","floor":31,"gold_loss":0,"cards_obtained":["Panacea"]},{"damage_healed":0,"gold_gain":0,"player_choice":"Bought 0 Potions","damage_taken":0,"max_hp_gain":0,"max_hp_loss":0,"event_name":"The Woman in Blue","floor":36,"gold_loss":0},{"cards_removed":["Defend_G"],"damage_healed":0,"gold_gain":0,"player_choice":"Removed Skill","damage_taken":0,"max_hp_gain":0,"max_hp_loss":0,"event_name":"Falling","floor":37,"gold_loss":0},{"damage_healed":0,"gold_gain":0,"player_choice":"Fight","damage_taken":0,"max_hp_gain":0,"max_hp_loss":0,"event_name":"MindBloom","floor":38,"gold_loss":0},{"damage_healed":0,"gold_gain":0,"player_choice":"Ignored","damage_taken":0,"max_hp_gain":0,"max_hp_loss":0,"event_name":"Transmorgrifier","floor":48,"gold_loss":0}],"is_beta":false,"boss_relics":[{"not_picked":["Replay:Grab Bag","Philosopher\u0027s Stone"],"picked":"Astrolabe"},{"not_picked":["Fusion Hammer","Empty Cage"],"picked":"SacredBark"}],"items_purged_floors":[],"is_endless":false,"potions_floor_spawned":[1,8,11,16,18,23,28,46,55],"ascension_level":2}}