{"host":"b6kqr6ulwax9qd8q","time":1613280927,"event":{"mods":["BaseMod","Minty Spire (QoL Compilation)"],"gold_per_floor":[114,37,37,54,70,98,98,110,110,110,129,59,59,77,77,179,179,189,288,306,306,324,324,343,343,423,423,393,393,411,105,105,209,209,219,42,53,67,117,117,117,131,156,181,181,181],"floor_reached":45,"language":"ENG","playtime":2681,"items_purged":[],"score":693,"play_id":"9ff05156-a0f1-4be0-bc0d-516be710f7de","local_time":"20210214003527","is_ascension_mode":true,"campfire_choices":[{"data":"Fire Breathing","floor":7,"key":"SMITH"},{"data":"Armaments","floor":10,"key":"SMITH"},{"data":"Infernal Blade","floor":13,"key":"SMITH"},{"data":"Inflame","floor":15,"key":"SMITH"},{"data":"Limit Break","floor":23,"key":"SMITH"},{"data":"Fire Breathing","floor":27,"key":"SMITH"},{"data":"Uppercut","floor":29,"key":"SMITH"},{"data":"Evolve","floor":32,"key":"SMITH"},{"data":"Fire Breathing","floor":41,"key":"SMITH"}],"circlet_count":0,"master_deck":["Strike_R","Strike_R","Strike_R","Strike_R","Defend_R","Defend_R","Defend_R","Defend_R","Bash","Fire Breathing+1","Uppercut+1","Armaments+1","Ghostly Armor","Infernal Blade+1","Fire Breathing+1","Burning Pact","Inflame+1","Heavy Blade","Limit Break+1","Flame Barrier","Battle Trance","Seeing Red+1","Pommel Strike","Immolate","Sentinel+1","Wild Strike+1","Power Through","Evolve+1","Berserk","CurseOfTheBell","Fire Breathing+1","Burning Pact+1","Shrug It Off+1","Flame Barrier+1","Inflame","Sentinel+1"],"relics":["Coffee Dripper","Question Card","Gremlin Horn","Mark of Pain","Kunai","Pear","Anchor","Orrery","Calling Bell","Ancient Tea Set","Toxic Egg 2","Gambling Chip","Incense Burner","Orichalcum","Bag of Marbles"],"acts_visited":["Exordium","TheCity","TheBeyond"],"potions_floor_usage":[6,24,25,30,33,33,33,40,44],"damage_taken":[{"damage":0,"enemies":"Cultist","floor":1,"turns":3},{"damage":0,"enemies":"2 Louse","floor":4,"turns":2},{"damage":0,"enemies":"Jaw Worm","floor":5,"turns":3},{"damage":25,"enemies":"Lagavulin","floor":6,"turns":5},{"damage":7,"enemies":"Large Slime","floor":8,"turns":5},{"damage":5,"enemies":"Gremlin Gang","floor":11,"turns":6},{"damage":0,"enemies":"3 Louse","floor":14,"turns":2},{"damage":15,"enemies":"Slime Boss","floor":16,"turns":5},{"damage":7,"enemies":"Shell Parasite","floor":18,"turns":4},{"damage":17,"enemies":"3 Byrds","floor":20,"turns":5},{"damage":21,"enemies":"Sentry and Sphere","floor":22,"turns":4},{"damage":15,"enemies":"Cultist and Chosen","floor":24,"turns":5},{"damage":0,"enemies":"Gremlin Leader","floor":25,"turns":1},{"damage":0,"enemies":"Snake Plant","floor":30,"turns":3},{"damage":16,"enemies":"Automaton","floor":33,"turns":8},{"damage":12,"enemies":"3 Darklings","floor":35,"turns":4},{"damage":1,"enemies":"3 Shapes","floor":37,"turns":2},{"damage":18,"enemies":"Transient","floor":38,"turns":5},{"damage":11,"enemies":"Mind Bloom Boss Battle","floor":39,"turns":6},{"damage":0,"enemies":"Reptomancer","floor":40,"turns":3},{"damage":2,"enemies":"4 Shapes","floor":42,"turns":3},{"damage":22,"enemies":"Giant Head","floor":44,"turns":6},{"damage":8,"enemies":"Sphere and 2 Shapes","floor":45,"turns":2}],"seed_played":"-3660320165446720082","potions_obtained":[{"floor":1,"key":"DistilledChaos"},{"floor":4,"key":"BloodPotion"},{"floor":8,"key":"SneckoOil"},{"floor":18,"key":"SmokeBomb"},{"floor":22,"key":"SpeedPotion"},{"floor":28,"key":"Block Potion"},{"floor":28,"key":"HeartOfIron"},{"floor":30,"key":"Energy Potion"},{"floor":37,"key":"EssenceOfSteel"},{"floor":44,"key":"Swift Potion"}],"is_trial":false,"path_per_floor":["M","$","?","M","M","E","R","M","T","R","M","$","R","M","R","B",null,"M","?","M","?","M","R","M","E","T","R","?","R","M","$","R","B",null,"M","$","M","M","?","E","R","M","T","E","M"],"character_chosen":"IRONCLAD","items_purchased":["Uppercut","Inflame","Anchor","Orrery","SmokeBomb","Burning Pact+1"],"campfire_rested":0,"item_purchase_floors":[2,12,31,31,36,36],"current_hp_per_floor":[72,72,72,72,72,47,47,40,40,40,35,35,35,35,35,20,65,58,58,41,41,20,20,21,21,31,31,31,31,31,31,31,15,71,59,59,58,40,29,29,29,27,27,5,0,0],"gold":181,"neow_bonus":"BOSS_RELIC","is_daily":false,"chose_seed":false,"campfire_upgraded":9,"win_rate":0.0,"timestamp":1613280927,"path_taken":["M","?","?","M","?","E","R","M","T","R","?","$","R","M","R","BOSS","M","?","M","?","?","R","M","E","T","R","?","R","?","$","R","BOSS","M","$","M","M","?","E","R","M","T","E","M"],"items_purchased_type":["Card","Card","Relic","Relic","Potion","Card"],"build_version":"2020-12-22","purchased_purges":0,"victory":false,"max_hp_per_floor":[80,80,80,80,80,80,80,80,80,80,80,80,80,80,80,80,80,80,80,80,80,80,80,80,80,90,90,90,90,90,90,90,90,90,90,90,90,90,90,90,90,90,90,90,90,90],"card_choices":[{"not_picked":["Iron Wave","Rupture"],"picked":"Fire Breathing","floor":1},{"not_picked":["Entrench","Thunderclap"],"picked":"Armaments","floor":4},{"not_picked":["Clothesline","Sword Boomerang"],"picked":"Ghostly Armor","floor":5},{"not_picked":["Pummel","Barricade"],"picked":"Infernal Blade","floor":6},{"not_picked":["Sword Boomerang","Armaments","Shockwave"],"picked":"Fire Breathing","floor":8},{"not_picked":["Rampage","Dropkick","Inflame"],"picked":"Burning Pact","floor":11},{"not_picked":["Perfected Strike","Warcry","Anger"],"picked":"Heavy Blade","floor":14},{"not_picked":["Bludgeon","Exhume","Corruption"],"picked":"Limit Break","floor":16},{"not_picked":["Havoc","Rupture","Perfected Strike"],"picked":"Flame Barrier","floor":18},{"not_picked":["Pummel","Twin Strike","Metallicize"],"picked":"Battle Trance","floor":20},{"not_picked":["Armaments","Clothesline+1","Headbutt"],"picked":"Seeing Red+1","floor":22},{"not_picked":["Combust","Armaments","Uppercut"],"picked":"Pommel Strike","floor":24},{"not_picked":["Thunderclap","Ghostly Armor","Anger"],"picked":"Immolate","floor":30},{"not_picked":["Havoc","Corruption","Flex"],"picked":"Sentinel+1","floor":31},{"not_picked":["True Grit","Thunderclap","Warcry"],"picked":"Wild Strike+1","floor":31},{"not_picked":["Havoc","Armaments","Seeing Red"],"picked":"Power Through","floor":31},{"not_picked":["Juggernaut","Armaments+1","Sword Boomerang"],"picked":"Evolve","floor":31},{"not_picked":["Limit Break","Offering","Immolate"],"picked":"Berserk","floor":33},{"not_picked":["Entrench+1","Perfected Strike","Thunderclap+1"],"picked":"Fire Breathing","floor":35},{"not_picked":["Clash+1","Body Slam+1","Sword Boomerang+1"],"picked":"Shrug It Off+1","floor":37},{"not_picked":["Sentinel+1","True Grit+1","Body Slam+1"],"picked":"Flame Barrier+1","floor":38},{"not_picked":["Warcry+1","Whirlwind+1","Berserk"],"picked":"Inflame","floor":39},{"not_picked":["Pommel Strike","Cleave+1","Warcry+1","Iron Wave"],"picked":"SKIP","floor":42},{"not_picked":["Flex+1","Armaments+1","Sword Boomerang+1"],"picked":"Sentinel+1","floor":44}],"player_experience":599246,"relics_obtained":[{"floor":6,"key":"Question Card"},{"floor":9,"key":"Gremlin Horn"},{"floor":26,"key":"Pear"},{"floor":34,"key":"Ancient Tea Set"},{"floor":34,"key":"Toxic Egg 2"},{"floor":34,"key":"Gambling Chip"},{"floor":39,"key":"Incense Burner"},{"floor":43,"key":"Orichalcum"},{"floor":44,"key":"Bag of Marbles"}],"event_choices":[{"cards_removed":["Strike_R"],"damage_healed":0,"gold_gain":0,"player_choice":"Purged","damage_taken":0,"max_hp_gain":0,"max_hp_loss":0,"event_name":"Purifier","floor":3,"gold_loss":0},{"damage_healed":0,"gold_gain":99,"player_choice":"Stole From Cult","damage_taken":0,"max_hp_gain":0,"max_hp_loss":0,"event_name":"Nest","floor":19,"gold_loss":0},{"damage_healed":0,"gold_gain":0,"player_choice":"Gave Potion","damage_taken":0,"relics_obtained":["Kunai"],"max_hp_gain":0,"max_hp_loss":0,"event_name":"WeMeetAgain","floor":21,"gold_loss":0},{"damage_healed":0,"gold_gain":0,"player_choice":"Bought 2 Potions","damage_taken":0,"max_hp_gain":0,"max_hp_loss":0,"event_name":"The Woman in Blue","floor":28,"gold_loss":0},{"damage_healed":0,"gold_gain":0,"player_choice":"Fight","damage_taken":0,"max_hp_gain":0,"max_hp_loss":0,"event_name":"MindBloom","floor":39,"gold_loss":0}],"is_beta":false,"boss_relics":[{"not_picked":["SlaversCollar","SacredBark"],"picked":"Mark of Pain"},{"not_picked":["Tiny House","Runic Dome"],"picked":"Calling Bell"}],"items_purged_floors":[],"is_endless":false,"potions_floor_spawned":[1,4,8,18,22,30,37,40,44],"killed_by":"Sphere and 2 Shapes","ascension_level":7}}