{"host":"poixavpewvabi3b6","time":1613321212,"event":{"mods":["BaseMod","DeckTracker","GungeonMod","Minty Spire (QoL Compilation)","StSLib"],"gold_per_floor":[119,4,4,17,17,17,17,50,98,62,78,78,78,9,9,140,140,163,88,13,13],"floor_reached":20,"language":"KOR","playtime":1167,"items_purged":["DemoMod:Defend_Huntress"],"score":168,"play_id":"21b27dde-c3c8-4336-a274-14aa1126822e","local_time":"20210215014652","is_ascension_mode":false,"campfire_choices":[{"data":"DemoMod:Ejector","floor":6,"key":"SMITH"},{"floor":12,"key":"REST"},{"data":"DemoMod:GunslingerForm","floor":15,"key":"SMITH"}],"circlet_count":0,"master_deck":["DemoMod:Strike_Huntress","DemoMod:Strike_Huntress","DemoMod:Defend_Huntress","DemoMod:Defend_Huntress","DemoMod:Defend_Huntress","DemoMod:Roll","DemoMod:ManualReload","DemoMod:RustySidearm","DemoMod:CrossBow","DemoMod:Ejector+1","DemoMod:TeaPot","DemoMod:ConditionalReflex","DemoMod:SkilledReload","DemoMod:HuntsMan","DemoMod:GunslingerForm+1","DemoMod:JK47"],"relics":["DemoMod:Dog","DemoMod:GnawedKey","Torii","Art of War","DemoMod:HoleyGrail","Golden Idol","Fusion Hammer"],"acts_visited":["Exordium","TheCity"],"potions_floor_usage":[18],"damage_taken":[{"damage":4,"enemies":"Jaw Worm","floor":1,"turns":6},{"damage":0,"enemies":"Small Slimes","floor":4,"turns":4},{"damage":19,"enemies":"3 Sentries","floor":8,"turns":7},{"damage":1,"enemies":"Cultist","floor":11,"turns":5},{"damage":35,"enemies":"Slime Boss","floor":16,"turns":9},{"damage":35,"enemies":"Spheric Guardian","floor":18,"turns":6},{"damage":40,"enemies":"2 Thieves","floor":20,"turns":3}],"seed_played":"-5722087530748308493","potions_obtained":[{"floor":11,"key":"BlessingOfTheForge"},{"floor":16,"key":"AttackPotion"},{"floor":18,"key":"EssenceOfSteel"}],"is_trial":false,"path_per_floor":["M","$","?","M","?","R","$","E","T","$","M","R","?","$","R","B",null,"M","$","M"],"character_chosen":"HUNTRESS","items_purchased":["DemoMod:GnawedKey","DemoMod:SkilledReload","DemoMod:GunslingerForm"],"campfire_rested":1,"item_purchase_floors":[2,10,14],"current_hp_per_floor":[66,66,71,71,68,68,68,49,49,49,48,70,69,69,69,34,69,34,34,0,0],"gold":13,"neow_bonus":"TRANSFORM_CARD","is_daily":false,"chose_seed":false,"campfire_upgraded":2,"win_rate":0.0,"timestamp":1613321212,"path_taken":["M","$","?","M","?","R","$","E","T","$","M","R","?","?","R","BOSS","M","$","?"],"items_purchased_type":["Relic","Card","Card"],"build_version":"2020-12-22","purchased_purges":1,"victory":false,"max_hp_per_floor":[70,70,75,75,75,75,75,75,75,75,75,75,69,69,69,69,69,69,69,69,69],"card_choices":[{"not_picked":["DemoMod:TeaPot","DemoMod:Purify"],"picked":"DemoMod:DirectionalPad","floor":1},{"not_picked":["DemoMod:HuntsMan","DemoMod:TripleGun"],"picked":"DemoMod:TeaPot","floor":4},{"not_picked":["DemoMod:Slinger","DemoMod:AC15"],"picked":"DemoMod:ConditionalReflex","floor":8},{"not_picked":["DemoMod:JK47","DemoMod:BoxingGlove"],"picked":"DemoMod:HuntsMan","floor":11},{"not_picked":["DemoMod:RadGun+1","DemoMod:Purify"],"picked":"DemoMod:JK47","floor":18}],"player_experience":154831,"relics_obtained":[{"floor":8,"key":"Art of War"},{"floor":9,"key":"DemoMod:HoleyGrail"}],"event_choices":[{"damage_healed":0,"gold_gain":0,"player_choice":"Donut","damage_taken":0,"max_hp_gain":5,"max_hp_loss":0,"event_name":"Big Fish","floor":3,"gold_loss":0},{"damage_healed":0,"gold_gain":0,"player_choice":"Success","damage_taken":3,"relics_obtained":["Torii"],"max_hp_gain":0,"max_hp_loss":0,"event_name":"Scrap Ooze","floor":5,"gold_loss":0},{"damage_healed":0,"gold_gain":0,"player_choice":"Lose Max HP","damage_taken":0,"relics_obtained":["Golden Idol"],"max_hp_gain":0,"max_hp_loss":6,"event_name":"Golden Idol","floor":13,"gold_loss":0}],"is_beta":false,"boss_relics":[{"not_picked":["Pandora\u0027s Box","Snecko Eye"],"picked":"Fusion Hammer"}],"items_purged_floors":[19],"is_endless":false,"potions_floor_spawned":[11,16,18],"killed_by":"2 Thieves","ascension_level":0}}