{"host":"0iey8v53xvwqxh5z","time":1613282133,"event":{"mods":["BaseMod","BetterRewards","Hubris","Minty Spire (QoL Compilation)","Relic Stats","Replay The Spire","Shop Mod","StSLib","The Cursed"],"gold_per_floor":[116,116,134,152,171,171,181,213,240,240,260,260,38,70,70,170,170,181,181,199,199,199,199,229,2,2,32,48,59,94,104,104,206,206,218,218,229,241,313,313,363,398,421,421,334,365,376,411,411,411,411,411,61,96,96],"floor_reached":56,"language":"ENG","playtime":4026,"items_purged":["TheCursedMod:Strike_TheCursed","TheCursedMod:Defend_TheCursed","TheCursedMod:Strike_TheCursed"],"score":2242,"play_id":"d6059129-10c8-4713-93bc-83c37bd69561","local_time":"20210214005533","is_ascension_mode":true,"campfire_choices":[{"data":"TheCursedMod:VoidForm","floor":6,"key":"SMITH"},{"data":"TheCursedMod:CollectTribute","floor":10,"key":"SMITH"},{"data":"TheCursedMod:HellsGateOpen","floor":15,"key":"SMITH"},{"data":"TheCursedMod:LuckyCharm","floor":23,"key":"SMITH"},{"data":"TheCursedMod:CollectTribute","floor":32,"key":"SMITH"},{"data":"TheCursedMod:SpitefulPlan","floor":40,"key":"SMITH"},{"floor":49,"key":"RECALL"},{"floor":52,"key":"DIG"}],"circlet_count":0,"master_deck":["TheCursedMod:Strike_TheCursed","TheCursedMod:Strike_TheCursed","TheCursedMod:Defend_TheCursed","TheCursedMod:Defend_TheCursed","TheCursedMod:Defend_TheCursed","TheCursedMod:CursedWand","TheCursedMod:CleanUpWorkshop","TheCursedMod:Dregs","TheCursedMod:HellsGateOpen+1","TheCursedMod:VoidForm+1","TheCursedMod:CursedShiv","TheCursedMod:WearCloak","TheCursedMod:AshesToAshes","TheCursedMod:CursedShiv","TheCursedMod:SmokeScreen","TheCursedMod:RavingStaff","TheCursedMod:SurpriseAttack","TheCursedMod:FleshFromBone","TheCursedMod:CursedShiv","TheCursedMod:CursedSpellbook","TheCursedMod:SpitefulPlan+1","TheCursedMod:SurpriseAttack","TheCursedMod:CollectTribute+1","TheCursedMod:CursedAmulet","TheCursedMod:ManaBullet","TheCursedMod:AshesToAshes","TheCursedMod:NeowsMight","TheCursedMod:CursedShiv+1","TheCursedMod:CursedSpellbook","TheCursedMod:SurpriseAttack","TheCursedMod:LuckyCharm+1","TheCursedMod:CollectTribute+1","TheCursedMod:SurpriseAttack","TheCursedMod:CursedSpellbook","TheCursedMod:LuckyCharm+1","TheCursedMod:RapidMovement","TheCursedMod:SmokeScreen","TheCursedMod:Wield+1","TheCursedMod:AntiAging","TheCursedMod:CursedSpellbook","Decay","TheCursedMod:SurpriseAttack+1","ReplayTheSpireMod:Splinters","TheCursedMod:SurpriseAttack+1","TheCursedMod:CursedBoomerang","TheCursedMod:SmokeScreen+1"],"relics":["TheCursedMod:BlackMagic101","Prayer Wheel","Incense Burner","Orrery","Ginger","Eternal Feather","NlothsMask","Replay:Mystery Machine","hubris:EmptyBottle","HornCleat","Replay:Bronze Core","MutagenicStrength","Art of War","Membership Card","Bag of Marbles","InkBottle","Bird Faced Urn","Philosopher\u0027s Stone","Replay:Rubber Ducky","Shovel","Pocketwatch","Replay:Ringing Soul","Snack Pack","hubris:PeanutButter","Sling","Vajra","Unceasing Top","Replay:Baseball"],"acts_visited":["Exordium","TheCity","TheBeyond","TheEnding"],"potions_floor_usage":[16,27,33,33,46,55,55,55,55],"damage_taken":[{"damage":0,"enemies":"Jaw Worm","floor":1,"turns":4},{"damage":1,"enemies":"Cultist","floor":3,"turns":3},{"damage":0,"enemies":"Small Slimes","floor":4,"turns":3},{"damage":3,"enemies":"Exordium Thugs","floor":5,"turns":3},{"damage":11,"enemies":"Large Slime","floor":7,"turns":9},{"damage":2,"enemies":"Lagavulin","floor":8,"turns":4},{"damage":0,"enemies":"3 Louse","floor":11,"turns":7},{"damage":13,"enemies":"Replay:BlueRogue","floor":14,"turns":5},{"damage":3,"enemies":"Hexaghost","floor":16,"turns":6},{"damage":8,"enemies":"Chosen","floor":18,"turns":6},{"damage":0,"enemies":"Shell Parasite","floor":20,"turns":3},{"damage":3,"enemies":"Book of Stabbing","floor":24,"turns":4},{"damage":1,"enemies":"Slavers","floor":27,"turns":7},{"damage":0,"enemies":"Snake Plant","floor":28,"turns":3},{"damage":0,"enemies":"Chosen and Byrds","floor":29,"turns":4},{"damage":5,"enemies":"Gremlin Leader","floor":30,"turns":4},{"damage":0,"enemies":"Sentry and Sphere","floor":31,"turns":4},{"damage":14,"enemies":"Collector","floor":33,"turns":6},{"damage":1,"enemies":"Orb Walker","floor":35,"turns":3},{"damage":3,"enemies":"3 Shapes","floor":37,"turns":7},{"damage":0,"enemies":"Maw","floor":38,"turns":4},{"damage":0,"enemies":"Mind Bloom Boss Battle","floor":41,"turns":7},{"damage":0,"enemies":"Giant Head","floor":42,"turns":4},{"damage":0,"enemies":"Nemesis","floor":46,"turns":3},{"damage":0,"enemies":"Spire Growth","floor":47,"turns":2},{"damage":4,"enemies":"Giant Head","floor":48,"turns":3},{"damage":10,"enemies":"Time Eater","floor":50,"turns":7},{"damage":0,"enemies":"Shield and Spear","floor":54,"turns":3},{"damage":0,"enemies":"The Heart","floor":55,"turns":6}],"seed_played":"5901823209222029977","potions_obtained":[{"floor":4,"key":"EntropicBrew"},{"floor":7,"key":"BlessingOfTheForge"},{"floor":14,"key":"Weak Potion"},{"floor":16,"key":"Energy Potion"},{"floor":28,"key":"Adrenaline Potion"},{"floor":29,"key":"DistilledChaos"},{"floor":42,"key":"EssenceOfSteel"},{"floor":54,"key":"Languid Potion"}],"is_trial":false,"path_per_floor":["M","?","M","M","M","R","M","E","T","R","M","?","$","E","R","B",null,"M","?","M","?","?","R","E","$","T","E","M","M","E","M","R","B",null,"M","?","M","M","?","R","?","E","T","?","$","E","M","E","R","B",null,"R","$","E","B",null],"character_chosen":"THE_CURSED","items_purchased":["TheCursedMod:HellsGateOpen","Incense Burner","Orrery","Eternal Feather","TheCursedMod:CursedShiv","TheCursedMod:SmokeScreen","hubris:EmptyBottle","Membership Card","Bag of Marbles","TheCursedMod:CursedBoomerang","Sling","Vajra","Unceasing Top"],"campfire_rested":0,"item_purchase_floors":[0,0,0,0,0,0,13,25,25,45,53,53,53],"current_hp_per_floor":[28,28,27,27,24,36,25,23,23,38,38,38,38,25,40,37,75,67,67,67,67,67,75,72,72,72,71,71,71,66,75,75,63,75,77,77,78,81,81,81,83,85,85,85,85,90,92,94,94,94,96,96,96,98,100],"gold":96,"neow_bonus":"","is_daily":false,"chose_seed":false,"campfire_upgraded":6,"win_rate":0.0,"timestamp":1613282133,"path_taken":["M","?","M","M","M","R","?","E","T","R","M","?","$","E","R","BOSS","M","?","M","?","?","R","E","$","T","E","M","M","E","M","R","BOSS","M","?","?","M","?","R","?","E","T","?","?","E","M","E","R","BOSS","R","$","E","BOSS"],"items_purchased_type":["Card","Relic","Relic","Relic","Card","Card","Relic","Relic","Relic","Card","Relic","Relic","Relic"],"build_version":"2020-12-22","purchased_purges":3,"victory":true,"max_hp_per_floor":[75,75,75,75,75,75,75,75,75,75,75,75,75,75,75,75,75,75,75,75,75,75,75,75,75,75,75,75,75,75,75,75,75,75,77,77,79,81,81,81,83,85,85,85,85,90,92,94,94,96,96,96,96,98,100],"relic_stats":{"Shovel":1,"counters":[58,265],"Bird Faced Urn":[25],"Prayer Wheel":15,"Eternal Feather":50,"Art of War":[11],"Ginger":[13],"obtain_stats":[{"Gremlin Horn":11,"Vajra":53,"Ginger":0,"Bottled Tornado":21,"Boot":26,"Sling":53,"Replay:Ringing Soul":46,"hubris:HerbalPaste":53,"HornCleat":14,"Replay:Bronze Core":17,"Prayer Wheel":0,"Philosopher\u0027s Stone":34,"TheCursedMod:BlackMagic101":0,"Happy Flower":26,"Counterbalance":44,"Eternal Feather":0,"Letter Opener":19,"SlaversCollar":34,"Replay:Baseball":53,"ReplayTheSpireMod:Shallot":3,"Bronze Scales":29,"MutagenicStrength":22,"Bird Faced Urn":30,"hubris:PeanutButter":52,"hubris:TenFootPole":43,"ReplayTheSpireMod:TigerMarble":46,"Mirror":31,"Unceasing Top":53,"NlothsMask":2,"Pocketwatch":42,"TheCursedMod:BloodyHarpoon":42,"Bag of Preparation":8,"Incense Burner":0,"Replay:Mystery Machine":8,"hubris:EmptyBottle":13,"Replay:Rubber Ducky":39,"Frozen Eye":38,"Matryoshka":23,"Shovel":41,"Tiny Chest":6,"Replay:Bottled Eggs":53,"InkBottle":26,"Gremlin Food":54,"NeowsBlessing":0,"PreservedInsect":20,"Orichalcum":9,"Odd Mushroom":13,"MawBank":40,"Anchor":38,"TheCursedMod:OminousMark":17,"Orrery":0,"Art of War":24,"Bag of Marbles":25,"Snack Pack":48,"Membership Card":25,"hubris:NiceRug":53},{"Gremlin Horn":5,"Vajra":56,"Ginger":29,"Bottled Tornado":10,"Boot":12,"Sling":56,"Replay:Ringing Soul":53,"hubris:HerbalPaste":27,"HornCleat":37,"Replay:Bronze Core":38,"Prayer Wheel":29,"Philosopher\u0027s Stone":47,"TheCursedMod:BlackMagic101":0,"Happy Flower":12,"Counterbalance":22,"Eternal Feather":29,"Letter Opener":10,"SlaversCollar":17,"Replay:Baseball":27,"ReplayTheSpireMod:Shallot":1,"Bronze Scales":15,"MutagenicStrength":40,"Bird Faced Urn":45,"hubris:PeanutButter":56,"hubris:TenFootPole":21,"ReplayTheSpireMod:TigerMarble":24,"Mirror":16,"Unceasing Top":56,"NlothsMask":30,"Pocketwatch":52,"TheCursedMod:BloodyHarpoon":21,"Bag of Preparation":3,"Incense Burner":29,"Replay:Mystery Machine":35,"hubris:EmptyBottle":36,"Replay:Rubber Ducky":50,"Frozen Eye":19,"Matryoshka":12,"Shovel":51,"Tiny Chest":2,"Replay:Bottled Eggs":27,"InkBottle":41,"Gremlin Food":28,"NeowsBlessing":0,"PreservedInsect":10,"Orichalcum":3,"Odd Mushroom":7,"MawBank":20,"Anchor":19,"TheCursedMod:OminousMark":9,"Orrery":29,"Art of War":41,"Bag of Marbles":41,"Snack Pack":55,"Membership Card":41,"hubris:NiceRug":27},{"Gremlin Horn":9,"Vajra":256,"Ginger":131,"Bottled Tornado":30,"Boot":43,"Sling":256,"Replay:Ringing Soul":244,"hubris:HerbalPaste":122,"HornCleat":169,"Replay:Bronze Core":175,"Prayer Wheel":131,"Philosopher\u0027s Stone":216,"TheCursedMod:BlackMagic101":0,"Happy Flower":43,"Counterbalance":96,"Eternal Feather":131,"Letter Opener":30,"SlaversCollar":70,"Replay:Baseball":122,"ReplayTheSpireMod:Shallot":1,"Bronze Scales":60,"MutagenicStrength":184,"Bird Faced Urn":206,"hubris:PeanutButter":256,"hubris:TenFootPole":92,"ReplayTheSpireMod:TigerMarble":106,"Mirror":63,"Unceasing Top":256,"NlothsMask":135,"Pocketwatch":241,"TheCursedMod:BloodyHarpoon":92,"Bag of Preparation":3,"Incense Burner":131,"Replay:Mystery Machine":157,"hubris:EmptyBottle":164,"Replay:Rubber Ducky":230,"Frozen Eye":82,"Matryoshka":43,"Shovel":237,"Tiny Chest":2,"Replay:Bottled Eggs":122,"InkBottle":188,"Gremlin Food":125,"NeowsBlessing":0,"PreservedInsect":30,"Orichalcum":3,"Odd Mushroom":15,"MawBank":87,"Anchor":82,"TheCursedMod:OminousMark":26,"Orrery":131,"Art of War":188,"Bag of Marbles":188,"Snack Pack":249,"Membership Card":188,"hubris:NiceRug":122}],"InkBottle":[57],"Unceasing Top":[1],"Pocketwatch":[6]},"card_choices":[{"not_picked":["TheCursedMod:TacticalStrike","TheCursedMod:CursedShiv"],"picked":"TheCursedMod:VoidForm","floor":0},{"not_picked":["TheCursedMod:Obscuration","TheCursedMod:SaltUponWound"],"picked":"TheCursedMod:CursedShiv","floor":0},{"not_picked":["TheCursedMod:VitalStrike","TheCursedMod:CursedBlade"],"picked":"TheCursedMod:WearCloak","floor":0},{"not_picked":["TheCursedMod:Grudge","TheCursedMod:CircleOfAmplification"],"picked":"TheCursedMod:AshesToAshes","floor":0},{"not_picked":["TheCursedMod:CursedBlade","TheCursedMod:CircleOfWindfury"],"picked":"TheCursedMod:RavingStaff","floor":1},{"not_picked":["TheCursedMod:Wield","TheCursedMod:CircleOfFocus","TheCursedMod:RapidMovement"],"picked":"SKIP","floor":1},{"not_picked":["TheCursedMod:CursedBlade","TheCursedMod:VitalStrike"],"picked":"TheCursedMod:SurpriseAttack","floor":3},{"not_picked":["TheCursedMod:CircleOfFlame","TheCursedMod:CursedAmulet"],"picked":"TheCursedMod:FleshFromBone","floor":3},{"not_picked":["TheCursedMod:ForbiddenAlchemy","TheCursedMod:Torture"],"picked":"TheCursedMod:CursedShiv","floor":4},{"not_picked":["TheCursedMod:SpitefulStrike","TheCursedMod:CursedArmor"],"picked":"TheCursedMod:CursedSpellbook","floor":4},{"not_picked":["TheCursedMod:RapidMovement","TheCursedMod:CursedSpellbook"],"picked":"TheCursedMod:SpitefulPlan","floor":5},{"not_picked":["TheCursedMod:HellfireBreathing","TheCursedMod:FuryStrike","TheCursedMod:Stretching"],"picked":"SKIP","floor":5},{"not_picked":["TheCursedMod:SmokeScreen","TheCursedMod:HellfireBreathing"],"picked":"TheCursedMod:SurpriseAttack","floor":7},{"not_picked":["TheCursedMod:SaltUponWound","TheCursedMod:CursedShiv"],"picked":"TheCursedMod:CollectTribute","floor":7},{"not_picked":["TheCursedMod:Stretching","TheCursedMod:Stigma","TheCursedMod:StingEye"],"picked":"SKIP","floor":8},{"not_picked":["TheCursedMod:Stretching","TheCursedMod:Stigma","TheCursedMod:StingEye"],"picked":"SKIP","floor":8},{"not_picked":["TheCursedMod:CursedArmor","TheCursedMod:ReleasedKnowledge"],"picked":"TheCursedMod:CursedAmulet","floor":11},{"not_picked":["TheCursedMod:ReleasedKnowledge","TheCursedMod:VitalStrike"],"picked":"TheCursedMod:ManaBullet","floor":11},{"not_picked":["TheCursedMod:SurpriseAttack","TheCursedMod:FleshFromBone"],"picked":"TheCursedMod:AshesToAshes","floor":14},{"not_picked":["TheCursedMod:StunningStrike","TheCursedMod:DarkBarrier"],"picked":"TheCursedMod:NeowsMight","floor":16},{"not_picked":["TheCursedMod:WearCloak","TheCursedMod:FleshFromBone"],"picked":"TheCursedMod:CursedShiv+1","floor":18},{"not_picked":["TheCursedMod:FuryStrike","TheCursedMod:Stretching+1"],"picked":"TheCursedMod:CursedSpellbook","floor":18},{"not_picked":["TheCursedMod:Wield","TheCursedMod:AshesToAshes"],"picked":"TheCursedMod:SurpriseAttack","floor":20},{"not_picked":["TheCursedMod:SpitefulPray","TheCursedMod:Torture+1"],"picked":"TheCursedMod:LuckyCharm","floor":20},{"not_picked":["TheCursedMod:DemonSword","TheCursedMod:CursedShiv"],"picked":"TheCursedMod:CollectTribute","floor":24},{"not_picked":["TheCursedMod:PrepareRite+1","TheCursedMod:SpreadPlague+1"],"picked":"TheCursedMod:SurpriseAttack","floor":27},{"not_picked":["TheCursedMod:EmpowerCircles","TheCursedMod:Stigma+1"],"picked":"TheCursedMod:CursedSpellbook","floor":28},{"not_picked":["TheCursedMod:TacticalStrike","TheCursedMod:VitalStrike"],"picked":"TheCursedMod:LuckyCharm+1","floor":28},{"not_picked":["TheCursedMod:RavingStaff+1","TheCursedMod:SoulReap+1"],"picked":"TheCursedMod:RapidMovement","floor":29},{"not_picked":["TheCursedMod:CircleOfCorruption","TheCursedMod:SoulReap"],"picked":"TheCursedMod:SmokeScreen","floor":29},{"not_picked":["TheCursedMod:ParallelWorld","TheCursedMod:CircleOfWindfury","TheCursedMod:WearCloak"],"picked":"SKIP","floor":30},{"not_picked":["TheCursedMod:TacticalStrike","TheCursedMod:RapidMovement"],"picked":"TheCursedMod:Wield+1","floor":31},{"not_picked":["TheCursedMod:PrepareRite","TheCursedMod:AbyssShockwave","TheCursedMod:StingEye"],"picked":"SKIP","floor":31},{"not_picked":["TheCursedMod:DarkBarrier","TheCursedMod:CollectTribute"],"picked":"TheCursedMod:AntiAging","floor":33},{"not_picked":["TheCursedMod:FleshFromBone+1","TheCursedMod:Hemoplague+1"],"picked":"TheCursedMod:CursedSpellbook","floor":35},{"not_picked":["TheCursedMod:Mangle","TheCursedMod:SmokeScreen+1","TheCursedMod:FuryStrike+1"],"picked":"SKIP","floor":35},{"not_picked":["TheCursedMod:CircleOfAmplification","TheCursedMod:BlessingInDisguise+1"],"picked":"TheCursedMod:SurpriseAttack+1","floor":37},{"not_picked":["TheCursedMod:CursedMace","TheCursedMod:CursedBoomerang","TheCursedMod:DoubleShield"],"picked":"SKIP","floor":37},{"not_picked":["TheCursedMod:CursedArmor","TheCursedMod:Stretching+1","TheCursedMod:CursedShiv+1"],"picked":"SKIP","floor":38},{"not_picked":["TheCursedMod:StingEye+1","TheCursedMod:CursedBlade","TheCursedMod:CircleOfCorruption+1"],"picked":"SKIP","floor":38},{"not_picked":["TheCursedMod:CursedArmor","TheCursedMod:Stretching+1","TheCursedMod:CursedShiv+1"],"picked":"SKIP","floor":38},{"not_picked":["TheCursedMod:StingEye+1","TheCursedMod:CursedBlade","TheCursedMod:CircleOfCorruption+1"],"picked":"SKIP","floor":38},{"not_picked":["TheCursedMod:CircleOfFlame+1","TheCursedMod:FleshFromBone"],"picked":"TheCursedMod:SurpriseAttack+1","floor":39},{"not_picked":["TheCursedMod:CircleOfFlame+1","TheCursedMod:SoulCrush","TheCursedMod:CircleOfFocus+1"],"picked":"SKIP","floor":42},{"not_picked":["TheCursedMod:AntiAging","TheCursedMod:DemonSword"],"picked":"TheCursedMod:SmokeScreen+1","floor":46},{"not_picked":["TheCursedMod:SpitefulPray+1","TheCursedMod:CircleOfAmplification","TheCursedMod:CursedShiv+1"],"picked":"SKIP","floor":47},{"not_picked":["TheCursedMod:TroublousMinions+1","TheCursedMod:VitalStrike+1","TheCursedMod:CircleOfFlame+1"],"picked":"SKIP","floor":47},{"not_picked":["TheCursedMod:Stretching+1","TheCursedMod:VitalStrike+1","TheCursedMod:SpreadPlague"],"picked":"SKIP","floor":48},{"not_picked":["TheCursedMod:FleshFromBone","TheCursedMod:CursedStaff","TheCursedMod:CursedShiv"],"picked":"SKIP","floor":54}],"player_experience":321905,"relics_obtained":[{"floor":8,"key":"Replay:Mystery Machine"},{"floor":14,"key":"HornCleat"},{"floor":24,"key":"Art of War"},{"floor":26,"key":"InkBottle"},{"floor":30,"key":"Bird Faced Urn"},{"floor":39,"key":"Replay:Rubber Ducky"},{"floor":41,"key":"Shovel"},{"floor":42,"key":"Pocketwatch"},{"floor":46,"key":"Replay:Ringing Soul"},{"floor":48,"key":"Snack Pack"},{"floor":52,"key":"hubris:PeanutButter"},{"floor":54,"key":"Replay:Baseball"}],"event_choices":[{"damage_healed":0,"gold_gain":0,"player_choice":"Trade","damage_taken":0,"relics_obtained":["NlothsMask"],"max_hp_gain":0,"max_hp_loss":0,"event_name":"FaceTrader","floor":2,"gold_loss":0},{"damage_healed":0,"gold_gain":0,"player_choice":"Ignored","damage_taken":0,"max_hp_gain":0,"max_hp_loss":0,"event_name":"NoteForYourself","floor":12,"gold_loss":0},{"damage_healed":0,"gold_gain":0,"player_choice":"Ignored","damage_taken":0,"max_hp_gain":0,"max_hp_loss":0,"event_name":"Vampires","floor":21,"gold_loss":0},{"damage_healed":0,"gold_gain":0,"player_choice":"Inject Mutagens","damage_taken":0,"relics_obtained":["MutagenicStrength"],"max_hp_gain":0,"max_hp_loss":0,"event_name":"Drug Dealer","floor":22,"gold_loss":0},{"damage_healed":0,"gold_gain":0,"player_choice":"Cursed","damage_taken":0,"max_hp_gain":0,"max_hp_loss":0,"event_name":"Wheel of Change","floor":36,"gold_loss":0,"cards_obtained":["Decay"]},{"damage_healed":0,"gold_gain":0,"player_choice":"Fight","damage_taken":0,"max_hp_gain":0,"max_hp_loss":0,"event_name":"MindBloom","floor":41,"gold_loss":0},{"damage_healed":0,"gold_gain":0,"player_choice":"Ignored","damage_taken":0,"max_hp_gain":0,"max_hp_loss":0,"event_name":"Tomb of Lord Red Mask","floor":44,"gold_loss":0}],"is_beta":false,"boss_relics":[{"not_picked":["Ectoplasm","ChewingGum"],"picked":"Replay:Bronze Core"},{"not_picked":["SacredBark","Black Star"],"picked":"Philosopher\u0027s Stone"}],"items_purged_floors":[13,45,53],"is_endless":false,"potions_floor_spawned":[4,7,14,16,18,20,28,29,31,42,46,54],"ascension_level":3}}