{"host":"anl785ehjgcmdvvq","time":1613319946,"event":{"mods":["AchievementEnabler","BaseMod","Minty Spire (QoL Compilation)","StSLib","Together in Spire"],"gold_per_floor":[167,1,1,12,12,38,38,53,79,79,94,126,143,159,159,257,257,270,300,316,99,99,99,99,99,99,112,127,5,19,35,35,137,137,148,370,390,102,113,113,139,139,139,173,223,243,243,243],"floor_reached":47,"language":"ENG","playtime":1928,"items_purged":["Strike_G","Writhe","Storm of Steel"],"score":472,"play_id":"47da5193-91bd-4aab-9b70-a11393d29a29","local_time":"20210214192546","is_ascension_mode":false,"campfire_choices":[{"data":"Blade Dance","floor":7,"key":"SMITH"},{"data":"Infinite Blades","floor":10,"key":"SMITH"},{"data":"Accuracy","floor":15,"key":"SMITH"},{"data":"1","floor":23,"key":"LIFT"},{"data":"2","floor":25,"key":"LIFT"},{"data":"Accuracy","floor":32,"key":"SMITH"},{"data":"3","floor":40,"key":"LIFT"},{"data":"Blade Dance","floor":42,"key":"SMITH"}],"circlet_count":0,"master_deck":["Strike_G+1","Strike_G+1","Strike_G","Defend_G","Defend_G+1","Defend_G","Survivor","Neutralize","Calculated Gamble+1","Choke+1","Cloak And Dagger","Blade Dance+1","Infinite Blades+1","Accuracy+1","Cloak And Dagger","Backstab","After Image","Accuracy+1","Accuracy+1","Finisher+1","Blade Dance","A Thousand Cuts","Phantasmal Killer","PiercingWail+1","Blade Dance+1","Cloak And Dagger+1"],"relics":["Tiny House","Membership Card","Lantern","Nunchaku","Vajra","WristBlade","Red Mask","Girya","Omamori","Necronomicon","DollysMirror","Empty Cage","Juzu Bracelet","TheAbacus","Whetstone","Gremlin Horn","StrikeDummy","Bird Faced Urn"],"acts_visited":["Exordium","TheCity","TheBeyond"],"potions_floor_usage":[8,12,12,16,33,39,47,47],"damage_taken":[{"damage":3,"enemies":"Small Slimes","floor":1,"turns":3},{"damage":3,"enemies":"Jaw Worm","floor":4,"turns":3},{"damage":0,"enemies":"Gremlin Nob","floor":6,"turns":1},{"damage":0,"enemies":"2 Louse","floor":8,"turns":1},{"damage":0,"enemies":"Large Slime","floor":11,"turns":1},{"damage":13,"enemies":"3 Sentries","floor":12,"turns":3},{"damage":0,"enemies":"Exordium Wildlife","floor":13,"turns":1},{"damage":0,"enemies":"3 Louse","floor":14,"turns":1},{"damage":18,"enemies":"The Guardian","floor":16,"turns":6},{"damage":0,"enemies":"2 Thieves","floor":18,"turns":1},{"damage":0,"enemies":"Masked Bandits","floor":19,"turns":2},{"damage":0,"enemies":"3 Byrds","floor":20,"turns":2},{"damage":0,"enemies":"Snake Plant","floor":27,"turns":1},{"damage":0,"enemies":"Centurion and Healer","floor":28,"turns":1},{"damage":0,"enemies":"Cultist and Chosen","floor":30,"turns":2},{"damage":10,"enemies":"Snake Plant","floor":31,"turns":2},{"damage":0,"enemies":"Champ","floor":33,"turns":4},{"damage":0,"enemies":"3 Shapes","floor":35,"turns":2},{"damage":0,"enemies":"3 Darklings","floor":37,"turns":1},{"damage":0,"enemies":"Writhing Mass","floor":39,"turns":2},{"damage":3,"enemies":"Reptomancer","floor":41,"turns":3},{"damage":6,"enemies":"Giant Head","floor":44,"turns":4},{"damage":0,"enemies":"Mind Bloom Boss Battle","floor":45,"turns":3},{"damage":0,"enemies":"Maw","floor":46,"turns":2},{"damage":93,"enemies":"Transient","floor":47,"turns":5}],"seed_played":"826115196752723096","potions_obtained":[{"floor":0,"key":"CunningPotion"},{"floor":1,"key":"SkillPotion"},{"floor":6,"key":"Fire Potion"},{"floor":14,"key":"CunningPotion"},{"floor":27,"key":"LiquidMemories"},{"floor":28,"key":"GhostInAJar"},{"floor":30,"key":"SmokeBomb"},{"floor":39,"key":"SmokeBomb"},{"floor":44,"key":"BlessingOfTheForge"},{"floor":46,"key":"SpeedPotion"}],"is_trial":false,"path_per_floor":["M","$","?","M","?","E","R","M","T","R","M","E","M","M","R","B",null,"M","?","M","$","?","R","?","R","T","M","M","$","M","M","R","B",null,"M","?","M","$","M","R","E","R","T","E","?","M","M"],"character_chosen":"THE_SILENT","items_purchased":["Membership Card","Choke","Accuracy","Girya","DollysMirror","Phantasmal Killer","Juzu Bracelet","TheAbacus"],"campfire_rested":0,"item_purchase_floors":[2,2,21,21,29,38,38,38],"current_hp_per_floor":[72,72,57,54,54,54,54,54,54,54,54,41,41,41,41,23,75,75,75,75,75,75,75,59,59,59,59,59,59,59,49,49,49,75,75,75,75,75,75,75,72,72,72,66,66,70,0,0],"gold":243,"neow_bonus":"BOSS_RELIC","is_daily":false,"chose_seed":false,"campfire_upgraded":5,"win_rate":0.0,"timestamp":1613319946,"path_taken":["M","$","?","M","?","E","R","M","T","R","M","E","M","M","R","BOSS","M","?","M","$","?","R","?","R","T","M","M","$","M","M","R","BOSS","M","?","M","$","M","R","E","R","T","E","?","M","M"],"items_purchased_type":["Relic","Card","Card","Relic","Relic","Card","Relic","Relic"],"build_version":"2020-12-22","purchased_purges":3,"victory":false,"max_hp_per_floor":[75,75,75,75,75,75,75,75,75,75,75,75,75,75,75,75,75,75,75,75,75,75,75,75,75,75,75,75,75,75,75,75,75,75,75,75,75,75,75,75,75,75,75,75,75,75,75,75],"card_choices":[{"not_picked":["Quick Slash","PiercingWail"],"picked":"Calculated Gamble","floor":0},{"not_picked":["Dodge and Roll","Flying Knee","Acrobatics"],"picked":"SKIP","floor":1},{"not_picked":["Acrobatics","Deflect"],"picked":"Cloak And Dagger","floor":4},{"not_picked":["Deadly Poison","Heel Hook"],"picked":"Storm of Steel","floor":6},{"not_picked":["Poisoned Stab","Bane"],"picked":"Infinite Blades","floor":8},{"not_picked":["Flechettes","Bane","PiercingWail"],"picked":"SKIP","floor":11},{"not_picked":["Backstab","Flechettes"],"picked":"Accuracy","floor":12},{"not_picked":["Backflip","Concentrate"],"picked":"Cloak And Dagger","floor":13},{"not_picked":["Underhanded Strike","Blur"],"picked":"Backstab","floor":14},{"not_picked":["Glass Knife","Die Die Die"],"picked":"After Image","floor":16},{"not_picked":["Sucker Punch","Dagger Spray+1","Prepared"],"picked":"SKIP","floor":18},{"not_picked":["Terror","Poisoned Stab","Deflect"],"picked":"SKIP","floor":20},{"not_picked":["Eviscerate","PiercingWail+1","Poisoned Stab+1"],"picked":"SKIP","floor":27},{"not_picked":["Sucker Punch","Deflect","Predator"],"picked":"SKIP","floor":28},{"not_picked":["Skewer","Concentrate+1"],"picked":"Finisher+1","floor":30},{"not_picked":["Finisher","Underhanded Strike"],"picked":"Blade Dance","floor":31},{"not_picked":["Burst","Adrenaline"],"picked":"A Thousand Cuts","floor":33},{"not_picked":["Flying Knee+1","Calculated Gamble","Dodge and Roll"],"picked":"SKIP","floor":35},{"not_picked":["Bane","Outmaneuver","Masterful Stab"],"picked":"SKIP","floor":37},{"not_picked":["Deadly Poison","Noxious Fumes+1"],"picked":"PiercingWail+1","floor":39},{"not_picked":["Malaise","Dagger Spray+1"],"picked":"Blade Dance","floor":41},{"not_picked":["Outmaneuver+1","Leg Sweep+1","Flying Knee+1"],"picked":"SKIP","floor":44},{"not_picked":["Eviscerate+1","Prepared"],"picked":"Cloak And Dagger+1","floor":46}],"player_experience":139458,"relics_obtained":[{"floor":6,"key":"Lantern"},{"floor":9,"key":"Nunchaku"},{"floor":12,"key":"Vajra"},{"floor":19,"key":"Red Mask"},{"floor":24,"key":"Necronomicon"},{"floor":41,"key":"Whetstone"},{"floor":43,"key":"Gremlin Horn"},{"floor":44,"key":"StrikeDummy"},{"floor":45,"key":"Bird Faced Urn"}],"event_choices":[{"damage_healed":0,"gold_gain":0,"player_choice":"Entered Light","damage_taken":15,"max_hp_gain":0,"max_hp_loss":0,"event_name":"Shining Light","floor":3,"gold_loss":0,"cards_upgraded":["Calculated Gamble","Defend_G"]},{"damage_healed":0,"gold_gain":0,"cards_transformed":["Defend_G"],"player_choice":"Change","damage_taken":0,"max_hp_gain":0,"max_hp_loss":0,"event_name":"Living Wall","floor":5,"gold_loss":0,"cards_obtained":["Blade Dance"]},{"damage_healed":0,"gold_gain":0,"player_choice":"Fought Bandits","damage_taken":0,"max_hp_gain":0,"max_hp_loss":0,"event_name":"Masked Bandits","floor":19,"gold_loss":0},{"damage_healed":0,"gold_gain":0,"player_choice":"Opened","damage_taken":0,"relics_obtained":["Omamori"],"max_hp_gain":0,"max_hp_loss":0,"event_name":"The Mausoleum","floor":22,"gold_loss":0,"cards_obtained":["Writhe"]},{"damage_healed":0,"gold_gain":0,"player_choice":"Obtained Book","damage_taken":16,"max_hp_gain":0,"max_hp_loss":0,"event_name":"Cursed Tome","floor":24,"gold_loss":0},{"damage_healed":0,"gold_gain":222,"player_choice":"Wore Mask","damage_taken":0,"max_hp_gain":0,"max_hp_loss":0,"event_name":"Tomb of Lord Red Mask","floor":36,"gold_loss":0},{"damage_healed":0,"gold_gain":0,"player_choice":"Fight","damage_taken":0,"max_hp_gain":0,"max_hp_loss":0,"event_name":"MindBloom","floor":45,"gold_loss":0}],"is_beta":false,"boss_relics":[{"not_picked":["HoveringKite","Fusion Hammer"],"picked":"WristBlade"},{"not_picked":["Coffee Dripper","Velvet Choker"],"picked":"Empty Cage"}],"items_purged_floors":[21,29,38],"is_endless":false,"potions_floor_spawned":[1,6,14,27,28,30,39,44,46],"killed_by":"Transient","ascension_level":0}}