{"host":"d0btaf6p0msba79e","time":1613315777,"event":{"mods":["BaseMod","BetterRewards","Minty Spire (QoL Compilation)"],"gold_per_floor":[125,153,153,173,200,235,235,273,296,296,323,342,377,405,405,519,519,530,240,257,257,281,308,317,326,326,326,54,69,111,134,134,242,242,258,43,54,65,79,123,123,123,132,145,145,174,184,184,184,184],"floor_reached":51,"language":"ENG","playtime":6165,"items_purged":["Strike_P","Decay"],"score":1098,"play_id":"dba63e05-e970-459e-be2e-fcf06e8e6ae9","local_time":"20210215021617","is_ascension_mode":true,"campfire_choices":[{"floor":7,"key":"REST"},{"data":"Vault","floor":10,"key":"SMITH"},{"floor":15,"key":"REST"},{"floor":27,"key":"REST"},{"data":"Secret Technique","floor":32,"key":"SMITH"},{"floor":42,"key":"REST"},{"floor":45,"key":"REST"},{"floor":49,"key":"REST"}],"circlet_count":0,"master_deck":["Defend_P","Defend_P","Defend_P","Defend_P","Eruption","Vigilance","Apotheosis+1","PathToVictory","PathToVictory","Prostrate","Vault+1","ThirdEye","EmptyBody","EmptyBody","Perseverance","PathToVictory","SpiritShield","DeceiveReality","ThirdEye","WindmillStrike","Secret Technique+1","Evaluate+1","Evaluate","DevaForm","Study","DeusExMachina","Writhe"],"relics":["PureWater","Question Card","CeramicFish","White Beast Statue","Bag of Marbles","MealTicket","Strawberry","Empty Cage","Happy Flower","StoneCalendar","Art of War","Gremlin Horn","Cursed Key","PreservedInsect","Pantograph","Kunai"],"acts_visited":["Exordium","TheCity","TheBeyond"],"potions_floor_usage":[6,13,13,14,16,23,29,30,35,37,40,40,50,50],"damage_taken":[{"damage":0,"enemies":"2 Louse","floor":1,"turns":2},{"damage":0,"enemies":"Cultist","floor":2,"turns":3},{"damage":3,"enemies":"Jaw Worm","floor":4,"turns":2},{"damage":2,"enemies":"Exordium Wildlife","floor":5,"turns":3},{"damage":0,"enemies":"Gremlin Nob","floor":6,"turns":3},{"damage":3,"enemies":"Lagavulin","floor":8,"turns":5},{"damage":1,"enemies":"3 Louse","floor":11,"turns":3},{"damage":0,"enemies":"Red Slaver","floor":12,"turns":4},{"damage":0,"enemies":"3 Sentries","floor":13,"turns":11},{"damage":2,"enemies":"Lots of Slimes","floor":14,"turns":5},{"damage":0,"enemies":"Slime Boss","floor":16,"turns":9},{"damage":0,"enemies":"Chosen","floor":18,"turns":5},{"damage":12,"enemies":"2 Thieves","floor":20,"turns":5},{"damage":0,"enemies":"3 Cultists","floor":22,"turns":5},{"damage":40,"enemies":"Gremlin Leader","floor":23,"turns":9},{"damage":2,"enemies":"Cultist and Chosen","floor":29,"turns":7},{"damage":0,"enemies":"Book of Stabbing","floor":30,"turns":5},{"damage":5,"enemies":"Centurion and Healer","floor":31,"turns":5},{"damage":2,"enemies":"Collector","floor":33,"turns":7},{"damage":10,"enemies":"3 Darklings","floor":35,"turns":6},{"damage":0,"enemies":"3 Shapes","floor":37,"turns":4},{"damage":2,"enemies":"Sphere and 2 Shapes","floor":38,"turns":7},{"damage":2,"enemies":"3 Darklings","floor":39,"turns":5},{"damage":47,"enemies":"Reptomancer","floor":40,"turns":6},{"damage":12,"enemies":"Spire Growth","floor":44,"turns":7},{"damage":31,"enemies":"Nemesis","floor":46,"turns":8},{"damage":12,"enemies":"Jaw Worm Horde","floor":47,"turns":6},{"damage":2,"enemies":"Awakened One","floor":50,"turns":18}],"seed_played":"1186371692058665609","potions_obtained":[{"floor":1,"key":"EssenceOfSteel"},{"floor":2,"key":"AttackPotion"},{"floor":8,"key":"Dexterity Potion"},{"floor":11,"key":"Ancient Potion"},{"floor":13,"key":"GamblersBrew"},{"floor":14,"key":"DuplicationPotion"},{"floor":16,"key":"Strength Potion"},{"floor":18,"key":"Weak Potion"},{"floor":20,"key":"Ancient Potion"},{"floor":23,"key":"Swift Potion"},{"floor":29,"key":"ColorlessPotion"},{"floor":30,"key":"FairyPotion"},{"floor":35,"key":"ColorlessPotion"},{"floor":37,"key":"Block Potion"},{"floor":40,"key":"Explosive Potion"},{"floor":41,"key":"EssenceOfSteel"},{"floor":47,"key":"EssenceOfSteel"}],"is_trial":false,"path_per_floor":["M","M","?","M","M","E","R","E","T","R","M","M","E","M","R","B",null,"M","$","M","?","M","E","?","?","T","R","$","M","E","M","R","B",null,"M","$","M","M","M","E","?","R","T","M","R","E","M","?","R","B",null],"character_chosen":"WATCHER","items_purchased":["Apotheosis","Question Card","CeramicFish","Happy Flower","DeceiveReality","Secret Technique","PreservedInsect","Study"],"campfire_rested":6,"item_purchase_floors":[0,0,0,19,19,28,36,36],"current_hp_per_floor":[48,48,48,45,43,43,64,61,61,61,60,60,67,65,79,79,79,79,79,67,67,67,27,27,27,27,50,65,63,63,58,58,56,79,69,79,79,77,75,28,28,51,51,39,62,31,19,19,42,65],"gold":184,"neow_bonus":"","is_daily":false,"chose_seed":false,"campfire_upgraded":2,"win_rate":0.0,"timestamp":1613315777,"path_taken":["M","M","?","?","M","E","R","E","T","R","M","M","E","M","R","BOSS","M","$","M","?","M","E","?","?","T","R","$","?","E","M","R","BOSS","M","$","?","M","M","E","?","R","T","?","R","E","M","?","R","BOSS"],"items_purchased_type":["Card","Relic","Relic","Relic","Card","Card","Relic","Card"],"build_version":"2020-12-22","purchased_purges":2,"victory":true,"max_hp_per_floor":[72,72,72,72,72,72,72,72,72,72,72,72,79,79,79,79,79,79,79,79,79,79,79,79,79,79,79,79,79,79,79,79,79,79,79,79,79,79,79,79,79,79,79,79,79,79,79,79,79,79],"card_choices":[{"not_picked":["CrushJoints","Worship","BowlingBash"],"picked":"PathToVictory","floor":1},{"not_picked":["Consecrate","BowlingBash","ClearTheMind"],"picked":"PathToVictory","floor":2},{"not_picked":["FlyingSleeves","CrushJoints","FollowUp"],"picked":"Prostrate","floor":4},{"not_picked":["Prostrate","JustLucky","Halt"],"picked":"Vault","floor":5},{"not_picked":["Prostrate","WindmillStrike","BowlingBash"],"picked":"ThirdEye","floor":6},{"not_picked":["Halt","Brilliance","Fasting2"],"picked":"EmptyBody","floor":8},{"not_picked":["ClearTheMind","Wireheading","InnerPeace"],"picked":"EmptyBody","floor":11},{"not_picked":["Conclude","FearNoEvil","SashWhip","BowlingBash"],"picked":"SKIP","floor":12},{"not_picked":["MentalFortress","LessonLearned","WheelKick"],"picked":"Perseverance","floor":13},{"not_picked":["CrushJoints","FlurryOfBlows","CarveReality"],"picked":"PathToVictory","floor":14},{"not_picked":["Brilliance","LessonLearned","Ragnarok"],"picked":"SpiritShield","floor":16},{"not_picked":["Prostrate","Protect","BattleHymn","BowlingBash"],"picked":"SKIP","floor":18},{"not_picked":["ClearTheMind+1","WreathOfFlame","Tantrum","FollowUp"],"picked":"SKIP","floor":20},{"not_picked":["BowlingBash","Tantrum","Indignation"],"picked":"ThirdEye","floor":22},{"not_picked":["FlurryOfBlows+1","Fasting2","WreathOfFlame","FearNoEvil"],"picked":"SKIP","floor":23},{"not_picked":["ThirdEye","ReachHeaven+1","EmptyBody","FlyingSleeves"],"picked":"SKIP","floor":29},{"not_picked":["WheelKick","Conclude","Ragnarok"],"picked":"Evaluate+1","floor":30},{"not_picked":["BowlingBash","Protect","Consecrate"],"picked":"Evaluate","floor":31},{"not_picked":["Scrawl","Omniscience","Wish"],"picked":"DevaForm","floor":33},{"not_picked":["CutThroughFate","JustLucky+1","FlurryOfBlows","FlyingSleeves"],"picked":"SKIP","floor":35},{"not_picked":["SashWhip+1","EmptyBody","Conclude+1","LikeWater"],"picked":"SKIP","floor":37},{"not_picked":["ThirdEye","Scrawl","Consecrate+1","ClearTheMind+1"],"picked":"SKIP","floor":38},{"not_picked":["ThirdEye","Protect+1","Halt","CarveReality+1"],"picked":"SKIP","floor":39},{"not_picked":["FlyingSleeves","WindmillStrike+1","Consecrate"],"picked":"DeusExMachina","floor":40},{"not_picked":["Protect","EmptyBody+1","Crescendo","JustLucky"],"picked":"SKIP","floor":44},{"not_picked":["FearNoEvil+1","CutThroughFate","Protect+1","CarveReality"],"picked":"SKIP","floor":46},{"not_picked":["FlyingSleeves+1","BowlingBash+1","Worship","Consecrate"],"picked":"SKIP","floor":47}],"player_experience":1002859,"relics_obtained":[{"floor":6,"key":"White Beast Statue"},{"floor":8,"key":"Bag of Marbles"},{"floor":9,"key":"MealTicket"},{"floor":13,"key":"Strawberry"},{"floor":23,"key":"StoneCalendar"},{"floor":26,"key":"Art of War"},{"floor":30,"key":"Gremlin Horn"},{"floor":40,"key":"Pantograph"},{"floor":46,"key":"Kunai"}],"event_choices":[{"damage_healed":0,"gold_gain":0,"player_choice":"Upgraded","damage_taken":0,"max_hp_gain":0,"max_hp_loss":0,"event_name":"Upgrade Shrine","floor":3,"gold_loss":0,"cards_upgraded":["Apotheosis"]},{"cards_removed":["Strike_P"],"damage_healed":0,"gold_gain":0,"player_choice":"Elegance","damage_taken":0,"max_hp_gain":0,"max_hp_loss":0,"event_name":"Back to Basics","floor":21,"gold_loss":0},{"damage_healed":0,"gold_gain":0,"player_choice":"Smashed Altar","damage_taken":0,"max_hp_gain":0,"max_hp_loss":0,"event_name":"Forgotten Altar","floor":24,"gold_loss":0,"cards_obtained":["Decay"]},{"damage_healed":0,"gold_gain":0,"player_choice":"1 cards matched","damage_taken":0,"max_hp_gain":0,"max_hp_loss":0,"event_name":"Match and Keep!","floor":25,"gold_loss":0,"cards_obtained":["WindmillStrike"]},{"damage_healed":0,"gold_gain":0,"player_choice":"Got Potions","damage_taken":0,"max_hp_gain":0,"max_hp_loss":0,"event_name":"Lab","floor":41,"gold_loss":0},{"damage_healed":0,"gold_gain":0,"player_choice":"Ignored","damage_taken":0,"max_hp_gain":0,"max_hp_loss":0,"event_name":"Tomb of Lord Red Mask","floor":48,"gold_loss":0}],"is_beta":false,"boss_relics":[{"not_picked":["Coffee Dripper","Runic Dome"],"picked":"Empty Cage"},{"not_picked":["Calling Bell","Tiny House"],"picked":"Cursed Key"}],"items_purged_floors":[19,28],"is_endless":false,"potions_floor_spawned":[1,2,8,11,12,13,14,16,18,20,22,23,29,30,31,33,35,37,38,39,40,44,46,47],"ascension_level":1}}