{"host":"mmqs5ul2bvb60kyc","time":1613273442,"event":{"mods":["AchievementEnabler","Act Like it!","BaseMod","Colored Map","Colored Powertips","Minty Spire (QoL Compilation)","Quick Restart","StSLib"],"gold_per_floor":[115,115,115,129,147,147,173,173,198,210,38,58,68,94,94,173,173,191,30,46,58,71,106,106,31,31,31,56,68,68,24,24,98,98,108,108,108,158,37,37,63,78,78,106,119,119,147,164,164,164,164,164,19,49,49],"floor_reached":56,"language":"ZHS","playtime":2865,"items_purged":["Writhe"],"score":2076,"play_id":"6bc0e07f-a867-47e6-be8d-973c4a7cb444","local_time":"20210214113042","is_ascension_mode":true,"campfire_choices":[{"data":"Evolve","floor":6.0,"key":"SMITH"},{"floor":8.0,"key":"RECALL"},{"data":"Fire Breathing","floor":15.0,"key":"SMITH"},{"floor":24.0,"key":"REST"},{"data":"Dark Embrace","floor":27.0,"key":"SMITH"},{"data":"Feed","floor":32.0,"key":"SMITH"},{"floor":40.0,"key":"DIG"},{"floor":46.0,"key":"DIG"},{"floor":49.0,"key":"DIG"},{"floor":52.0,"key":"DIG"}],"circlet_count":0,"master_deck":["AscendersBane","Strike_R","Strike_R","Defend_R","Defend_R","Defend_R","Defend_R","Bash","Armaments+1","Shrug It Off","Evolve+1","Body Slam","Dark Embrace+1","Fire Breathing+1","Fiend Fire","Feed+1","Wild Strike","Power Through","True Grit","Ghostly","Ghostly","Ghostly","Second Wind","Impervious","Fire Breathing+1","Juggernaut","Fiend Fire","Ghostly","Seeing Red+1"],"relics":["Burning Blood","NeowsBlessing","Bronze Scales","Oddly Smooth Stone","Medical Kit","Magic Flower","Cursed Key","Membership Card","MealTicket","Bottled Tornado","Empty Cage","Mercury Hourglass","Shovel","Strange Spoon","HornCleat","Pantograph","Dead Branch","Gremlin Horn","Bag of Preparation","Akabeko","Eternal Feather","DollysMirror","Calipers"],"acts_visited":["Exordium","TheCity","TheBeyond","TheEnding"],"potions_floor_usage":[],"damage_taken":[{"damage":0.0,"enemies":"Small Slimes","floor":1.0,"turns":1.0},{"damage":0.0,"enemies":"Cultist","floor":4.0,"turns":1.0},{"damage":0.0,"enemies":"2 Louse","floor":5.0,"turns":1.0},{"damage":17.0,"enemies":"3 Sentries","floor":7.0,"turns":12.0},{"damage":6.0,"enemies":"Exordium Wildlife","floor":10.0,"turns":8.0},{"damage":9.0,"enemies":"2 Fungi Beasts","floor":12.0,"turns":4.0},{"damage":7.0,"enemies":"Blue Slaver","floor":13.0,"turns":5.0},{"damage":35.0,"enemies":"Gremlin Nob","floor":14.0,"turns":5.0},{"damage":3.0,"enemies":"Hexaghost","floor":16.0,"turns":10.0},{"damage":14.0,"enemies":"Shell Parasite","floor":18.0,"turns":7.0},{"damage":28.0,"enemies":"2 Thieves","floor":20.0,"turns":5.0},{"damage":27.0,"enemies":"Shelled Parasite and Fungi","floor":21.0,"turns":5.0},{"damage":20.0,"enemies":"Snake Plant","floor":22.0,"turns":4.0},{"damage":54.0,"enemies":"Slavers","floor":23.0,"turns":5.0},{"damage":27.0,"enemies":"Gremlin Leader","floor":28.0,"turns":7.0},{"damage":11.0,"enemies":"Snecko","floor":29.0,"turns":7.0},{"damage":11.0,"enemies":"Automaton","floor":33.0,"turns":13.0},{"damage":14.0,"enemies":"3 Darklings","floor":35.0,"turns":6.0},{"damage":21.0,"enemies":"2 Orb Walkers","floor":38.0,"turns":4.0},{"damage":25.0,"enemies":"Reptomancer","floor":41.0,"turns":7.0},{"damage":0.0,"enemies":"Orb Walker","floor":42.0,"turns":5.0},{"damage":6.0,"enemies":"Nemesis","floor":44.0,"turns":7.0},{"damage":21.0,"enemies":"Transient","floor":45.0,"turns":6.0},{"damage":20.0,"enemies":"Reptomancer","floor":47.0,"turns":6.0},{"damage":5.0,"enemies":"3 Darklings","floor":48.0,"turns":5.0},{"damage":46.0,"enemies":"Awakened One","floor":50.0,"turns":11.0},{"damage":8.0,"enemies":"Shield and Spear","floor":54.0,"turns":5.0},{"damage":18,"enemies":"The Heart","floor":55,"turns":8}],"seed_played":"-4239085187410762523","potions_obtained":[{"floor":1.0,"key":"Fire Potion"},{"floor":5.0,"key":"LiquidMemories"},{"floor":14.0,"key":"HeartOfIron"},{"floor":20.0,"key":"EssenceOfSteel"},{"floor":21.0,"key":"BloodPotion"},{"floor":22.0,"key":"SpeedPotion"},{"floor":29.0,"key":"GamblersBrew"},{"floor":33.0,"key":"ColorlessPotion"},{"floor":38.0,"key":"GamblersBrew"}],"is_trial":false,"path_per_floor":["M","?","?","M","M","R","E","R","T","M","$","M","M","E","R","B",null,"M","$","M","M","M","E","R","?","T","R","E","M","?","$","R","B",null,"M","?","T","?","$","R","E","M","T","E","M","R","E","M","R","B",null,"R","$","E","B",null],"character_chosen":"IRONCLAD","items_purchased":["Medical Kit","Membership Card","Second Wind","Juggernaut","Strange Spoon","DollysMirror","Weak Potion"],"campfire_rested":1,"item_purchase_floors":[11,19,31,39,39,53,53],"current_hp_per_floor":[74,74,74,75,75,75,64,64,64,64,64,61,60,31,31,37,66,67,67,54,41,36,23,50,50,50,50,32,35,35,48,48,52,52,53,53,53,41,53,53,37,46,46,49,37,37,26,30,30,22,48,48,57,57,48],"gold":49,"neow_bonus":"THREE_ENEMY_KILL","is_daily":false,"chose_seed":false,"campfire_upgraded":4,"win_rate":0.0,"timestamp":1613273442,"path_taken":["M","?","?","M","?","R","E","R","T","M","$","M","M","E","R","BOSS","M","?","M","?","M","E","R","?","T","R","E","M","?","$","R","BOSS","M","?","?","?","?","R","E","M","T","E","?","R","E","M","R","BOSS","R","$","E","BOSS"],"items_purchased_type":["Relic","Relic","Card","Card","Relic","Relic","Potion"],"build_version":"2020-12-22","purchased_purges":1,"victory":true,"max_hp_per_floor":[75,75,75,75,75,75,75,75,75,75,75,75,75,75,75,75,75,79,79,83,86,90,93,93,93,93,93,93,96,48,48,48,52,52,56,53,53,53,53,53,53,53,53,53,53,53,53,53,53,57,57,57,57,57,57],"card_choices":[{"not_picked":["Headbutt","Iron Wave"],"picked":"Armaments","floor":1.0},{"not_picked":["Warcry","Havoc"],"picked":"Evolve","floor":4.0},{"not_picked":["Clash","Iron Wave","Armaments"],"picked":"SKIP","floor":5.0},{"not_picked":["Clash","Intimidate","Clothesline"],"picked":"SKIP","floor":7.0},{"not_picked":["Anger","Havoc"],"picked":"Body Slam","floor":10.0},{"not_picked":["Clothesline","Sword Boomerang"],"picked":"Dark Embrace","floor":12.0},{"not_picked":["Searing Blow","Twin Strike"],"picked":"Fire Breathing","floor":13.0},{"not_picked":["Headbutt","True Grit"],"picked":"Fiend Fire","floor":14.0},{"not_picked":["Immolate","Corruption"],"picked":"Feed","floor":16.0},{"not_picked":["Heavy Blade","Headbutt"],"picked":"Wild Strike","floor":18.0},{"not_picked":["Sever Soul","Wild Strike","Flame Barrier"],"picked":"SKIP","floor":20.0},{"not_picked":["Ghostly Armor","Rampage"],"picked":"Power Through","floor":21.0},{"not_picked":["Thunderclap","Clothesline+1"],"picked":"True Grit","floor":22.0},{"not_picked":["Perfected Strike","Havoc","Heavy Blade"],"picked":"SKIP","floor":23.0},{"not_picked":["Sentinel","Cleave","Spot Weakness"],"picked":"SKIP","floor":28.0},{"not_picked":["Dropkick","Heavy Blade","Sword Boomerang"],"picked":"SKIP","floor":29.0},{"not_picked":["Double Tap","Brutality"],"picked":"Impervious","floor":33.0},{"not_picked":["Clothesline","Heavy Blade"],"picked":"Fire Breathing+1","floor":35.0},{"not_picked":["Perfected Strike","Armaments","Shrug It Off"],"picked":"SKIP","floor":41.0},{"not_picked":["Shrug It Off","Sword Boomerang","Second Wind"],"picked":"SKIP","floor":42.0},{"not_picked":["Cleave+1","Anger","Pommel Strike"],"picked":"SKIP","floor":44.0},{"not_picked":["Cleave","Iron Wave+1","Whirlwind"],"picked":"SKIP","floor":45.0},{"not_picked":["Clothesline","Fiend Fire","Flame Barrier"],"picked":"SKIP","floor":47.0},{"not_picked":["Clothesline","Flame Barrier"],"picked":"Fiend Fire","floor":47.0},{"not_picked":["Perfected Strike","True Grit+1","Dropkick+1"],"picked":"SKIP","floor":48.0},{"not_picked":["Metallicize+1","Perfected Strike"],"picked":"Seeing Red+1","floor":54.0}],"player_experience":360592,"relics_obtained":[{"floor":7.0,"key":"Bronze Scales"},{"floor":9.0,"key":"Oddly Smooth Stone"},{"floor":14.0,"key":"Magic Flower"},{"floor":23.0,"key":"MealTicket"},{"floor":28.0,"key":"Bottled Tornado"},{"floor":37.0,"key":"Mercury Hourglass"},{"floor":38.0,"key":"Shovel"},{"floor":40.0,"key":"HornCleat"},{"floor":41.0,"key":"Pantograph"},{"floor":44.0,"key":"Dead Branch"},{"floor":46.0,"key":"Gremlin Horn"},{"floor":47.0,"key":"Bag of Preparation"},{"floor":49.0,"key":"Akabeko"},{"floor":52.0,"key":"Eternal Feather"},{"floor":54.0,"key":"Calipers"}],"event_choices":[{"damage_healed":0.0,"max_hp_gain":0.0,"max_hp_loss":0.0,"gold_gain":0.0,"cards_transformed":["Strike_R"],"event_name":"Living Wall","player_choice":"Change","floor":2.0,"gold_loss":0.0,"damage_taken":0.0,"cards_obtained":["Shrug It Off"]},{"damage_healed":0.0,"max_hp_gain":0.0,"max_hp_loss":0.0,"gold_gain":0.0,"event_name":"Upgrade Shrine","player_choice":"Upgraded","floor":3.0,"gold_loss":0.0,"damage_taken":0.0,"cards_upgraded":["Armaments"]},{"cards_removed":["Strike_R"],"damage_healed":0.0,"max_hp_gain":0.0,"max_hp_loss":0.0,"gold_gain":0.0,"event_name":"Beggar","player_choice":"Gave Gold","floor":25.0,"gold_loss":75.0,"damage_taken":0.0},{"damage_healed":0.0,"max_hp_gain":0.0,"max_hp_loss":48.0,"gold_gain":0.0,"event_name":"Ghosts","player_choice":"Became a Ghost","floor":30.0,"gold_loss":0.0,"damage_taken":0.0,"cards_obtained":["Ghostly","Ghostly","Ghostly"]},{"damage_healed":0.0,"max_hp_gain":0.0,"max_hp_loss":3.0,"gold_gain":0.0,"event_name":"Winding Halls","player_choice":"Max HP","floor":36.0,"gold_loss":0.0,"damage_taken":0.0},{"damage_healed":0.0,"max_hp_gain":0.0,"max_hp_loss":0.0,"gold_gain":0.0,"event_name":"Mysterious Sphere","player_choice":"Fight","floor":38.0,"gold_loss":0.0,"damage_taken":0.0}],"is_beta":false,"boss_relics":[{"not_picked":["Runic Dome","Snecko Eye"],"picked":"Cursed Key"},{"not_picked":["Black Blood","Busted Crown"],"picked":"Empty Cage"}],"items_purged_floors":[53],"is_endless":false,"potions_floor_spawned":[1,5,12,14,20,21,22,29,33,35,38,41,45],"ascension_level":17}}