{"host":"gjwzgdilc53yxmt0","time":1613264289,"event":{"mods":["2.2 Compatiblity","BaseMod","Bestiary","Highlight Path","Minty Spire (QoL Compilation)","Relic Stats","StSLib","ojb\u0027s Info Mod"],"gold_per_floor":[115,132,151,151,116,142,142,142,168,168,194,208,221,256,256,331,331,348,398,398,398,398,398],"floor_reached":22,"language":"ENG","playtime":796,"items_purged":[],"score":404,"play_id":"8a6965d4-b9b2-4bf6-a00c-bd9b2d2ce811","local_time":"20210213195809","is_ascension_mode":true,"campfire_choices":[{"floor":7.0,"key":"REST"},{"data":"Bash","floor":10.0,"key":"SMITH"},{"floor":15.0,"key":"REST"}],"circlet_count":0,"master_deck":["AscendersBane","Strike_R","Strike_R","Defend_R","Defend_R+1","Defend_R","Bash+1","Evolve","Corruption","Power Through+1","Shockwave","Wild Strike","Reckless Charge","Pommel Strike","Dual Wield","Barricade","Pummel","Fire Breathing"],"relics":["Burning Blood","Happy Flower","Regal Pillow","Centennial Puzzle","Blood Vial","Coffee Dripper"],"acts_visited":["Exordium","TheCity"],"potions_floor_usage":[16],"damage_taken":[{"damage":9.0,"enemies":"Jaw Worm","floor":1.0,"turns":4.0},{"damage":8.0,"enemies":"Small Slimes","floor":2.0,"turns":4.0},{"damage":12.0,"enemies":"2 Louse","floor":3.0,"turns":3.0},{"damage":12.0,"enemies":"3 Sentries","floor":6.0,"turns":7.0},{"damage":45.0,"enemies":"Lagavulin","floor":11.0,"turns":8.0},{"damage":9.0,"enemies":"Large Slime","floor":12.0,"turns":5.0},{"damage":1.0,"enemies":"Looter","floor":13.0,"turns":3.0},{"damage":10.0,"enemies":"Gremlin Nob","floor":14.0,"turns":3.0},{"damage":34,"enemies":"The Guardian","floor":16,"turns":12},{"damage":30,"enemies":"Shell Parasite","floor":18,"turns":6},{"damage":30,"enemies":"Masked Bandits","floor":22,"turns":3}],"seed_played":"5335699470955934534","potions_obtained":[{"floor":1.0,"key":"AttackPotion"},{"floor":3.0,"key":"PowerPotion"},{"floor":11.0,"key":"SkillPotion"},{"floor":14.0,"key":"Energy Potion"}],"is_trial":false,"path_per_floor":["M","M","M","?","?","E","R","?","T","R","E","M","M","E","R","B",null,"M","?","?","?","?"],"character_chosen":"IRONCLAD","items_purchased":[],"campfire_rested":2,"item_purchase_floors":[],"current_hp_per_floor":[47,45,39,16,34,28,50,50,50,50,11,8,13,9,46,20,61,39,39,39,18,0,0],"gold":398,"neow_bonus":"TRANSFORM_TWO_CARDS","is_daily":false,"chose_seed":false,"campfire_upgraded":1,"win_rate":0.0,"timestamp":1613264289,"path_taken":["M","M","M","?","?","E","R","?","T","R","E","M","M","E","R","BOSS","M","?","?","?","?"],"items_purchased_type":[],"build_version":"2020-12-22","purchased_purges":0,"victory":false,"max_hp_per_floor":[75,75,75,75,75,75,75,75,75,75,75,75,75,75,75,75,75,75,75,75,80,80,80],"relic_stats":{"Blood Vial":6,"Regal Pillow":15,"Centennial Puzzle":[18],"Happy Flower":[13],"counters":[11,58],"obtain_stats":[{"Blood Vial":14,"Regal Pillow":9,"Centennial Puzzle":11,"Happy Flower":6,"Coffee Dripper":17,"Burning Blood":0},{"Blood Vial":8,"Regal Pillow":4,"Centennial Puzzle":5,"Happy Flower":4,"Coffee Dripper":9,"Burning Blood":0},{"Blood Vial":37,"Regal Pillow":18,"Centennial Puzzle":26,"Happy Flower":18,"Coffee Dripper":49,"Burning Blood":0}],"Burning Blood":60},"card_choices":[{"not_picked":["Body Slam","Wild Strike"],"picked":"Power Through","floor":1.0},{"not_picked":["Warcry","Infernal Blade"],"picked":"Shockwave","floor":2.0},{"not_picked":["Flex","Seeing Red","Warcry"],"picked":"SKIP","floor":3.0},{"not_picked":["Sever Soul","Cleave"],"picked":"Wild Strike","floor":6.0},{"not_picked":["Thunderclap","Iron Wave"],"picked":"Reckless Charge","floor":11.0},{"not_picked":["Brutality","Twin Strike"],"picked":"Pommel Strike","floor":12.0},{"not_picked":["Iron Wave","Wild Strike"],"picked":"Dual Wield","floor":13.0},{"not_picked":["Flex","Bloodletting","Perfected Strike"],"picked":"SKIP","floor":14.0},{"not_picked":["Limit Break","Double Tap"],"picked":"Barricade","floor":16},{"not_picked":["Blood for Blood","Wild Strike","Pommel Strike"],"picked":"SKIP","floor":18}],"player_experience":4937705,"relics_obtained":[{"floor":6.0,"key":"Happy Flower"},{"floor":9.0,"key":"Regal Pillow"},{"floor":11.0,"key":"Centennial Puzzle"},{"floor":14.0,"key":"Blood Vial"}],"event_choices":[{"damage_healed":0.0,"max_hp_gain":0.0,"max_hp_loss":0.0,"gold_gain":0.0,"event_name":"Shining Light","player_choice":"Entered Light","floor":4.0,"gold_loss":0.0,"damage_taken":23.0,"cards_upgraded":["Power Through","Defend_R"]},{"damage_healed":18.0,"max_hp_gain":0.0,"max_hp_loss":0.0,"gold_gain":0.0,"event_name":"The Cleric","player_choice":"Healed","floor":5.0,"gold_loss":35.0,"damage_taken":0.0},{"damage_healed":0.0,"max_hp_gain":0.0,"max_hp_loss":0.0,"gold_gain":0.0,"event_name":"Liars Game","player_choice":"Ignored","floor":8.0,"gold_loss":0.0,"damage_taken":0.0},{"damage_healed":0,"gold_gain":50,"player_choice":"Stole From Cult","damage_taken":0,"max_hp_gain":0,"max_hp_loss":0,"event_name":"Nest","floor":19,"gold_loss":0},{"damage_healed":0,"gold_gain":0,"cards_transformed":["Strike_R","Strike_R"],"player_choice":"Became Test Subject","damage_taken":0,"max_hp_gain":0,"max_hp_loss":0,"event_name":"Drug Dealer","floor":20,"gold_loss":0,"cards_obtained":["Pummel","Fire Breathing"]},{"damage_healed":0,"gold_gain":0,"player_choice":"Shed Blood","damage_taken":26,"max_hp_gain":5,"max_hp_loss":0,"event_name":"Forgotten Altar","floor":21,"gold_loss":0},{"damage_healed":0,"gold_gain":0,"player_choice":"Fought Bandits","damage_taken":0,"max_hp_gain":0,"max_hp_loss":0,"event_name":"Masked Bandits","floor":22,"gold_loss":0}],"is_beta":false,"boss_relics":[{"not_picked":["Ectoplasm","Velvet Choker"],"picked":"Coffee Dripper"}],"items_purged_floors":[],"is_endless":false,"potions_floor_spawned":[1,3,11,14],"killed_by":"Masked Bandits","ascension_level":20}}