{"host":"6dypmz777xraikqf","time":1613319282,"event":{"mods":["AchievementEnabler","BaseMod","BetterRewards","Colored Map","Colored Powertips","Downfall","Highlight Path","Hubris","Infinite Spire","Minty Spire (QoL Compilation)","Replay The Spire","StSLib"],"gold_per_floor":[117,117,164,164,164,176,176,176,202,219,219,219,219,234,234,309,309,321,335,335,351,57,57,57,71,96,96,131,0,0,0,0,72,72,89,107,122,122,122,122,152,182,194,206,252,264,291,313,325,337],"floor_reached":51,"language":"ENG","playtime":2200,"items_purged":["Strike_R","Strike_R"],"score":1651,"play_id":"a125a28d-d9c4-4eca-abc3-a265e87d4f65","local_time":"20210214161442","is_ascension_mode":true,"campfire_choices":[{"floor":8,"key":"REST"},{"data":"Searing Blow","floor":11,"key":"SMITH"},{"data":"Searing Blow+2","floor":13,"key":"SMITH"},{"data":"Searing Blow+3","floor":15,"key":"SMITH"},{"data":"hubris:EnhanceAbility","floor":23,"key":"SMITH"},{"data":"Demonic Infusion","floor":27,"key":"SMITH"},{"floor":30,"key":"REST"},{"data":"Purity","floor":40,"key":"SMITH"},{"data":"Pot Of Greed","floor":46,"key":"SMITH"},{"floor":49,"key":"RECALL"}],"circlet_count":0,"master_deck":["AscendersBane","Strike_R+1","Strike_R+1","Defend_R","Defend_R","Defend_R","Bash","Searing Blow+4","Armaments","infinitespire:Collect","Demonic Infusion+1","Purity+1","infinitespire:Collect","Pommel Strike+1","Searing Blow+4","hubris:EnhanceAbility+1","Entrench","hubris:InfiniteBlow+32","Pot Of Greed+1","Pot Of Greed"],"relics":["Burning Blood","hubris:MedicalManual","Chemical X","ReplayTheSpireMod:Ring of Exchange","ReplayTheSpireMod:Ring of Challenge","Juzu Bracelet","Omamori","ReplayTheSpireMod:SealedPack","BargainBundle","Akabeko","ReplayTheSpireMod:TigerMarble","Busted Crown","hubris:Icosahedron","hubris:Towel","MawBank","hubris:DeckOfHolding","Grinning Jar"],"acts_visited":["Exordium","TheCity","TheBeyond"],"potions_floor_usage":[28,28,33,50],"damage_taken":[{"damage":4,"enemies":"Cultist","floor":1,"turns":5},{"damage":2,"enemies":"Small Slimes","floor":3,"turns":3},{"damage":3,"enemies":"2 Louse","floor":6,"turns":2},{"damage":6,"enemies":"Looter","floor":10,"turns":3},{"damage":0,"enemies":"2 Fungi Beasts","floor":14,"turns":3},{"damage":18,"enemies":"The Guardian","floor":16,"turns":10},{"damage":0,"enemies":"Spheric Guardian","floor":18,"turns":3},{"damage":20,"enemies":"2 Thieves","floor":19,"turns":3},{"damage":15,"enemies":"Shelled Parasite and Fungi","floor":21,"turns":5},{"damage":26,"enemies":"Centurion and Healer","floor":25,"turns":7},{"damage":26,"enemies":"Slavers","floor":28,"turns":6},{"damage":14,"enemies":"Collector","floor":33,"turns":9},{"damage":4,"enemies":"3 Shapes","floor":35,"turns":4},{"damage":0,"enemies":"Orb Walker","floor":36,"turns":5},{"damage":23,"enemies":"Transient","floor":37,"turns":5},{"damage":24,"enemies":"Nemesis","floor":41,"turns":5},{"damage":0,"enemies":"Sphere and 2 Shapes","floor":42,"turns":5},{"damage":0,"enemies":"Reptomancer","floor":45,"turns":1},{"damage":0,"enemies":"Maw","floor":47,"turns":2},{"damage":0,"enemies":"Transient","floor":48,"turns":3},{"damage":14,"enemies":"Time Eater","floor":50,"turns":2}],"seed_played":"-4051855084731618696","potions_obtained":[{"floor":3,"key":"Elixir"},{"floor":6,"key":"BlessingOfTheForge"},{"floor":18,"key":"SkillPotion"},{"floor":28,"key":"BlessingOfTheForge"},{"floor":41,"key":"Explosive Potion"},{"floor":45,"key":"AttackPotion"}],"is_trial":false,"path_per_floor":["M","?","M","?","?","M","T","R","T","M","R","?","R","M","R","B",null,"M","M","?","M","$","R","?","M","T","R","E","?","R","?","R_BF","B",null,"M","M","M","?","?","R","E","M","T","AVR","E","R","M","M","R_BF","B",null],"character_chosen":"IRONCLAD","items_purchased":["Searing Blow","Chemical X","BargainBundle","hubris:EnhanceAbility"],"campfire_rested":2,"item_purchase_floors":[0,0,22,22],"current_hp_per_floor":[54,54,58,35,18,21,21,43,43,43,43,43,43,49,49,37,66,72,58,58,49,49,49,49,29,29,29,9,9,31,75,75,67,73,75,75,58,58,58,58,40,46,46,46,52,52,58,64,64,56],"gold":349,"neow_bonus":"","is_daily":false,"chose_seed":false,"campfire_upgraded":7,"win_rate":0.0,"timestamp":1613319282,"path_taken":["M","?","M","?","?","M","?","R","T","M","R","?","R","M","R","BOSS","M","M","?","M","?","R","?","M","T","R","E","?","R","?","R_BF","BOSS","M","M","M","?","?","R","E","M","T","AVR","E","R","M","M","R_BF","BOSS"],"items_purchased_type":["Card","Relic","Relic","Card"],"build_version":"2020-12-22","purchased_purges":2,"victory":true,"max_hp_per_floor":[75,75,75,75,75,75,75,75,75,75,75,75,75,75,75,75,75,75,75,75,75,75,75,75,75,75,75,75,75,75,75,75,75,75,75,75,75,75,75,75,75,75,75,75,75,75,75,75,75,75],"card_choices":[{"not_picked":["Flex","Searing Blow","Perfected Strike"],"picked":"SKIP","floor":1},{"not_picked":["Cleave","ReplayTheSpireMod:Strike From Hell"],"picked":"Armaments","floor":3},{"not_picked":["infinitespire:SevenWalls","infinitespire:Starlight"],"picked":"infinitespire:Collect","floor":5},{"not_picked":["Sword Boomerang","Massacre","Cleave"],"picked":"SKIP","floor":6},{"not_picked":["Dropkick","Dark Embrace","Wild Strike"],"picked":"SKIP","floor":10},{"not_picked":["ReplayTheSpireMod:Strike From Hell","Twin Strike","Clothesline"],"picked":"SKIP","floor":14},{"not_picked":["Demon Form","Limit Break"],"picked":"Demonic Infusion","floor":16},{"not_picked":["hubris:Insight","Dramatic Entrance"],"picked":"Purity","floor":17},{"not_picked":["infinitespire:Menacing","infinitespire:Gouge"],"picked":"infinitespire:Collect","floor":17},{"not_picked":["Clothesline","Feel No Pain"],"picked":"Pommel Strike+1","floor":18},{"not_picked":["Headbutt","Run Through","Iron Wave+1"],"picked":"SKIP","floor":19},{"not_picked":["Run Through","Rampage"],"picked":"Battle Trance+1","floor":21},{"not_picked":["Bludgeon","Clash","Heavy Blade"],"picked":"SKIP","floor":25},{"not_picked":["Clothesline","Iron Wave","Heavy Blade"],"picked":"SKIP","floor":28},{"not_picked":["Iron Wave"],"picked":"SKIP","floor":35},{"not_picked":["Flame Barrier"],"picked":"SKIP","floor":36},{"not_picked":["Pommel Strike+1"],"picked":"SKIP","floor":37},{"not_picked":["Limit Break"],"picked":"SKIP","floor":41},{"not_picked":["Havoc"],"picked":"SKIP","floor":42},{"not_picked":["Entrench"],"picked":"SKIP","floor":45},{"not_picked":["hubris:ReadiedAction"],"picked":"SKIP","floor":47},{"not_picked":["hubris:StunningStrike"],"picked":"SKIP","floor":48}],"player_experience":229619,"relics_obtained":[{"floor":2,"key":"ReplayTheSpireMod:Ring of Exchange"},{"floor":2,"key":"ReplayTheSpireMod:Ring of Challenge"},{"floor":7,"key":"Juzu Bracelet"},{"floor":9,"key":"Omamori"},{"floor":26,"key":"Akabeko"},{"floor":28,"key":"ReplayTheSpireMod:TigerMarble"},{"floor":41,"key":"MawBank"},{"floor":43,"key":"hubris:DeckOfHolding"},{"floor":45,"key":"Grinning Jar"}],"event_choices":[{"damage_healed":0,"gold_gain":0,"player_choice":"Entered Light","damage_taken":23,"max_hp_gain":0,"max_hp_loss":0,"event_name":"Shining Light","floor":4,"gold_loss":0,"cards_upgraded":["Strike_R","Strike_R"]},{"damage_healed":0,"gold_gain":0,"player_choice":"Copied","damage_taken":0,"max_hp_gain":0,"max_hp_loss":0,"event_name":"Duplicator","floor":20,"gold_loss":0,"cards_obtained":["Searing Blow"]},{"cards_removed":["Strike_R"],"damage_healed":0,"gold_gain":0,"player_choice":"Purged","damage_taken":0,"max_hp_gain":0,"max_hp_loss":0,"event_name":"Purifier","floor":24,"gold_loss":0},{"damage_healed":0,"gold_gain":0,"player_choice":"Paid Fearfully","damage_taken":0,"max_hp_gain":0,"max_hp_loss":0,"event_name":"Masked Bandits","floor":29,"gold_loss":131},{"cards_removed":["Battle Trance"],"damage_healed":44,"gold_gain":0,"player_choice":"Offered Uncommon","damage_taken":0,"max_hp_gain":0,"max_hp_loss":0,"event_name":"Bonfire Elementals","floor":31,"gold_loss":0}],"is_beta":false,"boss_relics":[{"not_picked":["ReplayTheSpireMod:CursedCoin","Replay:Bronze Core"],"picked":"ReplayTheSpireMod:SealedPack"},{"not_picked":["hubris:Backtick","Strange Spoon"],"picked":"Busted Crown"}],"items_purged_floors":[0,22],"is_endless":false,"potions_floor_spawned":[3,6,10,14,18,21,28,41,45],"ascension_level":15}}