{"host":"ul3z8ex5o8l5j7mh","time":1613331625,"event":{"mods":["AchievementEnabler","BaseMod","Bestiary","Colored Map","Colored Powertips","DeckTracker","Keyboard Shortcuts","Minty Spire (QoL Compilation)","Relic Sorter","Relic Stats","SuperFastMode"],"gold_per_floor":[109,27,46,60,135,161,161,192,192,192,222,233,247,101,101,201,201,213,226,226,242,4,4,4],"floor_reached":23,"language":"ENG","playtime":1084,"items_purged":[],"score":276,"play_id":"3c636c58-0149-420f-83ad-8371188e05d4","local_time":"20210214204025","is_ascension_mode":true,"campfire_choices":[{"floor":7.0,"key":"REST"},{"data":"Trip","floor":10.0,"key":"SMITH"},{"floor":15,"key":"REST"}],"circlet_count":0,"master_deck":["Strike_R","Strike_R","Strike_R","Defend_R","Defend_R","Defend_R","Defend_R","Bash","Trip+1","Carnage","Flex","Pommel Strike","Blood for Blood","Carnage","Armaments","Cleave","Inflame+1","Ghostly","Ghostly","Ghostly","Ghostly","Ghostly"],"relics":["Black Star","Bird Faced Urn","Darkstone Periapt","Calipers","Toy Ornithopter","Pear","MealTicket","Empty Cage","Frozen Egg 2"],"acts_visited":["Exordium","TheCity"],"potions_floor_usage":[18,19,21],"damage_taken":[{"damage":11.0,"enemies":"Jaw Worm","floor":1.0,"turns":4.0},{"damage":4.0,"enemies":"Small Slimes","floor":3.0,"turns":4.0},{"damage":0.0,"enemies":"Cultist","floor":4.0,"turns":2.0},{"damage":27.0,"enemies":"Gremlin Nob","floor":6.0,"turns":4.0},{"damage":20.0,"enemies":"Lagavulin","floor":8.0,"turns":3.0},{"damage":9,"enemies":"Exordium Thugs","floor":12,"turns":3},{"damage":12,"enemies":"Exordium Wildlife","floor":13,"turns":3},{"damage":45,"enemies":"The Guardian","floor":16,"turns":8},{"damage":7,"enemies":"Chosen","floor":18,"turns":3},{"damage":54,"enemies":"3 Byrds","floor":19,"turns":6},{"damage":23,"enemies":"Centurion and Healer","floor":21,"turns":7},{"damage":46,"enemies":"Slavers","floor":23,"turns":7}],"seed_played":"-1809166780762320882","potions_obtained":[{"floor":4.0,"key":"EssenceOfSteel"},{"floor":6.0,"key":"Fire Potion"},{"floor":12,"key":"Energy Potion"},{"floor":16,"key":"BloodPotion"},{"floor":19,"key":"FearPotion"}],"is_trial":false,"path_per_floor":["M","$","M","M","?","E","R","E","T","R","?","M","M","$","R","B",null,"M","M","?","M","$","E"],"character_chosen":"IRONCLAD","items_purchased":["Trip","MealTicket","Frozen Egg 2"],"campfire_rested":2,"item_purchase_floors":[2,14,22],"current_hp_per_floor":[69,69,65,65,54,27,51,31,41,41,41,32,20,20,47,2,68,66,35,35,19,34,0,0],"gold":4,"neow_bonus":"BOSS_RELIC","is_daily":false,"chose_seed":false,"campfire_upgraded":1,"win_rate":0.0,"timestamp":1613331625,"path_taken":["M","$","M","M","?","E","R","E","T","R","?","M","M","$","R","BOSS","M","M","?","M","$","E"],"items_purchased_type":["Card","Relic","Relic"],"build_version":"2020-12-22","purchased_purges":0,"victory":false,"max_hp_per_floor":[80,80,80,80,80,80,80,80,90,90,90,90,90,90,90,90,90,90,90,45,45,45,45,45],"relic_stats":{"Darkstone Periapt":0,"counters":[12,54],"Bird Faced Urn":[4],"MealTicket":15,"Black Star":2,"obtain_stats":[{"Darkstone Periapt":6,"Calipers":8,"Pear":9,"Bird Faced Urn":6,"MealTicket":14,"Black Star":0,"Frozen Egg 2":22,"Empty Cage":17,"Burning Blood":0,"Toy Ornithopter":8},{"Darkstone Periapt":4,"Calipers":5,"Pear":5,"Bird Faced Urn":4,"MealTicket":7,"Black Star":0,"Frozen Egg 2":11,"Empty Cage":8,"Burning Blood":0,"Toy Ornithopter":5},{"Darkstone Periapt":14,"Calipers":17,"Pear":17,"Bird Faced Urn":14,"MealTicket":23,"Black Star":0,"Frozen Egg 2":47,"Empty Cage":31,"Burning Blood":0,"Toy Ornithopter":17}],"Toy Ornithopter":15},"card_choices":[{"not_picked":["Warcry","Fire Breathing","Armaments"],"picked":"SKIP","floor":1.0},{"not_picked":["Body Slam","Shrug It Off"],"picked":"Carnage","floor":3.0},{"not_picked":["Feel No Pain","Warcry"],"picked":"Flex","floor":4.0},{"not_picked":["Iron Wave","Flex"],"picked":"Pommel Strike","floor":6.0},{"not_picked":["Fiend Fire","Shrug It Off"],"picked":"Blood for Blood","floor":8.0},{"not_picked":["Battle Trance","Reckless Charge"],"picked":"Carnage","floor":12},{"not_picked":["Reckless Charge","Clothesline"],"picked":"Armaments","floor":13},{"not_picked":["Pommel Strike","Whirlwind"],"picked":"Cleave","floor":18},{"not_picked":["Thunderclap","Perfected Strike+1"],"picked":"Inflame+1","floor":19},{"not_picked":["Evolve","Twin Strike","Body Slam"],"picked":"SKIP","floor":21}],"player_experience":380099,"relics_obtained":[{"floor":6.0,"key":"Bird Faced Urn"},{"floor":6.0,"key":"Darkstone Periapt"},{"floor":8.0,"key":"Calipers"},{"floor":8.0,"key":"Toy Ornithopter"},{"floor":9.0,"key":"Pear"}],"event_choices":[{"damage_healed":0.0,"max_hp_gain":0.0,"max_hp_loss":0.0,"gold_gain":75.0,"event_name":"World of Goop","player_choice":"Gather Gold","floor":5.0,"gold_loss":0.0,"damage_taken":11.0},{"damage_healed":0,"gold_gain":30,"player_choice":"Searched \u00272\u0027 times","damage_taken":0,"max_hp_gain":0,"max_hp_loss":0,"event_name":"Dead Adventurer","floor":11,"gold_loss":0},{"damage_healed":0,"gold_gain":0,"player_choice":"Became a Ghost","damage_taken":0,"max_hp_gain":0,"max_hp_loss":45,"event_name":"Ghosts","floor":20,"gold_loss":0,"cards_obtained":["Ghostly","Ghostly","Ghostly","Ghostly","Ghostly"]}],"is_beta":false,"boss_relics":[{"not_picked":["Philosopher\u0027s Stone","Runic Cube"],"picked":"Empty Cage"}],"items_purged_floors":[],"is_endless":false,"potions_floor_spawned":[4,6,12,16,19],"killed_by":"Slavers","ascension_level":5}}