{"host":"jwpp8hxpigr0nknu","time":1613291564,"event":{"mods":["BaseMod","BetterRewards","Colored Map","Colored Powertips","Minty Spire (QoL Compilation)","Rare Cards Sparkle","Shop Mod","StSLib"],"gold_per_floor":[117,67,67,85,85,114,141,166,166,192,3,36,36,36],"floor_reached":13,"language":"ENG","playtime":1080,"items_purged":["Quick Slash"],"score":245,"play_id":"f8c5dffa-b469-48d9-8086-638ecef455df","local_time":"20210214023244","daily_mods":["Draft","Heirloom","Flight","DeadlyEvents","Elite Swarm"],"is_ascension_mode":true,"campfire_choices":[],"circlet_count":0,"master_deck":["Bouncing Flask","Calculated Gamble","Outmaneuver","Dash","Tactician","Flying Knee","Bouncing Flask","Sucker Punch","Backflip","Outmaneuver","Prepared","Prepared","Backflip","Sucker Punch","Heel Hook","Corpse Explosion","Corpse Explosion","Adrenaline","Envenom","Dagger Throw+1","Footwork","Night Terror"],"relics":["Ring of the Snake","Incense Burner","Nunchaku","Tingsha","StrikeDummy","Molten Egg 2","Ninja Scroll","Potion Belt"],"acts_visited":["Exordium"],"potions_floor_usage":[12,12,13],"damage_taken":[{"damage":9.0,"enemies":"Jaw Worm","floor":1.0,"turns":3.0},{"damage":7.0,"enemies":"Small Slimes","floor":4.0,"turns":3.0},{"damage":0.0,"enemies":"Gremlin Nob","floor":6.0,"turns":3.0},{"damage":16.0,"enemies":"Lagavulin","floor":7.0,"turns":5.0},{"damage":26.0,"enemies":"3 Sentries","floor":8.0,"turns":5.0},{"damage":11,"enemies":"Gremlin Nob","floor":10,"turns":3},{"damage":0,"enemies":"3 Sentries","floor":12,"turns":4},{"damage":0,"enemies":"Lagavulin","floor":13,"turns":3}],"seed_played":"5663827810552808031","potions_obtained":[{"floor":4.0,"key":"Poison Potion"},{"floor":6.0,"key":"EssenceOfSteel"},{"floor":8,"key":"EssenceOfSteel"},{"floor":10,"key":"BlessingOfTheForge"},{"floor":12,"key":"Explosive Potion"}],"is_trial":true,"path_per_floor":["M","?","?","M","?","E","E","E","T","E","$","E","E"],"character_chosen":"THE_SILENT","items_purchased":["Dagger Throw+1","Footwork"],"campfire_rested":0,"item_purchase_floors":[11,11],"current_hp_per_floor":[54,54,70,63,63,63,47,21,21,10,10,10,10,10],"gold":36,"neow_bonus":"","is_daily":false,"chose_seed":false,"campfire_upgraded":0,"win_rate":0.0,"timestamp":1613291564,"path_taken":["M","?","?","?","?","E","E","E","T","E","$","E","E"],"items_purchased_type":["Card","Card"],"build_version":"2020-12-22","purchased_purges":1,"victory":false,"max_hp_per_floor":[70,70,70,70,70,70,70,70,70,70,70,70,70,70],"card_choices":[{"not_picked":["Cloak And Dagger","Accuracy"],"picked":"Bouncing Flask","floor":0.0},{"not_picked":["Outmaneuver","Cloak And Dagger"],"picked":"Calculated Gamble","floor":0.0},{"not_picked":["PiercingWail","Quick Slash"],"picked":"Deadly Poison","floor":0.0},{"not_picked":["Predator","Cloak And Dagger"],"picked":"Outmaneuver","floor":0.0},{"not_picked":["Infinite Blades","Dagger Spray"],"picked":"Dash","floor":0.0},{"not_picked":["Flying Knee","Masterful Stab"],"picked":"Tactician","floor":0.0},{"not_picked":["Dagger Throw","Bane"],"picked":"Flying Knee","floor":0.0},{"not_picked":["Deadly Poison","Well Laid Plans"],"picked":"Bouncing Flask","floor":0.0},{"not_picked":["Endless Agony","Deadly Poison"],"picked":"Sucker Punch","floor":0.0},{"not_picked":["Bane","Blade Dance"],"picked":"Backflip","floor":0.0},{"not_picked":["Quick Slash","Choke"],"picked":"Outmaneuver","floor":0.0},{"not_picked":["PiercingWail","Masterful Stab"],"picked":"Prepared","floor":0.0},{"not_picked":["Deadly Poison","Blade Dance"],"picked":"Prepared","floor":0.0},{"not_picked":["Slice","Deflect"],"picked":"Flying Knee","floor":0.0},{"not_picked":["Well Laid Plans","Terror"],"picked":"Backflip","floor":0.0},{"not_picked":["Poisoned Stab","Infinite Blades"],"picked":"Sucker Punch","floor":1.0},{"not_picked":["Bane","Underhanded Strike"],"picked":"Heel Hook","floor":4.0},{"not_picked":["Phantasmal Killer","Wraith Form v2"],"picked":"Corpse Explosion","floor":6.0},{"not_picked":["A Thousand Cuts","Storm of Steel"],"picked":"Corpse Explosion","floor":7.0},{"not_picked":["Malaise","Wraith Form v2"],"picked":"Adrenaline","floor":8},{"not_picked":["Storm of Steel","Malaise"],"picked":"Envenom","floor":10},{"not_picked":["After Image","Glass Knife+1"],"picked":"Night Terror","floor":12}],"player_experience":358465,"relics_obtained":[{"floor":6.0,"key":"Nunchaku"},{"floor":7.0,"key":"Tingsha"},{"floor":8,"key":"StrikeDummy"},{"floor":9,"key":"Molten Egg 2"},{"floor":10,"key":"Ninja Scroll"},{"floor":12,"key":"Potion Belt"}],"event_choices":[{"cards_removed":["Deadly Poison"],"damage_healed":0.0,"max_hp_gain":0.0,"max_hp_loss":0.0,"gold_gain":0.0,"event_name":"The Cleric","player_choice":"Card Removal","floor":2.0,"gold_loss":50.0,"damage_taken":0.0},{"damage_healed":23.0,"max_hp_gain":0.0,"max_hp_loss":0.0,"gold_gain":0.0,"event_name":"Big Fish","player_choice":"Banana","floor":3.0,"gold_loss":0.0,"damage_taken":0.0},{"damage_healed":0.0,"max_hp_gain":0.0,"max_hp_loss":0.0,"gold_gain":0.0,"cards_transformed":["Flying Knee"],"event_name":"Transmorgrifier","player_choice":"Transformed","floor":5.0,"gold_loss":0.0,"damage_taken":0.0,"cards_obtained":["Quick Slash"]}],"is_beta":false,"boss_relics":[],"items_purged_floors":[11],"is_endless":true,"potions_floor_spawned":[4,6,8,10,12],"killed_by":"Lagavulin","ascension_level":9}}