{"host":"bohici1ww8b3xyzs","time":1613339932,"event":{"mods":["2.2 Compatiblity","Abigail Mod","Act Like it!","Aspiration","Astrologer","Bartender","BaseMod","Beaked The Cultist","BetterRewards","Defuse TimeMaze Blight","Downfall","Energized Spire","Fiend Mod","Friendly Minions","GifTheSpireLib","Gremlin Mod","Halation","Hermit","Highlight Path","Hubris","Infinite Spire","Koishi","Magitek Elite","Marisa????????","Mimic Mod","Minty Spire (QoL Compilation)","Reliquary","Replay The Spire","Reworked Bosses","Ruin Mod","SacredBarkPlus","Shop Mod","Slumbering Mod","Small Relic Pack","Somnambulant","Spikes Relics","Spire Arcade","Spires \u0026 Sneckos","StSLib","Stuff the Spire","The Bug Knight","The Construct","The Cursed","The Death Knight","The Disciple","The Elementalist","The Exalted","The Exordian Avenger","The Hierophant","The Judge","The Mystic","The Necromancer","The Servant 0.9.4","The Valiant","The Wild Card","TheVacant","Trackpad","Transform Curses","Waifu the Spire"],"gold_per_floor":[116,116,116,137,137,176,176,192,192,205,220,220,254,52,52,180,180,203,223,223,148,148,175,175,175,198,198,227,227,227,253,253,358,358,384,318,338,338,318,318,338,374,374,408,434,434,139,163,163,271,271,282,282,297,297,147,177,177,191,214,234,234,250,259,262,262,370,370,371,371,371,25,40,61,54,144,144,150,150,159,159,170,170,252,252,261,188,202,210,215,215,227,243,265,276,298,309,309,277,277,240,240],"floor_reached":101,"language":"ENG","playtime":4278,"items_purged":[],"score":1731,"play_id":"a782da7b-4817-421f-81c2-fd521b9bc326","local_time":"20210214155852","daily_mods":["Draft","Heirloom"],"is_ascension_mode":false,"campfire_choices":[{"data":"theVacant:Barrage","floor":7,"key":"SMITH"},{"data":"theVacant:ShriekingBlast","floor":7,"key":"SMITH"},{"data":"theVacant:ReaperStrike","floor":12,"key":"SMITH"},{"data":"theVacant:PitOfDespair","floor":12,"key":"SMITH"},{"floor":15,"key":"REST"},{"data":"theVacant:PitOfDespair","floor":25,"key":"SMITH"},{"data":"theVacant:PitOfDespair","floor":25,"key":"SMITH"},{"data":"infinitespire:DeathsTouch","floor":27,"key":"SMITH"},{"data":"hubris:InfiniteBlow","floor":27,"key":"SMITH"},{"data":"theVacant:VoidEmbrace","floor":29,"key":"SMITH"},{"data":"theVacant:VoidEmbrace","floor":29,"key":"SMITH"},{"data":"hubris:InfiniteBlow+1","floor":32,"key":"SMITH"},{"data":"hubris:InfiniteBlow+2","floor":32,"key":"SMITH"},{"data":"theVacant:ShriekingBlast","floor":40,"key":"SMITH"},{"data":"hubris:InfiniteBlow+3","floor":40,"key":"SMITH"},{"data":"theVacant:DarkStrike","floor":46,"key":"SMITH"},{"data":"theVacant:OnSecondThought","floor":46,"key":"SMITH"},{"data":"Crow Ritual","floor":49,"key":"SMITH"},{"data":"theVacant:Return","floor":49,"key":"SMITH"},{"data":"theVacant:OnSecondThought","floor":58,"key":"SMITH"},{"data":"theVacant:ForgeSoul","floor":58,"key":"SMITH"},{"data":"theVacant:Barrage","floor":62,"key":"SMITH"},{"data":"theVacant:Barrage","floor":62,"key":"SMITH"},{"floor":79,"key":"REST"},{"data":"Sadistic Nature","floor":81,"key":"SMITH"},{"data":"theVacant:Exorcise","floor":81,"key":"SMITH"},{"data":"theVacant:IntoTheAbyss","floor":83,"key":"SMITH"},{"data":"theVacant:Voidstone","floor":83,"key":"SMITH"},{"floor":91,"key":"REST"},{"floor":100,"key":"REST"}],"circlet_count":0,"master_deck":["theVacant:Return+1","theVacant:Carve+1","theVacant:Fling+1","theVacant:CleanseSoul+1","theVacant:BellToll+1","theVacant:Cower+1","theVacant:Spinshield+1","theVacant:Dig+1","theVacant:Whip+1","theVacant:FranticBlow+1","theVacant:ShriekingBlast+1","theVacant:EyePoke+1","theVacant:Barrage","theVacant:Barrage+1","theVacant:Fling+1","theVacant:GraveWave+1","theVacant:Recover","theVacant:VoidEmbrace+1","theVacant:Spinshield+1","theVacant:ReaperStrike+1","theVacant:WaitInWrath+1","theVacant:PitOfDespair+1","theVacant:Soothe+1","theVacant:ForgeSoul+1","theVacant:BrassMagnet+1","theVacant:PitOfDespair+1","infinitespire:DeathsTouch+1","hubris:InfiniteBlow+5","theVacant:Enrage+1","theVacant:VoidEmbrace+1","theVacant:Soothe","theVacant:TheAnvil","theVacant:Dig+1","theVacant:ShriekingBlast+1","theVacant:GraveDigger+1","theVacant:ShriekingBlast+1","theVacant:DarkStrike+1","theVacant:Enrage+1","theVacant:OnSecondThought+1","theVacant:Fling+1","theVacant:ForgeSoul+1","theVacant:ShriekingBlast+1","theVacant:Barrage+1","theVacant:OnSecondThought+1","theVacant:Barrage+1","theVacant:DarkStrike","theVacant:Voidstone+1","theVacant:Enrage","Sadistic Nature+1","theVacant:FromNothing","theVacant:Acceptance","theVacant:Whip","theVacant:IntoTheAbyss+1","theVacant:Jab","theVacant:Exorcise+1","theVacant:Jab+1","theVacant:FromNothing","theVacant:Whip","theVacant:SurpriseAttack+1","theVacant:BattleScars","theVacant:EyePoke+1","theVacant:WhenDarknessComes","theVacant:Necromancy+1","theVacant:BattleScars+1","theVacant:Unearth+1","theVacant:Exorcise","theVacant:Acceptance","theVacant:Whip+1"],"relics":["theVacant:BrassGoblet","Replay:Arrowhead","Bloody Idol","trackpad:WritersBlock","reliquary:PurpleTingedLeaf","hexamod:BolsterEngine","MerchantsRug","infinitespire:CursedDice","infinitespire:CheckeredPen","trackpad:SappingStone","reliquary:SilkGlove","CeramicFish","Sozu","Sling","HornCleat","infinitespire:Eraser","RoseTintedShades","Tintinnabulum","hubris:Backtick","Dead Branch","bronze:DonusWashers","Blue Doll","reliquary:FerryPass","champ:DuelingGlove","Golden_Hairpin","hubris:Icosahedron","Membership Card","Bottled Tornado","theSlumbering:EnchantedHammer","Bag of Marbles","Molten Egg 2","BlackRope","aspiration:FetidBarrel"],"acts_visited":["Exordium","TheCity","TheBeyond","Exordium","TheCity","TheBeyond"],"potions_floor_usage":[6,13,16,33,57],"damage_taken":[{"damage":0,"enemies":"Jaw Worm","floor":1,"turns":3},{"damage":6,"enemies":"Small Slimes","floor":4,"turns":3},{"damage":0,"enemies":"theSlumbering:Adrasteia","floor":6,"turns":3},{"damage":0,"enemies":"Cultist","floor":8,"turns":2},{"damage":0,"enemies":"2 Fungi Beasts","floor":10,"turns":2},{"damage":1,"enemies":"Looter","floor":11,"turns":2},{"damage":9,"enemies":"Replay:BlueRogue","floor":13,"turns":3},{"damage":22,"enemies":"Slime Boss","floor":16,"turns":5},{"damage":5,"enemies":"Shell Parasite","floor":18,"turns":4},{"damage":4,"enemies":"Chosen","floor":19,"turns":3},{"damage":0,"enemies":"Nightmare","floor":23,"turns":1},{"damage":6,"enemies":"HollowMod:Nosk","floor":28,"turns":5},{"damage":1,"enemies":"Sentry and Sphere","floor":31,"turns":3},{"damage":43,"enemies":"bossMod:newCollector","floor":33,"turns":9},{"damage":10,"enemies":"3 Shapes","floor":35,"turns":2},{"damage":10,"enemies":"3 Darklings","floor":37,"turns":3},{"damage":3,"enemies":"Transient","floor":41,"turns":5},{"damage":24,"enemies":"Reptomancer","floor":42,"turns":5},{"damage":0,"enemies":"R_Hoarder","floor":44,"turns":4},{"damage":14,"enemies":"Jaw Worm Horde","floor":45,"turns":3},{"damage":0,"enemies":"Maw","floor":48,"turns":4},{"damage":114,"enemies":"bossMod:newShapes","floor":50,"turns":5},{"damage":3,"enemies":"Jaw Worm","floor":52,"turns":2},{"damage":0,"enemies":"Cultist","floor":54,"turns":2},{"damage":6,"enemies":"3 Sentries","floor":57,"turns":2},{"damage":0,"enemies":"2 Louse","floor":59,"turns":2},{"damage":0,"enemies":"Large Slime","floor":61,"turns":2},{"damage":0,"enemies":"Exordium Wildlife","floor":63,"turns":1},{"damage":9,"enemies":"Blue Slaver","floor":65,"turns":2},{"damage":0,"enemies":"Fading Forest","floor":67,"turns":1},{"damage":0,"enemies":"3 Byrds","floor":69,"turns":3},{"damage":37,"enemies":"2 Thieves","floor":73,"turns":2},{"damage":36,"enemies":"Nightmare","floor":74,"turns":3},{"damage":0,"enemies":"Chosen and Byrds","floor":75,"turns":3},{"damage":6,"enemies":"Centurion and Healer","floor":78,"turns":3},{"damage":0,"enemies":"Sentry and Sphere","floor":80,"turns":3},{"damage":2,"enemies":"Cultist and Chosen","floor":82,"turns":2},{"damage":0,"enemies":"bossMod:newCollector","floor":84,"turns":5},{"damage":18,"enemies":"3 Darklings","floor":86,"turns":2},{"damage":0,"enemies":"3 Shapes","floor":88,"turns":1},{"damage":0,"enemies":"3 Darklings","floor":89,"turns":2},{"damage":29,"enemies":"Spire Growth","floor":90,"turns":3},{"damage":5,"enemies":"Giant Head","floor":92,"turns":2},{"damage":21,"enemies":"Writhing Mass","floor":93,"turns":2},{"damage":10,"enemies":"4 Shapes","floor":94,"turns":3},{"damage":67,"enemies":"4 Shapes","floor":95,"turns":3},{"damage":8,"enemies":"Reptomancer","floor":96,"turns":2},{"damage":6,"enemies":"Sphere and 2 Shapes","floor":97,"turns":3},{"damage":31,"enemies":"Transient","floor":99,"turns":5},{"damage":76,"enemies":"infinitespire:MassOfShapes","floor":101,"turns":4}],"seed_played":"8629994329019988302","potions_obtained":[{"floor":4,"key":"champ:CounterPotion"},{"floor":6,"key":"Ancient Potion"},{"floor":11,"key":"hexamod:SoulburnPotion"},{"floor":19,"key":"Elixir"},{"floor":28,"key":"Adrenaline Potion"}],"is_trial":true,"path_per_floor":["M","?","?","M","$","E","R","M","T","M","M","R","E","$","R","B",null,"M","M","?","?","AVR","NM","?","R","T","R","E","R","?","M","R","B",null,"M","$","M","T","?","R","M","E","T","E","M","R","$","M","R","B",null,"M","?","M","?","$","E","R","M","T","M","R","M","AVR","M","R","B",null,"M","?","?","$","M","NM","M","?","T","M","R","M","R","M","R","B",null,"M","$","M","M","M","R","E","M","MIM","M","E","M","?","M","R","B"],"character_chosen":"THE_VACANT","items_purchased":["MerchantsRug","theVacant:Soothe","theVacant:ShriekingBlast","Sling","Tintinnabulum","Crow Ritual","bronze:DonusWashers","Sadistic Nature","Membership Card","theVacant:FromNothing","Bag of Marbles"],"campfire_rested":4,"item_purchase_floors":[14,14,36,36,47,47,56,72,72,72,87],"current_hp_per_floor":[80,80,80,74,74,74,74,74,74,77,77,77,69,69,80,58,80,76,72,72,72,72,77,77,77,80,80,79,79,79,80,80,47,80,80,80,80,80,80,80,80,81,81,92,88,88,94,94,94,43,94,94,94,94,94,94,94,94,94,94,94,94,94,94,90,94,94,94,94,94,104,104,82,57,68,62,63,68,100,104,104,104,104,104,104,96,97,104,104,85,104,104,94,96,43,46,51,62,42,74,0,0],"gold":240,"neow_bonus":"","is_daily":false,"chose_seed":false,"campfire_upgraded":26,"win_rate":0.0,"timestamp":1613339932,"path_taken":["M","?","?","?","$","E","R","M","T","M","M","R","E","$","R","BOSS","M","M","?","?","AVR","NM","?","R","T","R","E","R","?","?","R","BOSS","M","?","M","?","?","R","M","E","T","E","?","R","$","M","R","BOSS","M","?","M","?","$","E","R","M","T","?","R","M","AVR","M","R","BOSS","M","?","?","$","M","NM","?","?","T","M","R","M","R","M","R","BOSS","M","?","M","M","M","R","E","M","MIM","M","E","M","?","?","R","BOSS"],"items_purchased_type":["Relic","Card","Card","Relic","Relic","Card","Relic","Card","Relic","Card","Relic"],"build_version":"2020-12-22","purchased_purges":0,"victory":false,"max_hp_per_floor":[80,80,80,80,80,80,80,80,80,80,80,80,80,80,80,80,80,80,80,80,80,80,80,80,80,80,80,80,80,80,80,80,80,80,80,80,80,80,80,80,80,94,94,94,94,94,94,94,94,94,94,94,94,94,94,94,94,94,94,94,94,94,94,94,94,94,94,94,94,94,104,104,104,104,104,104,104,104,104,104,104,104,104,104,104,104,104,104,104,104,104,104,104,104,104,104,104,104,104,104,104,104],"card_choices":[{"not_picked":["theVacant:Sneeze","theVacant:Enrage"],"picked":"theVacant:Barrage","floor":0},{"not_picked":["theVacant:Spinshield","theVacant:ShutAway"],"picked":"theVacant:VoidEmbrace","floor":0},{"not_picked":["theVacant:CursedBlast","theVacant:FranticBlow"],"picked":"theVacant:Carve","floor":0},{"not_picked":["theVacant:Threat","theVacant:EyePoke"],"picked":"theVacant:Fling","floor":0},{"not_picked":["theVacant:ShutAway","theVacant:Barrage"],"picked":"theVacant:CleanseSoul","floor":0},{"not_picked":["theVacant:BattleScars","theVacant:EmbraceDarkness"],"picked":"theVacant:BellToll","floor":0},{"not_picked":["theVacant:TwistFate","theVacant:BattleScars"],"picked":"theVacant:PitOfDespair","floor":0},{"not_picked":["theVacant:ShriekingBlast","theVacant:SurpriseAttack"],"picked":"theVacant:Recover","floor":0},{"not_picked":["theVacant:Barrage","theVacant:Soothe"],"picked":"theVacant:Return","floor":0},{"not_picked":["theVacant:CleanseSoul","theVacant:Thoughtseize"],"picked":"theVacant:Cower","floor":0},{"not_picked":["theVacant:GraveDigger","theVacant:Immaterialize"],"picked":"theVacant:Spinshield","floor":0},{"not_picked":["theVacant:Immaterialize","theVacant:FranticBlow"],"picked":"theVacant:Dig","floor":0},{"not_picked":["theVacant:Threat","theVacant:OnSecondThought"],"picked":"theVacant:Whip","floor":0},{"not_picked":["theVacant:EmptyShield","theVacant:Enrage"],"picked":"theVacant:FranticBlow","floor":0},{"not_picked":["theVacant:ShutAway","theVacant:Acceptance"],"picked":"theVacant:ShriekingBlast","floor":0},{"not_picked":["theVacant:Spinshield","theVacant:Cower"],"picked":"theVacant:EyePoke","floor":1},{"not_picked":["theVacant:Sneeze","theVacant:Return"],"picked":"theVacant:Barrage","floor":4},{"not_picked":["theVacant:CursedBlast","theVacant:Carve"],"picked":"theVacant:Fling","floor":6},{"not_picked":["theVacant:Barrage","theVacant:Gloom"],"picked":"theVacant:GraveWave","floor":8},{"not_picked":["theVacant:Threat","theVacant:ShutAway"],"picked":"theVacant:Spinshield","floor":10},{"not_picked":["theVacant:ForgeSoul","theVacant:BrassMagnet"],"picked":"theVacant:ReaperStrike","floor":11},{"not_picked":["theVacant:FranticBlow","theVacant:Enrage"],"picked":"theVacant:WaitInWrath","floor":13},{"not_picked":["theVacant:FiendFrost","theVacant:DeathSpiral"],"picked":"theVacant:ForgeSoul","floor":16},{"not_picked":["theVacant:Sneeze","theVacant:Recover"],"picked":"theVacant:BrassMagnet+1","floor":18},{"not_picked":["theVacant:CursedBlast","theVacant:BattleScars+1"],"picked":"theVacant:PitOfDespair","floor":19},{"not_picked":["theVacant:Threat","theVacant:ShutAway+1"],"picked":"theVacant:Enrage+1","floor":23},{"not_picked":["theVacant:BattleScars","theVacant:Sneeze"],"picked":"theVacant:VoidEmbrace","floor":28},{"not_picked":["theVacant:Threat","theVacant:CursedBlast"],"picked":"theVacant:Soothe","floor":31},{"not_picked":["theVacant:Exorcise","theVacant:Voidstone"],"picked":"theVacant:TheAnvil","floor":33},{"not_picked":["theVacant:ShutAway+1","theVacant:BattleScars"],"picked":"theVacant:Dig+1","floor":35},{"not_picked":["theVacant:Unearth","theVacant:ShutAway+1"],"picked":"theVacant:GraveDigger+1","floor":37},{"not_picked":["theVacant:ShutAway","theVacant:EyePoke"],"picked":"theVacant:ShriekingBlast+1","floor":41},{"not_picked":["theVacant:TwistFate","theVacant:Dig+1"],"picked":"theVacant:DarkStrike","floor":42},{"not_picked":["theVacant:FranticBlow+1","theVacant:Jab"],"picked":"theVacant:Enrage+1","floor":44},{"not_picked":["theVacant:Acceptance","theVacant:BattleScars+1"],"picked":"theVacant:OnSecondThought","floor":45},{"not_picked":["theVacant:Sneeze+1","theVacant:Thoughtseize"],"picked":"theVacant:Fling+1","floor":48},{"not_picked":["theVacant:Prevent","theVacant:DeathSpiral"],"picked":"theVacant:ForgeSoul","floor":50},{"not_picked":["theVacant:Barrage","theVacant:Fling"],"picked":"theVacant:ShriekingBlast","floor":52},{"not_picked":["theVacant:Jab","theVacant:Cower"],"picked":"theVacant:Barrage","floor":54},{"not_picked":["theVacant:Unearth","theVacant:CursedBlast"],"picked":"theVacant:OnSecondThought","floor":57},{"not_picked":["theVacant:Sneeze","theVacant:Cower","theVacant:Carve"],"picked":"SKIP","floor":59},{"not_picked":["theVacant:CursedBlast","theVacant:FranticBlow"],"picked":"theVacant:Barrage","floor":61},{"not_picked":["theVacant:Barrage","theVacant:Whip"],"picked":"theVacant:DarkStrike","floor":63},{"not_picked":["theVacant:Thoughtseize","theVacant:ShriekingBlast","theVacant:Dig"],"picked":"SKIP","floor":65},{"not_picked":["theVacant:TheAnvil","theVacant:Showdown"],"picked":"theVacant:Voidstone","floor":67},{"not_picked":["theVacant:CleanseSoul+1","theVacant:Hex"],"picked":"theVacant:Enrage","floor":69},{"not_picked":["theVacant:Husk","theVacant:OnSecondThought"],"picked":"theVacant:Acceptance","floor":73},{"not_picked":["theVacant:Thoughtseize","theVacant:ShriekingBlast"],"picked":"theVacant:Whip","floor":74},{"not_picked":["theVacant:Thoughtseize+1","theVacant:CursedBlast"],"picked":"theVacant:IntoTheAbyss","floor":75},{"not_picked":["theVacant:Sneeze+1","theVacant:GraveDigger"],"picked":"theVacant:Jab","floor":78},{"not_picked":["theVacant:GraveDigger","theVacant:Barrage"],"picked":"theVacant:Exorcise","floor":80},{"not_picked":["theVacant:EyePoke","theVacant:ReaperStrike"],"picked":"theVacant:Jab+1","floor":82},{"not_picked":["theVacant:MindBreak","theVacant:TheAnvil"],"picked":"theVacant:FromNothing","floor":84},{"not_picked":["infinitespire:Oblivion","infinitespire:DeathsTouch"],"picked":"infinitespire:SealOfDarkness+","floor":84},{"not_picked":["theVacant:ShriekingBlast","theVacant:BattleScars"],"picked":"theVacant:Whip","floor":86},{"not_picked":["theVacant:BrassMagnet","theVacant:BattleScars+1"],"picked":"theVacant:SurpriseAttack+1","floor":88},{"not_picked":["theVacant:Spinshield","theVacant:Hex"],"picked":"theVacant:BattleScars","floor":89},{"not_picked":["theVacant:Jab","theVacant:IntoTheAbyss"],"picked":"theVacant:EyePoke+1","floor":90},{"not_picked":["theVacant:Cower+1","theVacant:Enrage"],"picked":"theVacant:WhenDarknessComes","floor":92},{"not_picked":["theVacant:Return","theVacant:Enrage"],"picked":"theVacant:Necromancy+1","floor":93},{"not_picked":["theVacant:Enrage+1","theVacant:Jab+1"],"picked":"theVacant:BattleScars+1","floor":94},{"not_picked":["theVacant:PitOfDespair+1","theVacant:BrassMagnet+1"],"picked":"theVacant:Unearth+1","floor":95},{"not_picked":["theVacant:Husk","theVacant:Soothe"],"picked":"theVacant:Exorcise","floor":96},{"not_picked":["theVacant:FranticBlow+1","theVacant:VoidEmbrace"],"picked":"theVacant:Acceptance","floor":97},{"not_picked":["theVacant:CursedBlast+1","theVacant:Cower"],"picked":"theVacant:Whip+1","floor":99}],"player_experience":601696,"relics_obtained":[{"floor":6,"key":"trackpad:WritersBlock"},{"floor":9,"key":"reliquary:PurpleTingedLeaf"},{"floor":13,"key":"hexamod:BolsterEngine"},{"floor":23,"key":"infinitespire:CheckeredPen"},{"floor":26,"key":"trackpad:SappingStone"},{"floor":28,"key":"reliquary:SilkGlove"},{"floor":38,"key":"HornCleat"},{"floor":42,"key":"Mango"},{"floor":43,"key":"infinitespire:Eraser"},{"floor":44,"key":"RoseTintedShades"},{"floor":57,"key":"Blue Doll"},{"floor":60,"key":"reliquary:FerryPass"},{"floor":77,"key":"Bottled Tornado"},{"floor":92,"key":"Molten Egg 2"},{"floor":94,"key":"BlackRope"},{"floor":96,"key":"aspiration:FetidBarrel"}],"event_choices":[{"damage_healed":0,"gold_gain":0,"player_choice":"Take Wound","damage_taken":0,"relics_obtained":["Golden Idol"],"max_hp_gain":0,"max_hp_loss":0,"event_name":"Golden Idol","floor":2,"gold_loss":0,"cards_obtained":["Injury"]},{"damage_healed":0,"gold_gain":0,"player_choice":"Forge","damage_taken":0,"max_hp_gain":0,"max_hp_loss":0,"event_name":"Accursed Blacksmith","floor":3,"gold_loss":0,"cards_upgraded":["theVacant:CleanseSoul"]},{"damage_healed":0,"gold_gain":0,"player_choice":"Gave Idol","damage_taken":0,"relics_obtained":["Bloody Idol"],"max_hp_gain":0,"max_hp_loss":0,"event_name":"Forgotten Altar","floor":20,"relics_lost":["Golden Idol"],"gold_loss":0},{"cards_removed":["Injury"],"damage_healed":0,"gold_gain":0,"player_choice":"Gave Gold","damage_taken":0,"max_hp_gain":0,"max_hp_loss":0,"event_name":"Beggar","floor":21,"gold_loss":75},{"damage_healed":0,"gold_gain":0,"player_choice":"Ignored","damage_taken":0,"max_hp_gain":0,"max_hp_loss":0,"event_name":"Vampires","floor":24,"gold_loss":0},{"damage_healed":0,"gold_gain":0,"player_choice":"Bought 1 Potion","damage_taken":0,"max_hp_gain":0,"max_hp_loss":0,"event_name":"The Woman in Blue","floor":39,"gold_loss":0},{"damage_healed":0,"gold_gain":0,"player_choice":"Ignored","damage_taken":0,"max_hp_gain":0,"max_hp_loss":0,"event_name":"Liars Game","floor":55,"gold_loss":0},{"cards_removed":["Crow Ritual"],"damage_healed":0,"gold_gain":0,"player_choice":"Offered Rare","damage_taken":0,"max_hp_gain":10,"max_hp_loss":0,"event_name":"Bonfire Elementals","floor":71,"gold_loss":0},{"damage_healed":0,"gold_gain":90,"player_choice":"GOLD ","damage_taken":12,"max_hp_gain":0,"max_hp_loss":0,"event_name":"Knowing Skull","floor":76,"potions_obtained":[],"gold_loss":0,"cards_obtained":[]}],"is_beta":false,"boss_relics":[{"not_picked":["aspiration:PoetsPen","reliquary:Ember"],"picked":"theSlumbering:CursedAnvil"},{"not_picked":["construct:ClawGrip","Honey Jar"],"picked":"Sozu"},{"not_picked":["infinitespire:Cupcake","halation:SmartPhone"],"picked":"hubris:Backtick"},{"not_picked":["energizedSpire:RedRose","Coffee Dripper"],"picked":"Golden_Hairpin"},{"not_picked":["Tiny House","hubris:RunicObelisk"],"picked":"theSlumbering:EnchantedHammer"}],"items_purged_floors":[],"is_endless":true,"potions_floor_spawned":[4,6,11,19,28,35,41,44,48,54,61,69,78,80,82,84,86,92,97,99],"killed_by":"infinitespire:MassOfShapes","ascension_level":0}}