{"host":"mb4j77vqrnqglrk8","time":1613291155,"event":{"mods":["BaseMod","Downfall","Minty Spire (QoL Compilation)","StSLib"],"gold_per_floor":[116,126,136,153,171,204,216,244,290,316,328,340,352,394,406,523,535,559,571,583,520,549,593,605,605],"floor_reached":24,"language":"ENG","playtime":1528,"items_purged":[],"score":228,"play_id":"1505c021-4eb1-4f89-8d22-cf457766d50e","local_time":"20210214192555","is_ascension_mode":false,"campfire_choices":[{"floor":11,"key":"REST"},{"floor":13,"key":"REST"},{"data":"Seeing Red","floor":15,"key":"SMITH"}],"circlet_count":0,"master_deck":["Strike_R","Strike_R","Strike_R","Strike_R","Strike_R","Defend_R","Defend_R","Defend_R","Defend_R","Bash","Rampage","Pummel","Headbutt","Seeing Red+1","Infernal Blade","Pommel Strike","Uppercut","Shrug It Off","Reaper","Iron Wave","Berserk+1","Shrug It Off","Slimebound:CheckThePlaybook","Armaments+1","Armaments+1"],"relics":["Burning Blood","Gremlin Horn","Odd Mushroom","MawBank","Pantograph","Frozen Egg 2","SlaversCollar","Ancient Tea Set"],"acts_visited":["Exordium","TheCity"],"potions_floor_usage":[10,14,14,23,24],"damage_taken":[{"damage":5.0,"enemies":"Cultist","floor":1.0,"turns":4.0},{"damage":11.0,"enemies":"Jaw Worm","floor":2.0,"turns":4.0},{"damage":0.0,"enemies":"2 Louse","floor":3.0,"turns":3.0},{"damage":10.0,"enemies":"Looter","floor":4.0,"turns":2.0},{"damage":11.0,"enemies":"Exordium Wildlife","floor":5.0,"turns":4.0},{"damage":18.0,"enemies":"Gremlin Nob","floor":6.0,"turns":4.0},{"damage":2.0,"enemies":"3 Louse","floor":7.0,"turns":3.0},{"damage":17,"enemies":"The Mushroom Lair","floor":8,"turns":4},{"damage":57,"enemies":"Lots of Slimes","floor":10,"turns":6},{"damage":18,"enemies":"Lagavulin","floor":14,"turns":4},{"damage":69,"enemies":"The Guardian","floor":16,"turns":10},{"damage":33,"enemies":"Spheric Guardian","floor":18,"turns":5},{"damage":31,"enemies":"Chosen","floor":22,"turns":6},{"damage":44,"enemies":"Gremlin Leader","floor":23,"turns":6},{"damage":11,"enemies":"Snake Plant","floor":24,"turns":1}],"seed_played":"-8705292162710662101","potions_obtained":[{"floor":2.0,"key":"Energy Potion"},{"floor":3.0,"key":"LiquidBronze"},{"floor":4.0,"key":"SteroidPotion"},{"floor":7.0,"key":"BloodPotion"},{"floor":18,"key":"Strength Potion"},{"floor":23,"key":"Fire Potion"}],"is_trial":false,"path_per_floor":["M","M","M","M","M","E","M","?","T","M","R","?","R","E","R","B",null,"M","?","?","?","M","E","M"],"character_chosen":"IRONCLAD","items_purchased":[],"campfire_rested":2,"item_purchase_floors":[],"current_hp_per_floor":[80,75,80,76,71,59,63,52,52,20,44,37,61,55,55,17,80,53,53,53,53,28,8,0,0],"gold":605,"neow_bonus":"THREE_CARDS","is_daily":false,"chose_seed":false,"campfire_upgraded":1,"win_rate":0.0,"timestamp":1613291155,"path_taken":["M","?","M","?","?","E","M","?","T","M","R","?","R","E","R","BOSS","M","?","?","?","M","E","M"],"items_purchased_type":[],"build_version":"2020-12-22","purchased_purges":0,"victory":false,"max_hp_per_floor":[80,80,80,80,80,80,80,80,80,80,80,80,80,80,80,80,80,80,80,80,80,80,80,80,80],"card_choices":[{"not_picked":["Armaments","Clash"],"picked":"Rampage","floor":0.0},{"not_picked":["Body Slam","Whirlwind"],"picked":"Pummel","floor":1.0},{"not_picked":["Rampage","Armaments"],"picked":"Headbutt","floor":2.0},{"not_picked":["Carnage","Feel No Pain"],"picked":"Seeing Red","floor":3.0},{"not_picked":["Clothesline","Warcry"],"picked":"Infernal Blade","floor":4.0},{"not_picked":["Clothesline","Dual Wield"],"picked":"Pommel Strike","floor":5.0},{"not_picked":["Sword Boomerang","Blood for Blood"],"picked":"Uppercut","floor":6.0},{"not_picked":["Twin Strike","Flex"],"picked":"Shrug It Off","floor":7.0},{"not_picked":["Shockwave","Body Slam"],"picked":"Reaper","floor":8},{"not_picked":["Blood for Blood","Heavy Blade","Body Slam"],"picked":"SKIP","floor":10},{"not_picked":["Corruption+1","Body Slam"],"picked":"Iron Wave","floor":14},{"not_picked":["Brutality+1","Fiend Fire"],"picked":"Berserk+1","floor":16},{"not_picked":["True Grit","Armaments"],"picked":"Shrug It Off","floor":18},{"not_picked":["Power Through","Cleave"],"picked":"Armaments+1","floor":22},{"not_picked":["Heavy Blade","Flex"],"picked":"Armaments+1","floor":23}],"player_experience":23062,"relics_obtained":[{"floor":6.0,"key":"Gremlin Horn"},{"floor":8,"key":"Odd Mushroom"},{"floor":9,"key":"MawBank"},{"floor":14,"key":"Frozen Egg 2"},{"floor":23,"key":"Ancient Tea Set"}],"event_choices":[{"damage_healed":0,"gold_gain":0,"player_choice":"Fought Mushrooms","damage_taken":0,"max_hp_gain":0,"max_hp_loss":0,"event_name":"Mushrooms","floor":8,"gold_loss":0},{"damage_healed":0,"gold_gain":0,"player_choice":"Success","damage_taken":7,"relics_obtained":["Pantograph"],"max_hp_gain":0,"max_hp_loss":0,"event_name":"Scrap Ooze","floor":12,"gold_loss":0},{"damage_healed":0,"gold_gain":0,"player_choice":"Ignored","damage_taken":0,"max_hp_gain":0,"max_hp_loss":0,"event_name":"Vampires","floor":19,"gold_loss":0},{"cards_removed":["downfall:Icky"],"damage_healed":0,"gold_gain":0,"player_choice":"Gave Gold","damage_taken":0,"max_hp_gain":0,"max_hp_loss":0,"event_name":"Beggar","floor":21,"gold_loss":75}],"is_beta":false,"boss_relics":[{"not_picked":["Snecko Eye","Coffee Dripper"],"picked":"SlaversCollar"}],"items_purged_floors":[],"is_endless":false,"potions_floor_spawned":[2,3,4,7,8,18,23],"killed_by":"Snake Plant","ascension_level":0}}