{"host":"wuernuywc9gl215o","time":1613270147,"event":{"mods":["2.2 Compatiblity","AchievementEnabler","BaseMod","Bestiary","Block Reminder","Displayed Cursed Tome","Highlight Path","Key Reminder","Minty Spire (QoL Compilation)","Permanent Neow","Potion Indicator Mod","Quick Restart","Rare Cards Sparkle","Relic Stats","ojb\u0027s Info Mod"],"gold_per_floor":[109,109,129,143,157,195,195,214,214,245,314,314,347,370,370,500,500,513,527,197,197,211,236,236,268,268,268,18,18,34,51,51,152,152,168,168,16,27,27,52,22,50,50,50,62,62,80,100,100,100,100,100,46,81,81],"floor_reached":56,"language":"ENG","playtime":6996,"items_purged":["Strike_B"],"score":1740,"play_id":"ab214821-3f4d-4d1f-b724-ead928b7ed52","local_time":"20210214023547","is_ascension_mode":true,"campfire_choices":[{"floor":7.0,"key":"REST"},{"data":"Sweeping Beam","floor":12.0,"key":"SMITH"},{"floor":15.0,"key":"REST"},{"data":"Electrodynamics","floor":24.0,"key":"SMITH"},{"data":"Loop","floor":27,"key":"SMITH"},{"data":"Capacitor","floor":32,"key":"SMITH"},{"floor":44,"key":"RECALL"},{"data":"Reinforced Body","floor":46,"key":"SMITH"},{"data":"Buffer","floor":49,"key":"SMITH"},{"data":"Buffer","floor":52,"key":"SMITH"}],"circlet_count":0,"master_deck":["Zap","Dualcast","Sweeping Beam+1","Chill","Self Repair","Ball Lightning","Undo","Compile Driver","Doom and Gloom","BootSequence","Electrodynamics+1","Capacitor+1","Cold Snap","Static Discharge","Undo","Loop+1","Reinforced Body+1","Ghostly+1","Ghostly+1","Ghostly+1","Ghostly+1","Ghostly+1","Stack+1","Genetic Algorithm+1","Buffer+1","Darkness+1","Loop","Static Discharge","Beam Cell","Buffer+1","Steam+1","Leap+1","Consume+1","Defragment+1","Aggregate+1","Leap+1"],"relics":["Velvet Choker","Bloody Idol","Sundial","Ornamental Fan","Question Card","Omamori","Calipers","Snecko Eye","Anchor","Letter Opener","Art of War","Bag of Preparation","Toxic Egg 2","Pandora\u0027s Box","DataDisk","Blood Vial","Symbiotic Virus","Boot"],"acts_visited":["Exordium","TheCity","TheBeyond","TheEnding"],"potions_floor_usage":[25,42,54,55],"damage_taken":[{"damage":5.0,"enemies":"Small Slimes","floor":1.0,"turns":4.0},{"damage":7.0,"enemies":"Jaw Worm","floor":3.0,"turns":3.0},{"damage":0.0,"enemies":"2 Louse","floor":4.0,"turns":3.0},{"damage":3.0,"enemies":"Blue Slaver","floor":5.0,"turns":4.0},{"damage":37.0,"enemies":"Lagavulin","floor":6.0,"turns":8.0},{"damage":8.0,"enemies":"Exordium Thugs","floor":8.0,"turns":4.0},{"damage":10.0,"enemies":"3 Sentries","floor":10.0,"turns":6.0},{"damage":13.0,"enemies":"3 Sentries","floor":11.0,"turns":7.0},{"damage":22.0,"enemies":"Gremlin Nob","floor":13.0,"turns":5.0},{"damage":10.0,"enemies":"Large Slime","floor":14.0,"turns":4.0},{"damage":22.0,"enemies":"Hexaghost","floor":16.0,"turns":10.0},{"damage":8.0,"enemies":"Shell Parasite","floor":18.0,"turns":5.0},{"damage":1.0,"enemies":"3 Byrds","floor":19.0,"turns":3.0},{"damage":0.0,"enemies":"Centurion and Healer","floor":22.0,"turns":7.0},{"damage":44.0,"enemies":"Book of Stabbing","floor":23.0,"turns":5.0},{"damage":12,"enemies":"Slavers","floor":25,"turns":3},{"damage":4,"enemies":"Snake Plant","floor":30,"turns":5},{"damage":0,"enemies":"Snecko","floor":31,"turns":6},{"damage":10,"enemies":"Champ","floor":33,"turns":15},{"damage":0,"enemies":"3 Darklings","floor":35,"turns":4},{"damage":0,"enemies":"3 Shapes","floor":38,"turns":3},{"damage":9,"enemies":"Nemesis","floor":40,"turns":9},{"damage":0,"enemies":"Reptomancer","floor":42,"turns":12},{"damage":0,"enemies":"Transient","floor":45,"turns":5},{"damage":0,"enemies":"Jaw Worm Horde","floor":47,"turns":4},{"damage":0,"enemies":"Sphere and 2 Shapes","floor":48,"turns":4},{"damage":0,"enemies":"Time Eater","floor":50,"turns":13},{"damage":0,"enemies":"Shield and Spear","floor":54,"turns":7},{"damage":30,"enemies":"The Heart","floor":55,"turns":14}],"seed_played":"-6990767630038575902","potions_obtained":[{"floor":3.0,"key":"Energy Potion"},{"floor":6.0,"key":"EssenceOfSteel"},{"floor":8.0,"key":"AttackPotion"},{"floor":14.0,"key":"AttackPotion"},{"floor":16.0,"key":"ColorlessPotion"},{"floor":19.0,"key":"DuplicationPotion"},{"floor":30,"key":"LiquidMemories"},{"floor":41,"key":"Fruit Juice"},{"floor":41,"key":"GamblersBrew"},{"floor":42,"key":"Explosive Potion"},{"floor":45,"key":"Regen Potion"}],"is_trial":false,"path_per_floor":["M","?","M","M","M","E","R","M","T","E","?","R","E","M","R","B",null,"M","M","$","?","M","E","R","E","T","R","$","?","M","M","R","B",null,"M","?","$","M","$","E","?","E","T","R","M","R","M","M","R","B",null,"R","$","E","B",null],"character_chosen":"DEFECT","items_purchased":["Static Discharge","Anchor","Undo","Toxic Egg 2","DataDisk","Leap+1"],"campfire_rested":2,"item_purchase_floors":[20,20,20,28,37,53],"current_hp_per_floor":[63,63,56,56,60,30,50,49,49,46,40,40,25,22,42,27,59,58,64,64,64,69,37,37,30,30,30,30,30,34,34,34,34,34,34,34,34,34,34,34,34,39,39,39,39,39,39,39,39,39,39,39,39,39,20],"gold":81,"neow_bonus":"BOSS_RELIC","is_daily":false,"chose_seed":false,"campfire_upgraded":7,"win_rate":0.0,"timestamp":1613270147,"path_taken":["M","?","M","M","M","E","R","M","T","E","?","R","E","M","R","BOSS","M","M","$","?","M","E","R","E","T","R","$","?","M","M","R","BOSS","M","?","$","M","?","E","?","E","T","R","?","R","M","M","R","BOSS","R","$","E","BOSS"],"items_purchased_type":["Card","Relic","Card","Relic","Relic","Card"],"build_version":"2020-12-22","purchased_purges":1,"victory":true,"max_hp_per_floor":[75,69,69,69,69,69,69,69,69,69,69,69,69,69,69,69,69,69,69,69,69,69,69,69,69,69,69,69,34,34,34,34,34,34,34,34,34,34,34,34,34,39,39,39,39,39,39,39,39,39,39,39,39,39,39],"relic_stats":{"counters":[29,181],"Bag of Preparation":[26],"Letter Opener":[194],"Question Card":20,"Boot":[4],"Blood Vial":0,"Sundial":[24],"Ornamental Fan":[76],"Bloody Idol":16,"Snecko Eye":[184,231,221,199],"Pandora\u0027s Box":["Rip and Tear","Darkness","Loop","Static Discharge","Beam Cell","Buffer","Steam"],"Art of War":[36],"obtain_stats":[{"Calipers":13,"Golden Idol":2,"Velvet Choker":0,"Omamori":11,"Bag of Preparation":26,"Letter Opener":23,"Question Card":10,"Boot":54,"Blood Vial":40,"keyreminder:keyreminder":42,"Anchor":20,"DataDisk":37,"Sundial":6,"Ornamental Fan":9,"Bloody Idol":21,"Snecko Eye":17,"Pandora\u0027s Box":34,"Art of War":25,"Toxic Egg 2":28,"Cracked Core":0,"Symbiotic Virus":42},{"Calipers":9,"Golden Idol":1,"Velvet Choker":0,"Omamori":8,"Bag of Preparation":16,"Letter Opener":15,"Question Card":7,"Boot":28,"Blood Vial":22,"keyreminder:keyreminder":23,"Anchor":13,"DataDisk":20,"Sundial":5,"Ornamental Fan":6,"Bloody Idol":13,"Snecko Eye":11,"Pandora\u0027s Box":19,"Art of War":16,"Toxic Egg 2":16,"Cracked Core":0,"Symbiotic Virus":23},{"Calipers":44,"Golden Idol":4,"Velvet Choker":0,"Omamori":39,"Bag of Preparation":81,"Letter Opener":78,"Question Card":32,"Boot":167,"Blood Vial":123,"keyreminder:keyreminder":135,"Anchor":66,"DataDisk":111,"Sundial":22,"Ornamental Fan":26,"Bloody Idol":66,"Snecko Eye":58,"Pandora\u0027s Box":107,"Art of War":81,"Toxic Egg 2":81,"Cracked Core":0,"Symbiotic Virus":135}]},"card_choices":[{"not_picked":["White Noise","Cold Snap"],"picked":"Sweeping Beam","floor":1.0},{"not_picked":["Gash","Consume"],"picked":"Chill","floor":3.0},{"not_picked":["Beam Cell","Consume"],"picked":"Self Repair","floor":4.0},{"not_picked":["Beam Cell","Gash","Hologram"],"picked":"SKIP","floor":5.0},{"not_picked":["Beam Cell","Go for the Eyes"],"picked":"Ball Lightning","floor":6.0},{"not_picked":["Barrage","Turbo","Rebound"],"picked":"SKIP","floor":8.0},{"not_picked":["Fission","Conserve Battery"],"picked":"Undo","floor":10.0},{"not_picked":["Hologram","Ball Lightning","Self Repair"],"picked":"Compile Driver","floor":11.0},{"not_picked":["Streamline","Gash","Beam Cell"],"picked":"Doom and Gloom","floor":13.0},{"not_picked":["Reinforced Body","Go for the Eyes","Conserve Battery"],"picked":"BootSequence","floor":14.0},{"not_picked":["Amplify","Machine Learning","All For One"],"picked":"Electrodynamics","floor":16.0},{"not_picked":["Undo","Steam","Barrage+1"],"picked":"Capacitor","floor":18.0},{"not_picked":["Hyperbeam","Double Energy+1","Gash"],"picked":"Cold Snap","floor":19.0},{"not_picked":["Force Field","Rip and Tear+1","Blizzard+1","Redo"],"picked":"SKIP","floor":22.0},{"not_picked":["Rip and Tear","Double Energy","Coolheaded+1"],"picked":"Loop","floor":23.0},{"not_picked":["Coolheaded","Streamline+1","Cold Snap"],"picked":"Reinforced Body","floor":25},{"not_picked":["Auto Shields+1","Rebound","Tempest+1"],"picked":"Stack+1","floor":30},{"not_picked":["Machine Learning","Barrage+1","Steam+1"],"picked":"Genetic Algorithm+1","floor":31},{"not_picked":["Reboot+1","Core Surge","Meteor Strike"],"picked":"Buffer","floor":33},{"not_picked":["Rip and Tear+1","Gash","Go for the Eyes+1","Heatsinks+1"],"picked":"SKIP","floor":35},{"not_picked":["Sweeping Beam","Gash+1","Static Discharge+1"],"picked":"Leap+1","floor":38},{"not_picked":["Lockon","Compile Driver+1","Recycle+1","Steam+1"],"picked":"SKIP","floor":40},{"not_picked":["Rebound+1","Core Surge","Barrage+1"],"picked":"Consume+1","floor":42},{"not_picked":["Steam Power+1","Conserve Battery+1","Turbo+1"],"picked":"Defragment+1","floor":45},{"not_picked":["Skim+1","Hello World","Chill+1"],"picked":"Aggregate+1","floor":47},{"not_picked":["Cold Snap+1","Streamline","Go for the Eyes","Redo+1"],"picked":"SKIP","floor":48},{"not_picked":["Ball Lightning+1","Cold Snap+1","Barrage","Turbo+1"],"picked":"SKIP","floor":54}],"player_experience":944831,"relics_obtained":[{"floor":6.0,"key":"Sundial"},{"floor":9.0,"key":"Ornamental Fan"},{"floor":10.0,"key":"Question Card"},{"floor":11.0,"key":"Omamori"},{"floor":13.0,"key":"Calipers"},{"floor":23.0,"key":"Letter Opener"},{"floor":25,"key":"Art of War"},{"floor":26,"key":"Bag of Preparation"},{"floor":40,"key":"Blood Vial"},{"floor":42,"key":"Symbiotic Virus"},{"floor":54,"key":"Boot"}],"event_choices":[{"damage_healed":0.0,"max_hp_gain":0.0,"max_hp_loss":6.0,"gold_gain":0.0,"event_name":"Golden Idol","player_choice":"Lose Max HP","floor":2.0,"gold_loss":0.0,"damage_taken":0.0,"relics_obtained":["Golden Idol"]},{"damage_healed":0.0,"max_hp_gain":0.0,"max_hp_loss":0.0,"gold_gain":0.0,"event_name":"Dead Adventurer","player_choice":"Searched \u00272\u0027 times","floor":11.0,"gold_loss":0.0,"damage_taken":0.0},{"damage_healed":0.0,"max_hp_gain":0.0,"max_hp_loss":0.0,"gold_gain":0.0,"event_name":"Forgotten Altar","player_choice":"Gave Idol","floor":21.0,"relics_lost":["Golden Idol"],"gold_loss":0.0,"damage_taken":0.0,"relics_obtained":["Bloody Idol"]},{"damage_healed":0,"gold_gain":0,"player_choice":"Became a Ghost","damage_taken":0,"max_hp_gain":0,"max_hp_loss":35,"event_name":"Ghosts","floor":29,"gold_loss":0,"cards_obtained":["Ghostly","Ghostly","Ghostly","Ghostly","Ghostly"]},{"cards_removed":["Rip and Tear"],"damage_healed":0,"gold_gain":0,"player_choice":"Offered Uncommon","damage_taken":0,"max_hp_gain":0,"max_hp_loss":0,"event_name":"Bonfire Elementals","floor":36,"gold_loss":0},{"damage_healed":0,"gold_gain":0,"player_choice":"Bought 2 Potions","damage_taken":0,"max_hp_gain":0,"max_hp_loss":0,"event_name":"The Woman in Blue","floor":41,"gold_loss":0}],"is_beta":false,"boss_relics":[{"not_picked":["Busted Crown","Philosopher\u0027s Stone"],"picked":"Snecko Eye"},{"not_picked":["Nuclear Battery","Inserter"],"picked":"Pandora\u0027s Box"}],"items_purged_floors":[20],"is_endless":false,"potions_floor_spawned":[3,6,8,10,14,16,19,22,30,42,45,48],"ascension_level":7}}