{"host":"k5dhp0bkccqfauyu","time":1613308302,"event":{"mods":["BaseMod","Better Note","Better Skull","Better Vampires","Colored Map","Colored Powertips","DeckTracker","Minty Spire (QoL Compilation)","Permanent Neow","StSLib","SuperFastMode"],"gold_per_floor":[117,137,157,157,176,210,210,241,241,23,23,23,23,58,58,158,158,178,188,188,103,122,148,148,182,182,215,227,254,254,254,254,354,354,365,365,365,190,190,218,229,258,282,282,282,282,294,325,325,325,325,325,11,41,41],"floor_reached":56,"language":"ENG","playtime":2532,"items_purged":["Strike_R","Strike_R","Strike_R"],"score":1480,"play_id":"7b8cff14-6b48-4114-b54f-f3f142ec75b8","local_time":"20210215001142","is_ascension_mode":true,"campfire_choices":[{"data":"Hemokinesis","floor":7.0,"key":"SMITH"},{"data":"Feed","floor":12.0,"key":"SMITH"},{"data":"Rupture","floor":15.0,"key":"SMITH"},{"data":"Bloodletting","floor":24.0,"key":"SMITH"},{"data":"Ghostly","floor":32.0,"key":"SMITH"},{"floor":44,"key":"RECALL"},{"data":"Ghostly","floor":46,"key":"SMITH"},{"data":"Offering","floor":49,"key":"SMITH"},{"data":"Bloodletting","floor":52,"key":"SMITH"}],"circlet_count":0,"master_deck":["Strike_R+1","Defend_R","Defend_R","Defend_R","Defend_R","Bash+1","Immolate+1","Thunderclap","Hemokinesis","Hemokinesis+1","Shrug It Off","Bloodletting+1","Rupture+1","Feed+1","Exhume","Clash+1","Disarm+1","Burst+1","Shockwave+1","Burning Pact+1","Headbutt","Feel No Pain","Warcry+1","Ghostly+1","Ghostly+1","Ghostly","Ghostly","Ghostly","Offering+1","Sword Boomerang+1","Rupture+1","Bloodletting+1","Magnetism","Rupture+1","Bloodletting","Blood for Blood+1","Spot Weakness+1","Impervious"],"relics":["Burning Blood","Magic Flower","Torii","Turnip","InkBottle","Matryoshka","Coffee Dripper","Vajra","Whetstone","Nunchaku","Pen Nib","Toy Ornithopter","Juzu Bracelet","Runic Cube","Ornamental Fan","PreservedInsect","Art of War","Lantern","Pear","Bronze Scales"],"acts_visited":["TheCity","TheBeyond","TheEnding"],"potions_floor_usage":[48,55,55],"damage_taken":[{"damage":3.0,"enemies":"Small Slimes","floor":1.0,"turns":3.0},{"damage":1.0,"enemies":"Jaw Worm","floor":2.0,"turns":3.0},{"damage":2.0,"enemies":"2 Louse","floor":3.0,"turns":2.0},{"damage":2.0,"enemies":"Exordium Wildlife","floor":5.0,"turns":3.0},{"damage":10.0,"enemies":"Gremlin Nob","floor":6.0,"turns":3.0},{"damage":28.0,"enemies":"Lagavulin","floor":8.0,"turns":5.0},{"damage":5.0,"enemies":"Gremlin Nob","floor":14.0,"turns":2.0},{"damage":39.0,"enemies":"Slime Boss","floor":16.0,"turns":8.0},{"damage":12.0,"enemies":"Shell Parasite","floor":18.0,"turns":3.0},{"damage":8.0,"enemies":"2 Thieves","floor":19.0,"turns":4.0},{"damage":2.0,"enemies":"Snake Plant","floor":22.0,"turns":7.0},{"damage":13.0,"enemies":"Slavers","floor":23.0,"turns":4.0},{"damage":24.0,"enemies":"Book of Stabbing","floor":25.0,"turns":6.0},{"damage":22.0,"enemies":"Gremlin Leader","floor":27.0,"turns":7.0},{"damage":14.0,"enemies":"Cultist and Chosen","floor":28.0,"turns":6.0},{"damage":16.0,"enemies":"Slavers","floor":29.0,"turns":4.0},{"damage":11.0,"enemies":"Collector","floor":33.0,"turns":7.0},{"damage":6.0,"enemies":"Orb Walker","floor":35.0,"turns":3.0},{"damage":11,"enemies":"Giant Head","floor":40,"turns":6},{"damage":10,"enemies":"3 Darklings","floor":41,"turns":5},{"damage":30,"enemies":"Nemesis","floor":42,"turns":5},{"damage":1,"enemies":"4 Shapes","floor":47,"turns":8},{"damage":8,"enemies":"Reptomancer","floor":48,"turns":4},{"damage":52,"enemies":"Time Eater","floor":50,"turns":9},{"damage":11,"enemies":"Shield and Spear","floor":54,"turns":4},{"damage":44,"enemies":"The Heart","floor":55,"turns":7}],"seed_played":"5929930527627841745","potions_obtained":[{"floor":1.0,"key":"Swift Potion"},{"floor":14.0,"key":"AttackPotion"},{"floor":16.0,"key":"SpeedPotion"},{"floor":18.0,"key":"ColorlessPotion"},{"floor":23.0,"key":"Dexterity Potion"},{"floor":28.0,"key":"HeartOfIron"},{"floor":33.0,"key":"SpeedPotion"},{"floor":47,"key":"Strength Potion"}],"is_trial":false,"path_per_floor":["M","M","M","?","M","E","R","E","T","$","?","R","?","E","R","B",null,"M","M","?","?","M","E","R","E","T","E","M","E","?","?","R","B",null,"M","?","?","$","?","E","M","E","T","R","?","R","M","E","R","B",null,"R","$","E","B",null],"character_chosen":"IRONCLAD","items_purchased":["Rupture","Feed","Bloodletting","ColorlessPotion","Impervious"],"campfire_rested":0,"item_purchase_floors":[10,10,38,53,53],"current_hp_per_floor":[72,72,72,72,72,68,68,49,49,49,42,42,42,52,52,28,80,83,84,84,84,88,96,96,81,81,74,69,82,82,54,54,52,54,58,58,55,55,45,49,54,33,33,33,33,33,53,78,78,41,89,89,89,93,72],"gold":41,"neow_bonus":"THREE_RARE_CARDS","is_daily":false,"chose_seed":false,"campfire_upgraded":8,"win_rate":0.0,"timestamp":1613308302,"path_taken":["M","M","M","?","M","E","R","E","T","$","?","R","?","E","R","BOSS","M","M","?","?","M","E","R","E","T","E","M","E","?","?","R","BOSS","M","?","?","$","?","E","M","E","T","R","?","R","M","E","R","BOSS","R","$","E","BOSS"],"items_purchased_type":["Card","Card","Card","Potion","Card"],"build_version":"2020-12-22","purchased_purges":3,"victory":true,"max_hp_per_floor":[72,72,72,72,72,72,72,72,72,72,72,72,72,76,76,80,80,84,84,84,84,88,96,96,96,96,100,100,108,108,54,54,54,54,58,58,55,55,55,59,63,63,63,63,63,63,71,85,85,89,89,89,89,93,97],"card_choices":[{"not_picked":["Corruption","Limit Break"],"picked":"Immolate","floor":0.0},{"not_picked":["Fire Breathing","Perfected Strike"],"picked":"Thunderclap","floor":1.0},{"not_picked":["Wild Strike","Armaments"],"picked":"Hemokinesis","floor":2.0},{"not_picked":["Wild Strike","Entrench"],"picked":"Anger","floor":3.0},{"not_picked":["Anger","Armaments"],"picked":"Hemokinesis","floor":5.0},{"not_picked":["Carnage","Body Slam"],"picked":"Shrug It Off","floor":6.0},{"not_picked":["Clash","Shrug It Off"],"picked":"Bloodletting","floor":8.0},{"not_picked":["Seeing Red","Cleave","Barricade"],"picked":"SKIP","floor":14.0},{"not_picked":["Demon Form","Juggernaut"],"picked":"Exhume","floor":16.0},{"not_picked":["Iron Wave","Carnage"],"picked":"Clash+1","floor":18.0},{"not_picked":["Uppercut+1","Spot Weakness"],"picked":"Disarm+1","floor":19.0},{"not_picked":["Infernal Blade","Hemokinesis"],"picked":"Shockwave+1","floor":22.0},{"not_picked":["Shrug It Off","Shockwave"],"picked":"Burning Pact+1","floor":23.0},{"not_picked":["Havoc","Pummel","Headbutt"],"picked":"SKIP","floor":25.0},{"not_picked":["Havoc","Pummel","Headbutt"],"picked":"SKIP","floor":25.0},{"not_picked":["Havoc","Pummel"],"picked":"Headbutt","floor":25.0},{"not_picked":["Rampage","Clash","Cleave"],"picked":"SKIP","floor":27.0},{"not_picked":["Havoc","Thunderclap+1"],"picked":"Feel No Pain","floor":28.0},{"not_picked":["Hemokinesis","Uppercut"],"picked":"Warcry+1","floor":29.0},{"not_picked":["Exhume","Reaper"],"picked":"Offering","floor":33.0},{"not_picked":["Havoc+1","Perfected Strike+1"],"picked":"Sword Boomerang+1","floor":35.0},{"not_picked":["Secret Weapon","Blind"],"picked":"Magnetism","floor":39},{"not_picked":["Metallicize+1","Armaments+1"],"picked":"Rupture+1","floor":40},{"not_picked":["Metallicize","Clothesline","Pommel Strike+1"],"picked":"SKIP","floor":41},{"not_picked":["Havoc","Metallicize"],"picked":"Bloodletting","floor":42},{"not_picked":["Dropkick+1","Rupture"],"picked":"Blood for Blood+1","floor":47},{"not_picked":["Wild Strike+1","Sword Boomerang+1"],"picked":"Spot Weakness+1","floor":48},{"not_picked":["Heavy Blade","Rage","True Grit"],"picked":"SKIP","floor":54}],"player_experience":1867195,"relics_obtained":[{"floor":6.0,"key":"Magic Flower"},{"floor":8.0,"key":"Torii"},{"floor":9.0,"key":"Turnip"},{"floor":14.0,"key":"Matryoshka"},{"floor":23.0,"key":"Whetstone"},{"floor":25.0,"key":"Nunchaku"},{"floor":26.0,"key":"Pen Nib"},{"floor":27.0,"key":"Toy Ornithopter"},{"floor":29.0,"key":"Juzu Bracelet"},{"floor":40,"key":"Ornamental Fan"},{"floor":42,"key":"PreservedInsect"},{"floor":43,"key":"Art of War"},{"floor":43,"key":"Lantern"},{"floor":48,"key":"Pear"},{"floor":54,"key":"Bronze Scales"}],"event_choices":[{"damage_healed":0.0,"max_hp_gain":0.0,"max_hp_loss":0.0,"gold_gain":0.0,"event_name":"Living Wall","player_choice":"Grow","floor":4.0,"gold_loss":0.0,"damage_taken":0.0,"cards_upgraded":["Immolate"]},{"cards_removed":["Strike_R"],"damage_healed":0.0,"max_hp_gain":0.0,"max_hp_loss":0.0,"gold_gain":0.0,"event_name":"Golden Wing","player_choice":"Card Removal","floor":11.0,"gold_loss":0.0,"damage_taken":7.0},{"damage_healed":0.0,"max_hp_gain":0.0,"max_hp_loss":0.0,"gold_gain":0.0,"event_name":"Dead Adventurer","player_choice":"Searched \u00271\u0027 times","floor":13.0,"gold_loss":0.0,"damage_taken":0.0,"relics_obtained":["InkBottle"]},{"cards_removed":["Feed"],"damage_healed":0.0,"max_hp_gain":0.0,"max_hp_loss":0.0,"gold_gain":0.0,"event_name":"betterNote:BetterNote","player_choice":"Take \u0026 Give","floor":20.0,"gold_loss":0.0,"damage_taken":0.0,"cards_obtained":["Burst"]},{"damage_healed":0.0,"max_hp_gain":0.0,"max_hp_loss":0.0,"gold_gain":0.0,"event_name":"Addict","player_choice":"Obtained Relic","floor":21.0,"gold_loss":85.0,"damage_taken":0.0,"relics_obtained":["Vajra"]},{"damage_healed":0.0,"max_hp_gain":0.0,"max_hp_loss":0.0,"gold_gain":0.0,"event_name":"The Woman in Blue","player_choice":"Bought 0 Potions","floor":30.0,"gold_loss":0.0,"damage_taken":0.0},{"damage_healed":0.0,"max_hp_gain":0.0,"max_hp_loss":54.0,"gold_gain":0.0,"event_name":"Ghosts","player_choice":"Became a Ghost","floor":31.0,"gold_loss":0.0,"damage_taken":0.0,"cards_obtained":["Ghostly","Ghostly","Ghostly","Ghostly","Ghostly"]},{"damage_healed":0.0,"max_hp_gain":0.0,"max_hp_loss":0.0,"gold_gain":0.0,"event_name":"Duplicator","player_choice":"Copied","floor":36.0,"gold_loss":0.0,"damage_taken":0.0,"cards_obtained":["Rupture"]},{"damage_healed":0.0,"max_hp_gain":0.0,"max_hp_loss":3.0,"gold_gain":0.0,"event_name":"Winding Halls","player_choice":"Max HP","floor":37.0,"gold_loss":0.0,"damage_taken":0.0},{"damage_healed":0,"gold_gain":0,"player_choice":"Memory 3","damage_taken":10,"max_hp_gain":0,"max_hp_loss":0,"event_name":"SensoryStone","floor":39,"gold_loss":0},{"cards_removed":["Anger"],"damage_healed":0,"gold_gain":0,"player_choice":"Removed Attack","damage_taken":0,"max_hp_gain":0,"max_hp_loss":0,"event_name":"Falling","floor":45,"gold_loss":0}],"is_beta":false,"boss_relics":[{"not_picked":["Runic Dome","Calling Bell"],"picked":"Coffee Dripper"},{"not_picked":["Runic Pyramid","Pandora\u0027s Box"],"picked":"Runic Cube"}],"items_purged_floors":[10,38,53],"is_endless":false,"potions_floor_spawned":[1,14,16,18,23,28,33,35,42,47],"ascension_level":1}}