{"host":"ockkdcgl3b18tfz9","time":1613320109,"event":{"mods":["2.2 Compatiblity","BaseMod","Better Skull","Better Third Choice","BetterRewards","Hermit","Minty Spire (QoL Compilation)","Quick Restart","Spicy Shops","StSLib"],"gold_per_floor":[110,110,110,121,13,13,13,44,63,63,63,88,88,102,102,112,161,47,62,90,124,124,124,124],"floor_reached":23,"language":"ENG","playtime":474,"items_purged":[],"score":374,"play_id":"7215a969-bc5f-4315-b2c0-aa88f7916268","local_time":"20210214232829","is_ascension_mode":true,"campfire_choices":[{"data":"Streamline","floor":7,"key":"SMITH"},{"floor":10,"key":"REST"},{"floor":15,"key":"REST"},{"data":"Hologram","floor":22,"key":"SMITH"}],"circlet_count":0,"master_deck":["AscendersBane","Strike_B","Strike_B","Strike_B","Strike_B","Defend_B","Defend_B","Defend_B","Defend_B","Zap","Dualcast","Streamline+1","BootSequence","Decay","Sweeping Beam","BootSequence","Steam Power","Streamline","Skim","Genetic Algorithm","Chill","Beam Cell","Streamline","Go for the Eyes","All For One","Hologram+1"],"relics":["Cracked Core","NeowsBlessing","Bronze Scales","Shuriken","Dream Catcher","Pear","Vajra","Nunchaku","Odd Mushroom","Bag of Preparation"],"acts_visited":["Exordium"],"potions_floor_usage":[1,21,21],"damage_taken":[{"damage":0,"enemies":"2 Louse","floor":1,"turns":1},{"damage":0,"enemies":"Jaw Worm","floor":4,"turns":1},{"damage":0,"enemies":"Gremlin Nob","floor":8,"turns":1},{"damage":1,"enemies":"Cultist","floor":9,"turns":3},{"damage":6,"enemies":"Lots of Slimes","floor":14,"turns":3},{"damage":29,"enemies":"Exordium Thugs","floor":16,"turns":4},{"damage":1,"enemies":"Looter","floor":19,"turns":2},{"damage":13,"enemies":"The Mushroom Lair","floor":20,"turns":4},{"damage":0,"enemies":"3 Sentries","floor":21,"turns":3},{"damage":76,"enemies":"The Guardian","floor":23,"turns":8}],"seed_played":"3909883705852195531","potions_obtained":[{"floor":1,"key":"Fruit Juice"},{"floor":9,"key":"SkillPotion"},{"floor":16,"key":"FocusPotion"},{"floor":21,"key":"FairyPotion"}],"is_trial":false,"path_per_floor":["M","?","?","M","$","?","R","E","M","R","T","T","M","M","R","M","T","$","M","?","E","R","B"],"character_chosen":"DEFECT","items_purchased":["Shuriken","Beam Cell","Streamline"],"campfire_rested":2,"item_purchase_floors":[5,18,18],"current_hp_per_floor":[69,58,58,58,58,58,58,58,57,76,86,86,86,80,86,57,57,57,56,43,43,43,0,0],"gold":124,"neow_bonus":"THREE_ENEMY_KILL","is_daily":false,"chose_seed":false,"campfire_upgraded":2,"win_rate":0.0,"timestamp":1613320109,"path_taken":["M","?","?","?","$","?","R","E","M","R","T","T","?","M","R","M","?","$","M","?","E","R","BOSS"],"items_purchased_type":["Relic","Card","Card"],"build_version":"2020-12-22","purchased_purges":0,"victory":false,"max_hp_per_floor":[76,76,76,76,76,76,76,76,76,76,86,86,86,86,86,86,86,86,86,86,86,86,86,86],"card_choices":[{"not_picked":["BootSequence","Barrage"],"picked":"Streamline","floor":1},{"not_picked":["Steam","Turbo"],"picked":"BootSequence","floor":4},{"not_picked":["Hello World","Multi-Cast"],"picked":"BootSequence","floor":8},{"not_picked":["Coolheaded","BootSequence"],"picked":"Steam Power","floor":9},{"not_picked":["Leap","Barrage"],"picked":"Streamline","floor":10},{"not_picked":["Consume","Turbo"],"picked":"Skim","floor":14},{"not_picked":["Sunder","Reinforced Body"],"picked":"Genetic Algorithm","floor":15},{"not_picked":["Tempest","Skim"],"picked":"Chill","floor":16},{"not_picked":["Beam Cell","Chaos"],"picked":"Go for the Eyes","floor":19},{"not_picked":["BootSequence","Coolheaded"],"picked":"All For One","floor":20},{"not_picked":["Hello World","Stack"],"picked":"Hologram","floor":21}],"player_experience":379118,"relics_obtained":[{"floor":8,"key":"Dream Catcher"},{"floor":11,"key":"Pear"},{"floor":12,"key":"Vajra"},{"floor":17,"key":"Nunchaku"},{"floor":20,"key":"Odd Mushroom"},{"floor":21,"key":"Bag of Preparation"}],"event_choices":[{"damage_healed":0,"gold_gain":0,"player_choice":"Relic ","damage_taken":11,"max_hp_gain":0,"max_hp_loss":0,"event_name":"betterThird:BetterScrap","floor":2,"gold_loss":0,"cards_obtained":["Seeing Red"]},{"damage_healed":0,"gold_gain":0,"player_choice":"Ignored","damage_taken":0,"max_hp_gain":0,"max_hp_loss":0,"event_name":"WeMeetAgain","floor":3,"gold_loss":0},{"damage_healed":0,"gold_gain":0,"player_choice":"1 cards matched","damage_taken":0,"max_hp_gain":0,"max_hp_loss":0,"event_name":"Match and Keep!","floor":6,"gold_loss":0,"cards_obtained":["Sweeping Beam"]},{"damage_healed":0,"gold_gain":0,"player_choice":"Fought Mushrooms","damage_taken":0,"max_hp_gain":0,"max_hp_loss":0,"event_name":"Mushrooms","floor":20,"gold_loss":0}],"is_beta":false,"boss_relics":[],"items_purged_floors":[],"is_endless":false,"potions_floor_spawned":[1,9,16,19,21],"killed_by":"The Guardian","ascension_level":18}}