{"host":"o88u0awh8mkwl1l8","time":1613271145,"event":{"mods":["BaseMod","Colored Map","Colored Powertips","Highlight Path","Minty Spire (QoL Compilation)"],"gold_per_floor":[117,192,205,220,220,220,145,145,171,182,213,213,225,225,225,299,299,310,310,310,310,310],"floor_reached":21,"language":"JPN","playtime":6336,"items_purged":["Strike_G"],"score":354,"play_id":"3a0efb57-bd78-495a-bb1c-5049f01d5c8d","local_time":"20210214115225","is_ascension_mode":true,"campfire_choices":[{"data":"Blade Dance","floor":6,"key":"SMITH"},{"data":"Blur","floor":8,"key":"SMITH"},{"floor":15,"key":"REST"}],"circlet_count":0,"master_deck":["AscendersBane","Strike_G","Strike_G","Defend_G","Defend_G","Survivor","Neutralize","Blur+1","PiercingWail","Blade Dance+1","Dodge and Roll","Tools of the Trade","Deadly Poison+1","After Image"],"relics":["Ring of the Snake","Vajra","Toxic Egg 2","WristBlade"],"acts_visited":["TheCity"],"potions_floor_usage":[11,18],"damage_taken":[{"damage":0,"enemies":"Cultist","floor":1,"turns":4},{"damage":0,"enemies":"2 Louse","floor":3,"turns":5},{"damage":0,"enemies":"Small Slimes","floor":4,"turns":6},{"damage":0,"enemies":"2 Fungi Beasts","floor":10,"turns":4},{"damage":13,"enemies":"3 Sentries","floor":11,"turns":13},{"damage":0,"enemies":"Exordium Thugs","floor":13,"turns":5},{"damage":34,"enemies":"Hexaghost","floor":16,"turns":10},{"damage":8,"enemies":"2 Thieves","floor":18,"turns":4},{"damage":44,"enemies":"Masked Bandits","floor":21,"turns":5}],"seed_played":"-8538500018466748522","potions_obtained":[{"floor":1,"key":"SteroidPotion"},{"floor":3,"key":"Explosive Potion"},{"floor":4,"key":"SteroidPotion"}],"is_trial":false,"path_per_floor":["M","?","M","M","?","R","$","R","T","M","E","?","M","?","R","B",null,"M","?","$","?"],"character_chosen":"THE_SILENT","items_purchased":[],"campfire_rested":1,"item_purchase_floors":[],"current_hp_per_floor":[59,48,48,48,48,48,48,48,48,48,35,35,35,28,46,12,48,40,40,40,0,0],"gold":310,"neow_bonus":"REMOVE_TWO","is_daily":false,"chose_seed":false,"campfire_upgraded":2,"win_rate":0.0,"timestamp":1613271145,"path_taken":["M","?","M","M","?","R","$","R","T","M","E","?","M","?","R","BOSS","M","?","$","?"],"items_purchased_type":[],"build_version":"2020-12-22","purchased_purges":1,"victory":false,"max_hp_per_floor":[60,60,60,60,60,60,60,60,60,60,60,60,60,60,60,60,60,60,60,60,60,60],"card_choices":[{"not_picked":["Concentrate","PiercingWail"],"picked":"Blur","floor":1},{"not_picked":["Acrobatics","Noxious Fumes"],"picked":"PiercingWail","floor":3},{"not_picked":["Sucker Punch","Dagger Spray"],"picked":"Blade Dance","floor":4},{"not_picked":["Outmaneuver","Slice"],"picked":"Dodge and Roll","floor":10},{"not_picked":["Dodge and Roll+1","Acrobatics+1"],"picked":"Tools of the Trade","floor":11},{"not_picked":["Prepared+1","Setup+1"],"picked":"Deadly Poison+1","floor":13},{"not_picked":["Envenom","Night Terror+1"],"picked":"After Image","floor":16},{"not_picked":["Poisoned Stab","Outmaneuver+1","Dagger Throw"],"picked":"SKIP","floor":18}],"player_experience":1189761,"relics_obtained":[{"floor":9,"key":"Vajra"},{"floor":11,"key":"Toxic Egg 2"}],"event_choices":[{"damage_healed":0,"gold_gain":75,"player_choice":"Gather Gold","damage_taken":11,"max_hp_gain":0,"max_hp_loss":0,"event_name":"World of Goop","floor":2,"gold_loss":0},{"damage_healed":0,"gold_gain":0,"player_choice":"Ignored","damage_taken":0,"max_hp_gain":0,"max_hp_loss":0,"event_name":"Shining Light","floor":5,"gold_loss":0},{"cards_removed":["Defend_G"],"damage_healed":0,"gold_gain":0,"player_choice":"Forget","damage_taken":0,"max_hp_gain":0,"max_hp_loss":0,"event_name":"Living Wall","floor":12,"gold_loss":0},{"cards_removed":["Strike_G"],"damage_healed":0,"gold_gain":0,"player_choice":"Card Removal","damage_taken":7,"max_hp_gain":0,"max_hp_loss":0,"event_name":"Golden Wing","floor":14,"gold_loss":0},{"cards_removed":["Defend_G"],"damage_healed":0,"gold_gain":0,"player_choice":"Elegance","damage_taken":0,"max_hp_gain":0,"max_hp_loss":0,"event_name":"Back to Basics","floor":19,"gold_loss":0},{"damage_healed":0,"gold_gain":0,"player_choice":"Fought Bandits","damage_taken":0,"max_hp_gain":0,"max_hp_loss":0,"event_name":"Masked Bandits","floor":21,"gold_loss":0}],"is_beta":false,"boss_relics":[{"not_picked":["Coffee Dripper","Ectoplasm"],"picked":"WristBlade"}],"items_purged_floors":[7],"is_endless":false,"potions_floor_spawned":[1,3,4],"killed_by":"Masked Bandits","ascension_level":20}}