{"host":"0ma1l65sntb3rtgl","time":1613337395,"event":{"mods":["AchievementEnabler","BaseMod","Better Note","Better Third Choice","Colored Map","Colored Powertips","Curses Come First","Highlight Path","Minty Spire (QoL Compilation)","Rare Cards Sparkle","Relic Stats","StSLib"],"gold_per_floor":[110,110,110,128,139,165,165,197,197,211,211,221,234,214,214,310,310,324,6,16,16,29,29,54,54,54,54,54,54,54,73,73,178,178,196,206,222,222,242,242,43,73,73,73,102,122,122,137,137,137,137,137,87,122,122,122],"floor_reached":55,"language":"ENG","playtime":2569,"items_purged":["Clumsy","Sunder","Writhe"],"score":732,"play_id":"87c5763a-f2c3-4a3b-ab11-910f485ac517","local_time":"20210214151635","is_ascension_mode":false,"campfire_choices":[{"data":"Defragment","floor":7.0,"key":"SMITH"},{"data":"White Noise","floor":11.0,"key":"SMITH"},{"data":"Loop","floor":15.0,"key":"SMITH"},{"data":"Creative AI","floor":23.0,"key":"SMITH"},{"floor":25.0,"key":"RECALL"},{"data":"Coolheaded","floor":27.0,"key":"SMITH"},{"data":"Lockon","floor":29.0,"key":"SMITH"},{"floor":32.0,"key":"REST"},{"floor":40.0,"key":"REST"},{"data":"Buffer","floor":44.0,"key":"SMITH"},{"data":"Madness","floor":49.0,"key":"SMITH"},{"data":"Madness","floor":52.0,"key":"SMITH"}],"circlet_count":0,"master_deck":["Strike_B","Strike_B","Strike_B","Strike_B","Defend_B","Defend_B","Defend_B","Defend_B","Zap","Dualcast","Coolheaded","Defragment+1","Loop+1","White Noise+1","Storm","Conserve Battery","Creative AI+1","Capacitor","Lockon+1","Coolheaded+1","Self Repair","Defragment+1","Undo","Buffer+1","Heatsinks+1","Madness+1","Madness+1","Force Field+1","Parasite","Turbo+1"],"relics":["Cursed Key","Anchor","Ginger","Art of War","Bottled Lightning","Philosopher\u0027s Stone","OrangePellets","Smiling Mask","Ice Cream","Ornamental Fan","Empty Cage","PreservedInsect","Symbiotic Virus","Bag of Preparation","Happy Flower"],"acts_visited":["Exordium","TheCity","TheBeyond","TheEnding"],"potions_floor_usage":[55,55,55,55],"damage_taken":[{"damage":1.0,"enemies":"Jaw Worm","floor":1.0,"turns":4.0},{"damage":0.0,"enemies":"Small Slimes","floor":4.0,"turns":2.0},{"damage":4.0,"enemies":"Cultist","floor":5.0,"turns":3.0},{"damage":25.0,"enemies":"Lagavulin","floor":6.0,"turns":9.0},{"damage":22.0,"enemies":"Gremlin Nob","floor":8.0,"turns":5.0},{"damage":4.0,"enemies":"Exordium Wildlife","floor":10.0,"turns":5.0},{"damage":21.0,"enemies":"Exordium Thugs","floor":12.0,"turns":3.0},{"damage":3.0,"enemies":"Gremlin Gang","floor":13.0,"turns":3.0},{"damage":3.0,"enemies":"Hexaghost","floor":16.0,"turns":12.0},{"damage":9.0,"enemies":"Shell Parasite","floor":18.0,"turns":6.0},{"damage":9.0,"enemies":"Spheric Guardian","floor":20.0,"turns":3.0},{"damage":0.0,"enemies":"Centurion and Healer","floor":22.0,"turns":6.0},{"damage":18.0,"enemies":"Book of Stabbing","floor":24.0,"turns":4.0},{"damage":37.0,"enemies":"3 Cultists","floor":31.0,"turns":5.0},{"damage":36.0,"enemies":"Automaton","floor":33.0,"turns":6.0},{"damage":0.0,"enemies":"Orb Walker","floor":35.0,"turns":3.0},{"damage":43.0,"enemies":"3 Darklings","floor":36.0,"turns":6.0},{"damage":0.0,"enemies":"Writhing Mass","floor":37.0,"turns":4.0},{"damage":9.0,"enemies":"Transient","floor":39.0,"turns":5.0},{"damage":4.0,"enemies":"Giant Head","floor":42.0,"turns":6.0},{"damage":0.0,"enemies":"Reptomancer","floor":45.0,"turns":4.0},{"damage":10.0,"enemies":"4 Shapes","floor":46.0,"turns":3.0},{"damage":0.0,"enemies":"Writhing Mass","floor":48.0,"turns":6.0},{"damage":39.0,"enemies":"Time Eater","floor":50.0,"turns":9.0},{"damage":22.0,"enemies":"Shield and Spear","floor":54.0,"turns":4.0},{"damage":73,"enemies":"The Heart","floor":55,"turns":3}],"seed_played":"1257101442359228993","potions_obtained":[{"floor":1.0,"key":"AttackPotion"},{"floor":6.0,"key":"EntropicBrew"},{"floor":12.0,"key":"Swift Potion"},{"floor":14.0,"key":"EntropicBrew"},{"floor":22.0,"key":"FocusPotion"},{"floor":31.0,"key":"Fire Potion"},{"floor":36.0,"key":"EssenceOfDarkness"}],"is_trial":false,"path_per_floor":["M","?","?","M","M","E","R","E","T","M","R","M","M","?","R","B",null,"M","$","M","$","M","R","E","R","T","R","?","R","?","M","R","B",null,"M","M","M","?","M","R","$","E","T","R","E","M","?","M","R","B",null,"R","$","E","B"],"character_chosen":"DEFECT","items_purchased":["OrangePellets","Lockon","Coolheaded","PreservedInsect"],"campfire_rested":2,"item_purchase_floors":[19,19,19,41],"current_hp_per_floor":[74,74,74,74,70,45,45,23,23,19,19,22,19,19,19,16,75,66,66,57,57,64,64,53,53,53,53,53,53,53,30,52,30,75,75,39,46,37,35,57,57,67,67,67,67,57,75,75,75,43,75,75,75,60,0,0],"gold":122,"neow_bonus":"BOSS_RELIC","is_daily":false,"chose_seed":false,"campfire_upgraded":9,"win_rate":0.0,"timestamp":1613337395,"path_taken":["M","?","?","M","?","E","R","E","T","M","R","M","M","?","R","BOSS","M","$","M","$","M","R","E","R","T","R","?","R","?","M","R","BOSS","M","M","M","?","M","R","$","E","T","R","E","M","?","M","R","BOSS","R","$","E","BOSS"],"items_purchased_type":["Relic","Card","Card","Relic"],"build_version":"2020-12-22","purchased_purges":3,"victory":false,"max_hp_per_floor":[75,75,75,75,75,75,75,75,75,75,75,75,75,75,75,75,75,75,75,75,75,75,75,75,75,75,75,75,75,75,75,75,75,75,75,75,75,75,75,75,75,75,75,75,75,75,75,75,75,75,75,75,75,75,75,75],"relic_stats":{"OrangePellets":[9],"Happy Flower":[1],"counters":[26,128],"Ornamental Fan":[4],"PreservedInsect":251,"Art of War":[34],"Bag of Preparation":[10],"Ginger":[17],"Cursed Key":3,"Smiling Mask":125,"obtain_stats":[{"Ice Cream":26,"Happy Flower":54,"PreservedInsect":41,"Bag of Preparation":45,"Ginger":6,"Cursed Key":0,"Smiling Mask":24,"Empty Cage":34,"OrangePellets":19,"Anchor":2,"Ornamental Fan":30,"Philosopher\u0027s Stone":17,"Art of War":8,"Bottled Lightning":9,"Cracked Core":0,"Symbiotic Virus":42},{"Ice Cream":13,"Happy Flower":25,"PreservedInsect":19,"Bag of Preparation":21,"Ginger":4,"Cursed Key":0,"Smiling Mask":13,"Empty Cage":15,"OrangePellets":10,"Anchor":1,"Ornamental Fan":13,"Philosopher\u0027s Stone":9,"Art of War":5,"Bottled Lightning":5,"Cracked Core":0,"Symbiotic Virus":20},{"Ice Cream":65,"Happy Flower":125,"PreservedInsect":93,"Bag of Preparation":103,"Ginger":18,"Cursed Key":0,"Smiling Mask":65,"Empty Cage":76,"OrangePellets":52,"Anchor":4,"Ornamental Fan":65,"Philosopher\u0027s Stone":46,"Art of War":23,"Bottled Lightning":23,"Cracked Core":0,"Symbiotic Virus":99}]},"card_choices":[{"not_picked":["Rebound","Hologram"],"picked":"Sunder","floor":1.0},{"not_picked":["Darkness","Leap"],"picked":"Coolheaded","floor":4.0},{"not_picked":["Steam","Compile Driver"],"picked":"Defragment","floor":5.0},{"not_picked":["Gash","Leap"],"picked":"Loop","floor":6.0},{"not_picked":["Redo","Hologram"],"picked":"White Noise","floor":8.0},{"not_picked":["Barrage","Beam Cell"],"picked":"Storm","floor":10.0},{"not_picked":["Tempest","Beam Cell"],"picked":"Conserve Battery","floor":12.0},{"not_picked":["Melter","Coolheaded","Compile Driver"],"picked":"SKIP","floor":13.0},{"not_picked":["Seek","Hyperbeam"],"picked":"Creative AI","floor":16.0},{"not_picked":["Streamline","Stack"],"picked":"Capacitor","floor":18.0},{"not_picked":["Ball Lightning+1","Stack"],"picked":"Self Repair","floor":20.0},{"not_picked":["Rebound+1","Doom and Gloom+1","Auto Shields+1"],"picked":"SKIP","floor":22.0},{"not_picked":["Redo","Glacier"],"picked":"Defragment+1","floor":24.0},{"not_picked":["Go for the Eyes","Reprogram+1"],"picked":"Undo","floor":31.0},{"not_picked":["Seek","Hyperbeam"],"picked":"Buffer","floor":33.0},{"not_picked":["Sweeping Beam","Conserve Battery+1"],"picked":"Heatsinks+1","floor":35.0},{"not_picked":["Aggregate","Barrage","Reinforced Body+1"],"picked":"SKIP","floor":36.0},{"not_picked":["Capacitor+1","Scrape","Melter+1"],"picked":"SKIP","floor":37.0},{"not_picked":["Beam Cell","Darkness","Tempest"],"picked":"SKIP","floor":39.0},{"not_picked":["Scrape+1","Rebound+1","Conserve Battery"],"picked":"SKIP","floor":42.0},{"not_picked":["Beam Cell+1","Compile Driver+1","Hello World+1"],"picked":"SKIP","floor":45.0},{"not_picked":["Reprogram","Redo+1"],"picked":"Force Field+1","floor":46.0},{"not_picked":["Redo+1","Conserve Battery","Hologram"],"picked":"SKIP","floor":48.0},{"not_picked":["Loop+1","Tempest"],"picked":"Turbo+1","floor":54.0}],"player_experience":399496,"relics_obtained":[{"floor":6.0,"key":"Ginger"},{"floor":8.0,"key":"Art of War"},{"floor":9.0,"key":"Bottled Lightning"},{"floor":24.0,"key":"Smiling Mask"},{"floor":26.0,"key":"Ice Cream"},{"floor":42.0,"key":"Symbiotic Virus"},{"floor":45.0,"key":"Bag of Preparation"},{"floor":54.0,"key":"Happy Flower"}],"event_choices":[{"damage_healed":0.0,"max_hp_gain":0.0,"max_hp_loss":0.0,"gold_gain":0.0,"event_name":"Big Fish","player_choice":"Box","floor":2.0,"gold_loss":0.0,"damage_taken":0.0,"relics_obtained":["Anchor"],"cards_obtained":["Regret"]},{"cards_removed":["Regret"],"damage_healed":0.0,"max_hp_gain":0.0,"max_hp_loss":0.0,"gold_gain":0.0,"event_name":"Purifier","player_choice":"Purged","floor":3.0,"gold_loss":0.0,"damage_taken":0.0},{"damage_healed":0.0,"max_hp_gain":0.0,"max_hp_loss":0.0,"gold_gain":0.0,"event_name":"The Woman in Blue","player_choice":"Bought 1 Potion","floor":14.0,"gold_loss":0.0,"damage_taken":0.0},{"damage_healed":0.0,"max_hp_gain":0.0,"max_hp_loss":0.0,"gold_gain":0.0,"event_name":"betterNote:BetterNote","player_choice":"Ignored","floor":28.0,"gold_loss":0.0,"damage_taken":0.0,"cards_obtained":["Pray"]},{"damage_healed":0.0,"max_hp_gain":0.0,"max_hp_loss":0.0,"gold_gain":0.0,"event_name":"Addict","player_choice":"Stole Relic","floor":30.0,"gold_loss":0.0,"damage_taken":0.0,"relics_obtained":["Ornamental Fan"],"cards_obtained":["Shame"]},{"damage_healed":0.0,"max_hp_gain":0.0,"max_hp_loss":0.0,"gold_gain":0.0,"event_name":"Winding Halls","player_choice":"Embrace Madness","floor":38.0,"gold_loss":0.0,"damage_taken":9.0,"cards_obtained":["Madness","Madness"]},{"damage_healed":18.0,"max_hp_gain":0.0,"max_hp_loss":0.0,"gold_gain":0.0,"event_name":"Wheel of Change","player_choice":"Full Heal","floor":47.0,"gold_loss":0.0,"damage_taken":0.0}],"is_beta":false,"boss_relics":[{"not_picked":["SacredBark","Inserter"],"picked":"Philosopher\u0027s Stone"},{"not_picked":["Coffee Dripper","Nuclear Battery"],"picked":"Empty Cage"}],"items_purged_floors":[19,41,53],"is_endless":false,"potions_floor_spawned":[1,6,10,12,22,24,31,36,39,42,46],"killed_by":"The Heart","ascension_level":0}}