{"host":"ydg0vn0pu4pubmdt","time":1613333659,"event":{"mods":["AchievementEnabler","BaseMod","Colored Map","Gold Saver","Minty Spire (QoL Compilation)","Quick Restart","SuperFastMode"],"gold_per_floor":[111,123,48,198,248,275,295,305,305,16,16,31,44,54,54,125,125,137,12,25,25,25],"floor_reached":21,"language":"KOR","playtime":555,"items_purged":["Strike_G","Doubt","Strike_G"],"score":416,"play_id":"88bb26e4-4d63-4b19-a4c7-9b7dab5d9dac","local_time":"20210215051419","is_ascension_mode":true,"campfire_choices":[{"data":"Apotheosis","floor":11.0,"key":"SMITH"},{"floor":15.0,"key":"REST"}],"circlet_count":0,"master_deck":["AscendersBane","Strike_G+1","Strike_G","Strike_G+1","Defend_G","Defend_G","Defend_G","Defend_G","Defend_G","Survivor","Neutralize","Cloak And Dagger","Dagger Throw","Footwork","Apotheosis+1","Backstab","Well Laid Plans","A Thousand Cuts","Escape Plan"],"relics":["Ring of the Serpent","NeowsBlessing","Whetstone","Centennial Puzzle"],"acts_visited":["Exordium","TheCity"],"potions_floor_usage":[],"damage_taken":[{"damage":0.0,"enemies":"Cultist","floor":1.0,"turns":1.0},{"damage":0.0,"enemies":"Small Slimes","floor":2.0,"turns":1.0},{"damage":0.0,"enemies":"Lagavulin","floor":6.0,"turns":1.0},{"damage":5.0,"enemies":"Jaw Worm","floor":7.0,"turns":5.0},{"damage":11.0,"enemies":"Exordium Thugs","floor":8.0,"turns":7.0},{"damage":1.0,"enemies":"Blue Slaver","floor":12.0,"turns":5.0},{"damage":4.0,"enemies":"3 Louse","floor":13.0,"turns":3.0},{"damage":15.0,"enemies":"Exordium Thugs","floor":14.0,"turns":4.0},{"damage":15.0,"enemies":"The Guardian","floor":16.0,"turns":9.0},{"damage":34.0,"enemies":"2 Thieves","floor":18.0,"turns":5.0},{"damage":14,"enemies":"Spheric Guardian","floor":20,"turns":10},{"damage":11,"enemies":"Shelled Parasite and Fungi","floor":21,"turns":1}],"seed_played":"7125685731353667203","potions_obtained":[{"floor":6.0,"key":"FearPotion"},{"floor":7.0,"key":"CultistPotion"},{"floor":8.0,"key":"CunningPotion"}],"is_trial":false,"path_per_floor":["M","M","$","?","?","E","M","M","T","$","R","M","M","M","R","B",null,"M","$","M","M"],"character_chosen":"THE_SILENT","items_purchased":["Apotheosis"],"campfire_rested":1,"item_purchase_floors":[10],"current_hp_per_floor":[59,59,59,59,59,59,54,43,43,43,43,42,38,23,42,27,56,22,22,8,0,0],"gold":25,"neow_bonus":"THREE_ENEMY_KILL","is_daily":false,"chose_seed":false,"campfire_upgraded":1,"win_rate":0.0,"timestamp":1613333659,"path_taken":["M","M","$","?","?","E","?","M","T","$","R","?","M","M","R","BOSS","M","$","M","?"],"items_purchased_type":["Card"],"build_version":"2020-12-22","purchased_purges":3,"victory":false,"max_hp_per_floor":[66,66,66,66,66,66,66,66,66,66,66,66,66,66,66,66,66,66,66,66,66,66],"card_choices":[{"not_picked":["Backflip","PiercingWail"],"picked":"Cloak And Dagger","floor":1.0},{"not_picked":["Dodge and Roll","Underhanded Strike"],"picked":"Dagger Throw","floor":2.0},{"not_picked":["Dagger Throw","Prepared"],"picked":"Footwork","floor":6.0},{"not_picked":["Expertise","Slice","Backflip"],"picked":"SKIP","floor":7.0},{"not_picked":["Prepared","Dodge and Roll","Calculated Gamble"],"picked":"SKIP","floor":8.0},{"not_picked":["Slice","Doppelganger","Sucker Punch"],"picked":"SKIP","floor":12.0},{"not_picked":["Flying Knee","Flechettes"],"picked":"Backstab","floor":13.0},{"not_picked":["Underhanded Strike","Backflip"],"picked":"Well Laid Plans","floor":14.0},{"not_picked":["Tools of the Trade","Night Terror"],"picked":"A Thousand Cuts","floor":16.0},{"not_picked":["Slice","Poisoned Stab","Outmaneuver"],"picked":"SKIP","floor":18.0},{"not_picked":["Blade Dance","Deadly Poison"],"picked":"Escape Plan","floor":20}],"player_experience":556171,"relics_obtained":[{"floor":6.0,"key":"Whetstone"},{"floor":9.0,"key":"Centennial Puzzle"}],"event_choices":[{"damage_healed":0.0,"max_hp_gain":0.0,"max_hp_loss":0.0,"gold_gain":150.0,"event_name":"Liars Game","player_choice":"AGREE","floor":4.0,"gold_loss":0.0,"damage_taken":0.0,"cards_obtained":["Doubt"]},{"damage_healed":0.0,"max_hp_gain":0.0,"max_hp_loss":0.0,"gold_gain":50.0,"event_name":"Golden Shrine","player_choice":"Pray","floor":5.0,"gold_loss":0.0,"damage_taken":0.0}],"is_beta":false,"boss_relics":[{"not_picked":["Black Star","Velvet Choker"],"picked":"Ring of the Serpent"}],"items_purged_floors":[3,10,19],"is_endless":false,"potions_floor_spawned":[6,7,8,14],"killed_by":"Shelled Parasite and Fungi","ascension_level":20}}