{"host":"szp1d6dso4pv7ddl","time":1613283061,"event":{"mods":["AchievementEnabler","Alarm Clock","BaseMod","Bestiary","Block Reminder","Colored Map","Colored Powertips","Curses Come First","Dark Map","Displayed Cursed Tome","Highlight Path","Minty Spire (QoL Compilation)","Permanent Neow","Quick Restart","Relic Sorter","Relic Stats","StSLib","Synergy Search"],"gold_per_floor":[119,194,213,213,213,213,232,232,232,255,255,270,270,320,320,411,411,432,432,146,196,196,196,206,206,206,206,220,32,67,79,79,153,453,466,466,42,58,58,58,58,58,81,109,119,133,7,21,21,21,21,21],"floor_reached":51,"language":"ENG","playtime":2233,"items_purged":["Strike_G"],"score":1366,"play_id":"5c0ab47d-c5af-484e-9168-57e6680b4c2d","local_time":"20210213221101","is_ascension_mode":true,"campfire_choices":[{"floor":6.0,"key":"REST"},{"data":"Infinite Blades","floor":8.0,"key":"SMITH"},{"data":"Cloak And Dagger","floor":11.0,"key":"SMITH"},{"floor":15.0,"key":"REST"},{"floor":23.0,"key":"REST"},{"data":"Sadistic Nature","floor":25.0,"key":"SMITH"},{"data":"Neutralize","floor":27.0,"key":"SMITH"},{"floor":32.0,"key":"REST"},{"data":"Footwork","floor":40.0,"key":"SMITH"},{"data":"After Image","floor":42,"key":"SMITH"},{"data":"Cloak And Dagger","floor":49,"key":"SMITH"}],"circlet_count":0,"master_deck":["AscendersBane","Strike_G","Strike_G","Defend_G","Defend_G","Defend_G","Defend_G","Defend_G","Survivor","Neutralize+1","Dagger Throw+1","Cloak And Dagger+1","Infinite Blades+1","Backstab","Slice+1","Envenom+1","PiercingWail","Sadistic Nature+1","Acrobatics","Endless Agony","Acrobatics+1","After Image+1","Slice","Footwork+1","Adrenaline","Tools of the Trade","CurseOfTheBell","Accuracy","Cloak And Dagger+1","Leg Sweep","Acrobatics+1","Blade Dance","Accuracy","After Image"],"relics":["WristBlade","Bloody Idol","Matryoshka","Akabeko","Kunai","Bronze Scales","Empty Cage","Tiny Chest","Mercury Hourglass","Oddly Smooth Stone","Calling Bell","Bag of Marbles","Paper Crane","Old Coin","Eternal Feather","Whetstone","Centennial Puzzle"],"acts_visited":["Exordium","TheCity","TheBeyond"],"potions_floor_usage":[50,50],"damage_taken":[{"damage":3.0,"enemies":"Cultist","floor":1.0,"turns":4.0},{"damage":3.0,"enemies":"Small Slimes","floor":3.0,"turns":4.0},{"damage":1.0,"enemies":"Jaw Worm","floor":7.0,"turns":4.0},{"damage":6.0,"enemies":"Exordium Wildlife","floor":10.0,"turns":3.0},{"damage":1.0,"enemies":"3 Louse","floor":12.0,"turns":2.0},{"damage":0.0,"enemies":"Slime Boss","floor":16.0,"turns":6.0},{"damage":28.0,"enemies":"Shell Parasite","floor":18.0,"turns":4.0},{"damage":0.0,"enemies":"Spheric Guardian","floor":24.0,"turns":3.0},{"damage":9.0,"enemies":"Centurion and Healer","floor":28.0,"turns":3.0},{"damage":9.0,"enemies":"Slavers","floor":30.0,"turns":4.0},{"damage":16.0,"enemies":"Shelled Parasite and Fungi","floor":31.0,"turns":3.0},{"damage":33.0,"enemies":"Collector","floor":33.0,"turns":7.0},{"damage":0.0,"enemies":"3 Shapes","floor":35.0,"turns":2.0},{"damage":8.0,"enemies":"3 Darklings","floor":38.0,"turns":3.0},{"damage":19,"enemies":"Nemesis","floor":44,"turns":5},{"damage":0,"enemies":"Maw","floor":45,"turns":6},{"damage":0,"enemies":"Sphere and 2 Shapes","floor":46,"turns":6},{"damage":13,"enemies":"Transient","floor":48,"turns":6},{"damage":62,"enemies":"Donu and Deca","floor":50,"turns":8},{"damage":5,"enemies":"Awakened One","floor":51,"turns":1}],"seed_played":"-4129851221166975347","potions_obtained":[{"floor":3.0,"key":"SteroidPotion"},{"floor":10.0,"key":"DistilledChaos"},{"floor":24.0,"key":"SteroidPotion"},{"floor":28.0,"key":"SmokeBomb"},{"floor":35.0,"key":"DuplicationPotion"}],"is_trial":false,"path_per_floor":["M","?","M","?","T","R","M","R","T","M","R","M","?","?","R","B",null,"M","?","$","?","?","R","M","R","T","R","M","$","E","M","R","B",null,"M","?","$","M","?","R","T","R","T","E","M","M","$","M","R","B","B"],"character_chosen":"THE_SILENT","items_purchased":["Sadistic Nature","Acrobatics","Endless Agony","Slice","Footwork","Accuracy","Cloak And Dagger","Eternal Feather","Accuracy","LiquidBronze"],"campfire_rested":4,"item_purchase_floors":[20,20,20,29,29,37,37,37,47,47],"current_hp_per_floor":[56,45,42,19,19,38,37,37,37,31,31,30,12,12,31,31,57,29,29,29,34,34,53,58,58,58,58,54,54,50,39,58,30,58,63,63,63,60,60,63,63,63,63,49,54,59,59,51,63,1,0,0],"gold":21,"neow_bonus":"BOSS_RELIC","is_daily":false,"chose_seed":false,"campfire_upgraded":7,"win_rate":0.0,"timestamp":1613283061,"path_taken":["M","?","M","?","?","R","M","R","T","M","R","?","?","?","R","BOSS","M","?","$","?","?","R","M","R","T","R","M","$","E","?","R","BOSS","M","?","$","M","?","R","?","R","T","E","?","M","$","M","R","BOSS","BOSS"],"items_purchased_type":["Card","Card","Card","Card","Card","Card","Card","Relic","Card","Potion"],"build_version":"2020-12-22","purchased_purges":1,"victory":false,"max_hp_per_floor":[66,66,66,66,66,66,66,66,66,66,66,66,66,66,66,66,66,66,66,66,66,66,66,66,66,66,66,66,66,66,66,66,66,66,66,66,66,66,63,63,63,63,63,63,63,63,63,63,63,63,63,63],"relic_stats":{"Centennial Puzzle":[6],"counters":[20,82],"Bloody Idol":65,"Bronze Scales":[137],"Tiny Chest":1,"Eternal Feather":15,"Kunai":[57],"Whetstone":["Slice","Dagger Throw"],"obtain_stats":[{"Golden Idol":4,"Oddly Smooth Stone":30,"Eternal Feather":37,"Whetstone":43,"Paper Crane":34,"Empty Cage":17,"Akabeko":9,"Mercury Hourglass":26,"Old Coin":34,"Calling Bell":34,"Centennial Puzzle":44,"Matryoshka":5,"WristBlade":0,"Bronze Scales":13,"Bloody Idol":19,"Tiny Chest":26,"Bag of Marbles":34,"Kunai":9,"Ring of the Snake":0},{"Golden Idol":2,"Oddly Smooth Stone":10,"Eternal Feather":13,"Whetstone":14,"Paper Crane":12,"Empty Cage":6,"Akabeko":3,"Mercury Hourglass":8,"Old Coin":12,"Calling Bell":12,"Centennial Puzzle":15,"Matryoshka":2,"WristBlade":0,"Bronze Scales":5,"Bloody Idol":7,"Tiny Chest":8,"Bag of Marbles":12,"Kunai":3,"Ring of the Snake":0},{"Golden Idol":8,"Oddly Smooth Stone":36,"Eternal Feather":48,"Whetstone":51,"Paper Crane":46,"Empty Cage":23,"Akabeko":12,"Mercury Hourglass":30,"Old Coin":46,"Calling Bell":46,"Centennial Puzzle":56,"Matryoshka":8,"WristBlade":0,"Bronze Scales":17,"Bloody Idol":27,"Tiny Chest":30,"Bag of Marbles":46,"Kunai":12,"Ring of the Snake":0}],"Mercury Hourglass":[225]},"card_choices":[{"not_picked":["Predator","Bane"],"picked":"Dagger Throw","floor":1.0},{"not_picked":["Crippling Poison","Tactician"],"picked":"Cloak And Dagger","floor":3.0},{"not_picked":["Deflect","Quick Slash"],"picked":"Infinite Blades","floor":7.0},{"not_picked":["Envenom","Deflect"],"picked":"Backstab","floor":10.0},{"not_picked":["Backflip","Poisoned Stab"],"picked":"Slice","floor":12.0},{"not_picked":["Corpse Explosion","Doppelganger"],"picked":"Envenom","floor":16.0},{"not_picked":["Dagger Throw","Outmaneuver"],"picked":"PiercingWail","floor":18.0},{"not_picked":["Deflect","Prepared+1"],"picked":"Acrobatics+1","floor":24.0},{"not_picked":["Underhanded Strike+1","Sucker Punch"],"picked":"After Image","floor":28.0},{"not_picked":["Dodge and Roll+1","Finisher"],"picked":"Adrenaline","floor":30.0},{"not_picked":["Sucker Punch","Dodge and Roll","PiercingWail"],"picked":"SKIP","floor":31.0},{"not_picked":["Die Die Die","Phantasmal Killer"],"picked":"Tools of the Trade","floor":33.0},{"not_picked":["Dagger Throw+1","Choke+1"],"picked":"Dodge and Roll+1","floor":35.0},{"not_picked":["Dagger Spray","Deadly Poison"],"picked":"Leg Sweep","floor":38.0},{"not_picked":["Quick Slash","Dagger Throw"],"picked":"Acrobatics+1","floor":44},{"not_picked":["Dodge and Roll","Crippling Poison","Skewer"],"picked":"SKIP","floor":45},{"not_picked":["Bane","All Out Attack"],"picked":"Blade Dance","floor":46},{"not_picked":["Predator","Dagger Throw"],"picked":"After Image","floor":48}],"player_experience":1568874,"relics_obtained":[{"floor":5.0,"key":"Matryoshka"},{"floor":9.0,"key":"Akabeko"},{"floor":9.0,"key":"Kunai"},{"floor":26.0,"key":"Tiny Chest"},{"floor":26.0,"key":"Mercury Hourglass"},{"floor":30.0,"key":"Oddly Smooth Stone"},{"floor":34.0,"key":"Bag of Marbles"},{"floor":34.0,"key":"Paper Crane"},{"floor":34.0,"key":"Old Coin"},{"floor":43,"key":"Whetstone"},{"floor":44,"key":"Centennial Puzzle"}],"event_choices":[{"damage_healed":0.0,"max_hp_gain":0.0,"max_hp_loss":0.0,"gold_gain":75.0,"event_name":"World of Goop","player_choice":"Gather Gold","floor":2.0,"gold_loss":0.0,"damage_taken":11.0},{"damage_healed":0.0,"max_hp_gain":0.0,"max_hp_loss":0.0,"gold_gain":0.0,"event_name":"Golden Idol","player_choice":"Take Damage","floor":4.0,"gold_loss":0.0,"damage_taken":23.0,"relics_obtained":["Golden Idol"]},{"damage_healed":0.0,"max_hp_gain":0.0,"max_hp_loss":0.0,"gold_gain":0.0,"event_name":"Scrap Ooze","player_choice":"Success","floor":13.0,"gold_loss":0.0,"damage_taken":18.0,"relics_obtained":["Bronze Scales"]},{"damage_healed":0.0,"max_hp_gain":0.0,"max_hp_loss":0.0,"gold_gain":50.0,"event_name":"Golden Shrine","player_choice":"Pray","floor":14.0,"gold_loss":0.0,"damage_taken":0.0},{"damage_healed":0.0,"max_hp_gain":0.0,"max_hp_loss":0.0,"gold_gain":0.0,"event_name":"Forgotten Altar","player_choice":"Gave Idol","floor":19.0,"relics_lost":["Golden Idol"],"gold_loss":0.0,"damage_taken":0.0,"relics_obtained":["Bloody Idol"]},{"damage_healed":0.0,"max_hp_gain":0.0,"max_hp_loss":0.0,"gold_gain":50.0,"event_name":"Nest","player_choice":"Stole From Cult","floor":21.0,"gold_loss":0.0,"damage_taken":0.0},{"damage_healed":0.0,"max_hp_gain":0.0,"max_hp_loss":0.0,"gold_gain":0.0,"event_name":"Accursed Blacksmith","player_choice":"Forge","floor":22.0,"gold_loss":0.0,"damage_taken":0.0,"cards_upgraded":["Envenom"]},{"cards_removed":["Dodge and Roll"],"damage_healed":0.0,"max_hp_gain":0.0,"max_hp_loss":0.0,"gold_gain":0.0,"event_name":"Falling","player_choice":"Removed Skill","floor":36.0,"gold_loss":0.0,"damage_taken":0.0},{"damage_healed":0.0,"max_hp_gain":0.0,"max_hp_loss":3.0,"gold_gain":0.0,"event_name":"Winding Halls","player_choice":"Max HP","floor":39.0,"gold_loss":0.0,"damage_taken":0.0}],"is_beta":false,"boss_relics":[{"not_picked":["Snecko Eye","Coffee Dripper"],"picked":"Empty Cage"},{"not_picked":["Philosopher\u0027s Stone","Tiny House"],"picked":"Calling Bell"}],"items_purged_floors":[29],"is_endless":false,"potions_floor_spawned":[3,10,24,28,35,38,48],"killed_by":"Awakened One","ascension_level":20}}