{"host":"c83fcgyuu74iknko","time":1613269740,"event":{"mods":["BaseMod","Colored Map","Colored Powertips","Minty Spire (QoL Compilation)","Quick Restart","StSLib","The Animator","The Senshi"],"gold_per_floor":[115,115,130,17,17,52,52,63,63,63,88,121,140,159,159,159,159],"floor_reached":16,"language":"ENG","playtime":517,"items_purged":["theSenshi:RoseThrow"],"score":144,"play_id":"59669b76-43ab-4f16-8566-c92b183c3f31","local_time":"20210213182900","is_ascension_mode":true,"campfire_choices":[{"floor":15,"key":"REST"}],"circlet_count":0,"master_deck":["theSenshi:SailorKick","theSenshi:SailorKick","theSenshi:SailorKick+1","theSenshi:SailorKick+1","theSenshi:SailorBlock","theSenshi:SailorBlock","theSenshi:SailorBlock","theSenshi:MoonPrismPowerMakeUp","theSenshi:MoonPunch","theSenshi:MoonCosmicPowerMakeUp+1","theSenshi:MoonsReflection","theSenshi:MoonTiaraMagic","theSenshi:MoonsReflection","theSenshi:MoonHealingEscalation"],"relics":["theSenshi:TransformationBroochRelic","NeowsBlessing","Vajra","Mummified Hand","Golden Idol","Shovel"],"acts_visited":["Exordium"],"potions_floor_usage":[14],"damage_taken":[{"damage":0,"enemies":"Cultist","floor":1,"turns":1},{"damage":0,"enemies":"Small Slimes","floor":3,"turns":1},{"damage":0,"enemies":"Lagavulin","floor":6,"turns":1},{"damage":7,"enemies":"2 Louse","floor":8,"turns":3},{"damage":3,"enemies":"2 Fungi Beasts","floor":11,"turns":3},{"damage":20,"enemies":"Gremlin Nob","floor":12,"turns":4},{"damage":0,"enemies":"3 Louse","floor":13,"turns":2},{"damage":10,"enemies":"Exordium Wildlife","floor":14,"turns":4},{"damage":54,"enemies":"Hexaghost","floor":16,"turns":14}],"seed_played":"909353316886017541","potions_obtained":[{"floor":1,"key":"SpeedPotion"},{"floor":6,"key":"EssenceOfSteel"},{"floor":12,"key":"Energy Potion"},{"floor":14,"key":"Ancient Potion"}],"is_trial":false,"path_per_floor":["M","?","M","$","?","E","?","M","T","?","M","E","M","M","R","B"],"character_chosen":"THE_SENSHI","items_purchased":["theSenshi:MoonCosmicPowerMakeUp"],"campfire_rested":1,"item_purchase_floors":[4],"current_hp_per_floor":[75,60,60,60,60,60,60,53,53,35,32,12,12,2,24,0,0],"gold":159,"neow_bonus":"THREE_ENEMY_KILL","is_daily":false,"chose_seed":false,"campfire_upgraded":0,"win_rate":0.0,"timestamp":1613269740,"path_taken":["M","?","M","$","?","E","?","?","T","?","M","E","M","M","R","BOSS"],"items_purchased_type":["Card"],"build_version":"2020-12-22","purchased_purges":1,"victory":false,"max_hp_per_floor":[75,75,75,75,75,75,75,75,75,75,75,75,75,75,75,75,75],"card_choices":[{"not_picked":["theSenshi:SailorChibiMoonAssists","theSenshi:LunasBite"],"picked":"theSenshi:MoonPunch","floor":1},{"not_picked":["theSenshi:EncouragingSpeech","theSenshi:SailorMarsAssists","theSenshi:MarsPride"],"picked":"SKIP","floor":3},{"not_picked":["theSenshi:SailorMarsAssists","theSenshi:SailorJupiterAssists"],"picked":"theSenshi:MoonsReflection","floor":6},{"not_picked":["theSenshi:SailorPlanetPower","theSenshi:UranusStrength"],"picked":"theSenshi:MoonTiaraMagic","floor":8},{"not_picked":["theSenshi:FatedKiss","theSenshi:VenusGlamour"],"picked":"theSenshi:MoonsReflection","floor":11},{"not_picked":["theSenshi:TuxedoMaskAssists","theSenshi:SailorMarsAssists","theSenshi:SailorJupiterAssists"],"picked":"SKIP","floor":12},{"not_picked":["theSenshi:SailorNeptuneAssists","theSenshi:EncouragingSpeech","theSenshi:LateForSchool"],"picked":"SKIP","floor":13},{"not_picked":["theSenshi:SailorCosmosAssists","theSenshi:MoonPunch"],"picked":"theSenshi:MoonHealingEscalation","floor":14}],"player_experience":251604,"relics_obtained":[{"floor":6,"key":"Vajra"},{"floor":9,"key":"Mummified Hand"},{"floor":12,"key":"Shovel"}],"event_choices":[{"damage_healed":0,"gold_gain":0,"player_choice":"Entered Light","damage_taken":15,"max_hp_gain":0,"max_hp_loss":0,"event_name":"Shining Light","floor":2,"gold_loss":0,"cards_upgraded":["theSenshi:SailorKick","theSenshi:SailorKick"]},{"damage_healed":0,"gold_gain":0,"player_choice":"Grow","damage_taken":0,"max_hp_gain":0,"max_hp_loss":0,"event_name":"Living Wall","floor":5,"gold_loss":0,"cards_upgraded":["theSenshi:MoonCosmicPowerMakeUp"]},{"cards_removed":["theSenshi:SailorBlock"],"damage_healed":0,"gold_gain":0,"player_choice":"Offered Basic","damage_taken":0,"max_hp_gain":0,"max_hp_loss":0,"event_name":"Bonfire Elementals","floor":7,"gold_loss":0},{"damage_healed":0,"gold_gain":0,"player_choice":"Take Damage","damage_taken":18,"relics_obtained":["Golden Idol"],"max_hp_gain":0,"max_hp_loss":0,"event_name":"Golden Idol","floor":10,"gold_loss":0}],"is_beta":false,"boss_relics":[],"items_purged_floors":[4],"is_endless":false,"potions_floor_spawned":[1,6,12,14],"killed_by":"Hexaghost","ascension_level":1}}