{"host":"tzz1a4lp7gkxiavd","time":1613276089,"event":{"mods":["BaseMod","KomeijiMod","Minty Spire (QoL Compilation)","Youmu£¨»êÆÇÑýÃÎ£©","¡¾¹¦ÄÜMod¡¿Neow½±Àø"],"gold_per_floor":[171,246,246,246,270,235,235,271,271,271,302,316,335,350,350,474,474,474,474],"floor_reached":18,"language":"ZHS","playtime":687,"items_purged":[],"score":195,"play_id":"27adead2-84a3-4f3d-983f-731d700cd2f1","local_time":"20210214121449","is_ascension_mode":false,"campfire_choices":[{"data":"DemonsDinnerFork_Remiria","floor":7,"key":"SMITH"},{"floor":10,"key":"REST"},{"data":"AllTheWorldInNightmare","floor":15,"key":"SMITH"}],"circlet_count":0,"master_deck":["Strike_Remiria+1","Strike_Remiria+1","Strike_Remiria","Defend_Remirira","Defend_Remirira","Defend_Remirira","Defend_Remirira","Absorbed","Scratch","DemonsDinnerFork_Remiria+1","AllTheWorldInNightmare+1","BloodyMagicSquare","BodyStrengthen","TricksterDevil","BodyStrengthen","QueenOfMidnight"],"relics":["Runic Pyramid","Golden Idol","Pen Nib","PreservedInsect","Whetstone","Black Star"],"acts_visited":["Exordium","TheCity"],"potions_floor_usage":[8,11],"damage_taken":[{"damage":6,"enemies":"Jaw Worm","floor":1,"turns":3},{"damage":0,"enemies":"Small Slimes","floor":5,"turns":3},{"damage":19,"enemies":"Gremlin Nob","floor":8,"turns":5},{"damage":0,"enemies":"3 Sentries","floor":11,"turns":2},{"damage":6,"enemies":"2 Louse","floor":12,"turns":2},{"damage":6,"enemies":"Blue Slaver","floor":13,"turns":4},{"damage":13,"enemies":"Red Slaver","floor":14,"turns":4},{"damage":41,"enemies":"Hexaghost","floor":16,"turns":8},{"damage":0,"enemies":"3 Byrds","floor":18,"turns":1}],"seed_played":"871310492854066593","potions_obtained":[{"floor":1,"key":"Weak Potion"},{"floor":8,"key":"AttackPotion"},{"floor":11,"key":"BlessingOfTheForge"},{"floor":13,"key":"Explosive Potion"}],"is_trial":false,"path_per_floor":["M","?","?","?","M","?","R","E","T","R","E","M","M","M","R","B",null,"M"],"character_chosen":"RemiriaScarlet","items_purchased":[],"campfire_rested":1,"item_purchase_floors":[],"current_hp_per_floor":[94,83,58,58,58,83,83,64,64,94,94,88,82,69,69,29,100,100,100],"gold":474,"neow_bonus":"BOSS_RELIC","is_daily":false,"chose_seed":false,"campfire_upgraded":2,"win_rate":0.0,"timestamp":1613276089,"path_taken":["M","?","?","?","?","?","R","E","T","R","E","M","M","M","R","BOSS","M"],"items_purchased_type":[],"build_version":"2020-12-22","purchased_purges":0,"victory":false,"max_hp_per_floor":[100,100,100,100,100,100,100,100,100,100,100,100,100,100,100,100,100,100,100],"card_choices":[{"not_picked":["Cripple","DemonLordWalk","LifeBreak"],"picked":"SKIP","floor":1},{"not_picked":["PainBurst","ScarletNetherworld","Warpath"],"picked":"SKIP","floor":5},{"not_picked":["ThePrice","CruelSlaughter"],"picked":"AllTheWorldInNightmare","floor":8},{"not_picked":["BloodCleaner","FierceSweep"],"picked":"BloodyMagicSquare","floor":11},{"not_picked":["BloodCollect","BloodySuit"],"picked":"BodyStrengthen","floor":12},{"not_picked":["BathedInBlood","Culling"],"picked":"TricksterDevil","floor":13},{"not_picked":["DamonLordCradle_Remiria","FierceSweep"],"picked":"BodyStrengthen","floor":14},{"not_picked":["Coercion","Reaper_Remiria"],"picked":"QueenOfMidnight","floor":16}],"player_experience":115888,"relics_obtained":[{"floor":8,"key":"Pen Nib"},{"floor":9,"key":"PreservedInsect"},{"floor":11,"key":"Whetstone"}],"event_choices":[{"damage_healed":0,"gold_gain":75,"player_choice":"Gather Gold","damage_taken":11,"max_hp_gain":0,"max_hp_loss":0,"event_name":"World of Goop","floor":2,"gold_loss":0},{"damage_healed":0,"gold_gain":0,"player_choice":"Take Damage","damage_taken":25,"relics_obtained":["Golden Idol"],"max_hp_gain":0,"max_hp_loss":0,"event_name":"Golden Idol","floor":3,"gold_loss":0},{"damage_healed":0,"gold_gain":0,"cards_transformed":["Strike_Remiria"],"player_choice":"Change","damage_taken":0,"max_hp_gain":0,"max_hp_loss":0,"event_name":"Living Wall","floor":4,"gold_loss":0,"cards_obtained":["DemonsDinnerFork_Remiria"]},{"damage_healed":25,"gold_gain":0,"player_choice":"Healed","damage_taken":0,"max_hp_gain":0,"max_hp_loss":0,"event_name":"The Cleric","floor":6,"gold_loss":35}],"is_beta":false,"boss_relics":[{"not_picked":["Runic Dome","Snecko Eye"],"picked":"Black Star"}],"items_purged_floors":[],"is_endless":false,"potions_floor_spawned":[1,8,11,13],"killed_by":"3 Byrds","ascension_level":0}}