{"host":"btkbr53c3gip0r7d","time":1613289213,"event":{"mods":["BaseMod","Better Altar","Better Match","Better Note","Better Sensory Stone","Better Skull","Better Third Choice","Colored Map","Curses Come First","Downfall","Minty Spire (QoL Compilation)","StSLib","The Cursed","The Marked"],"gold_per_floor":[99,111,128,228,503,514,514,533,294,329,353,353,353,380,399,504,504,504,516,526,557,191,201,201,301,301,320,353,363,408,436,447,552,552,452,468,1467,1467,1392,1392,1416,1432,1461,774,793,793,841,869,889,889],"floor_reached":51,"language":"ENG","playtime":5278,"items_purged":["Regret","Slimebound:CorrosiveSpit","Normality"],"score":853,"play_id":"9fbba411-9edc-46a1-a74b-14e1d62b2f09","local_time":"20210214005333","is_ascension_mode":true,"campfire_choices":[{"data":"Slimebound:Split","floor":1.0,"key":"SMITH"},{"data":"Slimebound:DivideAndConquer","floor":13.0,"key":"PURGE"},{"data":"Slimebound:SelfFormingGoo","floor":18.0,"key":"PURGE"},{"data":"Slimebound:SlimeBrawl","floor":26.0,"key":"PURGE"},{"data":"Slimebound:Darklings","floor":35.0,"key":"PURGE"},{"data":"Slimebound:OneTwoCombo","floor":40,"key":"PURGE"},{"data":"expansioncontent:DashGenerateEvil","floor":46,"key":"SMITH"}],"circlet_count":0,"master_deck":["Slimebound:Strike_Slimebound","Slimebound:Strike_Slimebound","Slimebound:Strike_Slimebound","Slimebound:Tackle","Slimebound:Defend_Slimebound","Slimebound:Defend_Slimebound","Slimebound:Defend_Slimebound","Slimebound:Defend_Slimebound","Slimebound:Split+1","Slimebound:ForwardTackle","Slimebound:Chomp","Slimebound:SplitBruiser","Slimebound:SlimeBrawl","Slimebound:Prepare","Slimebound:RejuvenatingLick+1","Slimebound:FormOfPuddle","Slimebound:Split","Slimebound:SamplingLick","Slimebound:Equalize","Swift Strike","Slimebound:SamplingLick","Slimebound:Repurpose","Slimebound:SlimeTap","Slimebound:Recycling","Dark Shackles","Master of Strategy","Slimebound:Teamwork+1","Jack Of All Trades+1","Slimebound:SplitSpecialist+1","Slimebound:Recollect","expansioncontent:Chronoboost","expansioncontent:DashGenerateEvil+1","Slimebound:MegaLick+1","Slimebound:Prepare+1"],"relics":["Slimebound:AbsorbEndCombat","Mummified Hand","Slimebound:AggressiveSlimeRelic","Omamori","Slimebound:ScrapOozeRelic","StrikeDummy","sneckomod:SneckoTalon","Red Mask","Gremlin Horn","Meat on the Bone","downfall:GremlinSack","Boot","Bag of Preparation","Vajra","bronze:MakeshiftBattery","downfall:HeartBlessingGreen","Bronze Scales","Happy Flower","CaptainsWheel","TheAbacus","Pocketwatch","Regal Pillow"],"acts_visited":["Exordium","TheCity","TheBeyond"],"potions_floor_usage":[43,45,48],"damage_taken":[{"damage":1.0,"enemies":"Cultist","floor":2.0,"turns":3.0},{"damage":10.0,"enemies":"Small Slimes","floor":3.0,"turns":3.0},{"damage":8.0,"enemies":"Jaw Worm","floor":6.0,"turns":4.0},{"damage":8.0,"enemies":"Large Slime","floor":8.0,"turns":5.0},{"damage":10.0,"enemies":"downfall:FleeingMerchant","floor":9.0,"turns":4.0},{"damage":25.0,"enemies":"Lagavulin","floor":10.0,"turns":5.0},{"damage":17.0,"enemies":"Gremlin Nob","floor":14.0,"turns":3.0},{"damage":7.0,"enemies":"Exordium Thugs","floor":15.0,"turns":3.0},{"damage":5.0,"enemies":"SI_SHIV_ARCHETYPE","floor":16.0,"turns":4.0},{"damage":12.0,"enemies":"downfall:LooterAlt2","floor":19.0,"turns":3.0},{"damage":2.0,"enemies":"Chosen","floor":20.0,"turns":3.0},{"damage":8.0,"enemies":"Masked Bandits","floor":21.0,"turns":3.0},{"damage":21.0,"enemies":"downfall:FleeingMerchant","floor":22.0,"turns":4.0},{"damage":1.0,"enemies":"Snecko","floor":23.0,"turns":3.0},{"damage":11.0,"enemies":"Snecko","floor":25.0,"turns":3.0},{"damage":3.0,"enemies":"Centurion and Healer","floor":27.0,"turns":3.0},{"damage":2.0,"enemies":"Gremlin Leader","floor":28.0,"turns":5.0},{"damage":0.0,"enemies":"Snake Plant","floor":29.0,"turns":3.0},{"damage":27.0,"enemies":"Slavers","floor":31.0,"turns":5.0},{"damage":16.0,"enemies":"Snecko","floor":32.0,"turns":3.0},{"damage":24.0,"enemies":"WA_ARCHETYPE_CALM","floor":33.0,"turns":5.0},{"damage":0.0,"enemies":"Orb Walker","floor":36.0,"turns":2.0},{"damage":4,"enemies":"3 Shapes","floor":42,"turns":3},{"damage":12,"enemies":"Reptomancer","floor":43,"turns":5},{"damage":2,"enemies":"downfall:FleeingMerchant","floor":44,"turns":4},{"damage":0,"enemies":"Sphere and 2 Shapes","floor":45,"turns":2},{"damage":0,"enemies":"2 Orb Walkers","floor":47,"turns":3},{"damage":0,"enemies":"Giant Head","floor":48,"turns":5},{"damage":1,"enemies":"3 Darklings","floor":49,"turns":3},{"damage":43,"enemies":"DF_ARCHETYPE_ORBS","floor":50,"turns":7}],"seed_played":"-1777683600033882186","potions_obtained":[{"floor":8.0,"key":"ColorlessPotion"},{"floor":10.0,"key":"hexamod:SoulburnPotion"},{"floor":15.0,"key":"SteroidPotion"},{"floor":16.0,"key":"Slimebound:SlimedPotion"},{"floor":19.0,"key":"Strength Potion"},{"floor":20.0,"key":"sneckomod:MuddlingPotion"},{"floor":23.0,"key":"champ:CounterPotion"},{"floor":28.0,"key":"Dexterity Potion"},{"floor":31.0,"key":"LiquidBronze"},{"floor":32.0,"key":"BlessingOfTheForge"},{"floor":42,"key":"SpeedPotion"},{"floor":43,"key":"SmokeBomb"},{"floor":45,"key":"hexamod:SoulburnPotion"},{"floor":48,"key":"Slimebound:ThreeZeroPotion"}],"is_trial":false,"path_per_floor":["R","M","M","?","?","M","T","M","$","E","T","?","R","E","M","B",null,"R","M","M","?","$","M","T","?","R","M","E","M","T","E","M","B",null,"R","M","?","?","?","R","T","M","E","$","M","R","?","E","M","B",null],"character_chosen":"SLIMEBOUND","items_purchased":["Lantern","Gremlin Horn","CaptainsWheel","Slimebound:Recollect","expansioncontent:Chronoboost","PowerPotion","TheAbacus","expansioncontent:DashGenerateEvil","LiquidMemories"],"campfire_rested":0,"item_purchase_floors":[9,22,44,44,44,44,44,44,44],"current_hp_per_floor":[71,71,63,63,63,59,59,53,51,28,28,28,28,11,6,1,71,71,59,61,57,44,45,45,38,38,49,63,67,67,54,46,46,71,71,71,71,71,71,71,71,69,69,71,71,71,71,71,71,41],"gold":889,"neow_bonus":"TEN_PERCENT_HP_BONUS","is_daily":false,"chose_seed":false,"campfire_upgraded":2,"win_rate":0.0,"timestamp":1613289213,"path_taken":["R","M","M","?","?","M","T","?","$","E","?","?","R","E","M","BOSS","R","M","M","?","$","M","T","?","R","?","E","M","?","E","M","BOSS","R","M","?","?","?","R","T","?","E","$","M","R","?","E","M","BOSS"],"items_purchased_type":["Relic","Relic","Relic","Card","Card","Potion","Relic","Card","Potion"],"build_version":"2020-12-22","purchased_purges":3,"victory":true,"max_hp_per_floor":[71,71,71,71,71,71,71,71,71,71,71,71,71,71,71,71,71,71,71,71,71,71,71,71,71,71,71,71,71,71,71,71,71,71,71,71,71,71,71,71,71,71,71,71,71,71,71,71,71,71],"card_choices":[{"not_picked":["Slimebound:SamplingLick","Slimebound:GoopTackle","Slimebound:RollThrough"],"picked":"SKIP","floor":2.0},{"not_picked":["Slimebound:Prepare","Slimebound:ItLooksTasty"],"picked":"Slimebound:SlimeBrawl","floor":3.0},{"not_picked":["Slimebound:SlimeSpikes","Slimebound:AcidTongue"],"picked":"Slimebound:ForwardTackle","floor":6.0},{"not_picked":["Slimebound:HauntingLick","Slimebound:ViciousTackle"],"picked":"Slimebound:Chomp","floor":8.0},{"not_picked":["Slimebound:Prepare","Slimebound:SplitLeeching"],"picked":"Slimebound:DivideAndConquer","floor":9.0},{"not_picked":["Slimebound:GoopTackle","Slimebound:Prepare"],"picked":"Slimebound:SplitBruiser","floor":10.0},{"not_picked":["Slimebound:PressTheAttack","Slimebound:Grow"],"picked":"Slimebound:SlimeBrawl","floor":14.0},{"not_picked":["Slimebound:GoopSpray","Slimebound:GoopTackle"],"picked":"Slimebound:Prepare","floor":15.0},{"not_picked":["Slimebound:DouseInSlime","Slimebound:LeechLife"],"picked":"Slimebound:SelfFormingGoo","floor":16.0},{"not_picked":["Slimebound:TongueLash+1","Slimebound:SplitLeeching"],"picked":"Slimebound:RejuvenatingLick+1","floor":19.0},{"not_picked":["Slimebound:RollThrough+1","Slimebound:SplitMire","Slimebound:GoopSpray"],"picked":"SKIP","floor":20.0},{"not_picked":["Slimebound:SlimeBrawl","Slimebound:FlameTackle+1"],"picked":"Slimebound:FormOfPuddle","floor":21.0},{"not_picked":["Slimebound:LivingWall+1","Slimebound:DisruptingSlam+1","Slimebound:ItLooksTasty"],"picked":"SKIP","floor":22.0},{"not_picked":["Slimebound:GoopTackle","Slimebound:RollThrough","Slimebound:TongueLash"],"picked":"SKIP","floor":23.0},{"not_picked":["Slimebound:PressTheAttack","Slimebound:SplitAcid"],"picked":"Slimebound:SamplingLick","floor":27.0},{"not_picked":["Slimebound:GoopSpray+1","Slimebound:SlimeBrawl","Slimebound:RollThrough"],"picked":"SKIP","floor":28.0},{"not_picked":["Slimebound:ComboTackle","Slimebound:LeechEnergy"],"picked":"Slimebound:Darklings","floor":29.0},{"not_picked":["Slimebound:SplitMire","Slimebound:GoopTackle"],"picked":"Slimebound:Repurpose","floor":31.0},{"not_picked":["Slimebound:SplitSpecialist","Slimebound:AcidTongue"],"picked":"Slimebound:SlimeTap","floor":32.0},{"not_picked":["Slimebound:MassRepurpose","Slimebound:WasteNot"],"picked":"Slimebound:Recycling","floor":33.0},{"not_picked":["Slimebound:RollThrough","Slimebound:PressTheAttack","Slimebound:GoopSpray+1"],"picked":"SKIP","floor":36.0},{"not_picked":["Flash of Steel","Sadistic Nature"],"picked":"Dark Shackles","floor":38.0},{"not_picked":["Purity","Thinking Ahead"],"picked":"Master of Strategy","floor":38.0},{"not_picked":["Slimebound:TagTeam+1","Slimebound:MassRepurpose+1"],"picked":"Slimebound:Teamwork+1","floor":39},{"not_picked":["Dramatic Entrance+1","Flash of Steel+1"],"picked":"Jack Of All Trades+1","floor":39},{"not_picked":["Slimebound:BestDefense+1","Slimebound:FinishingTackle","Slimebound:Nibble"],"picked":"SKIP","floor":42},{"not_picked":["Slimebound:Dissolve","Slimebound:GoopTackle+1","Slimebound:SplitLeeching"],"picked":"SKIP","floor":43},{"not_picked":["Slimebound:Schlurp","Slimebound:SplitLeeching+1"],"picked":"Slimebound:SplitSpecialist+1","floor":44},{"not_picked":["Slimebound:MassFeed","Slimebound:HauntingLick"],"picked":"Slimebound:MegaLick+1","floor":45},{"not_picked":["Slimebound:Dissolve","Slimebound:DivideAndConquer+1"],"picked":"Slimebound:Prepare+1","floor":47},{"not_picked":["Slimebound:GoopTackle","Slimebound:SlimeSpikes+1","Slimebound:SpikyOuterGoop+1"],"picked":"SKIP","floor":48},{"not_picked":["Slimebound:RejuvenatingLick","Slimebound:Prepare+1","Slimebound:HauntingLick"],"picked":"SKIP","floor":49}],"player_experience":1428210,"relics_obtained":[{"floor":7.0,"key":"Mummified Hand"},{"floor":10.0,"key":"Slimebound:AggressiveSlimeRelic"},{"floor":11.0,"key":"Omamori"},{"floor":14.0,"key":"StrikeDummy"},{"floor":21.0,"key":"Red Mask"},{"floor":24.0,"key":"Meat on the Bone"},{"floor":25.0,"key":"downfall:GremlinSack"},{"floor":28.0,"key":"Boot"},{"floor":30.0,"key":"Bag of Preparation"},{"floor":31.0,"key":"Vajra"},{"floor":41,"key":"Bronze Scales"},{"floor":43,"key":"Happy Flower"},{"floor":47,"key":"Pocketwatch"},{"floor":48,"key":"Regal Pillow"}],"event_choices":[{"damage_healed":0.0,"max_hp_gain":0.0,"max_hp_loss":0.0,"gold_gain":0.0,"event_name":"Masked Bandits","player_choice":"Fought Bandits","floor":21.0,"gold_loss":0.0,"damage_taken":0.0},{"damage_healed":0.0,"max_hp_gain":0.0,"max_hp_loss":0.0,"gold_gain":3.0,"event_name":"betterStone:BetterStone","player_choice":"1","floor":38.0,"gold_loss":0.0,"damage_taken":0.0},{"damage_healed":0,"gold_gain":0,"player_choice":"2","damage_taken":0,"max_hp_gain":0,"max_hp_loss":0,"event_name":"betterMatch:BetterMatch","floor":39,"gold_loss":0,"cards_obtained":["betterMatch:RareCard","betterMatch:ColorlessUncommonCard"]},{"damage_healed":0,"gold_gain":0,"player_choice":"Fight","damage_taken":0,"max_hp_gain":0,"max_hp_loss":0,"event_name":"Mysterious Sphere","floor":47,"gold_loss":0}],"is_beta":false,"boss_relics":[{"not_picked":["SlaversCollar","Coffee Dripper"],"picked":"sneckomod:SneckoTalon"},{"not_picked":["SacredBark","Empty Cage"],"picked":"bronze:MakeshiftBattery"}],"items_purged_floors":[9,22,44],"is_endless":false,"potions_floor_spawned":[8,10,15,16,19,20,23,28,31,32,42,43,45,48],"ascension_level":2}}