{"host":"2no1vwhhkhf0ohz3","time":1613321438,"event":{"mods":["AchievementEnabler","BaseMod","BetterRewards","Colored Map","DeckTracker","Keyboard Shortcuts","Minty Spire (QoL Compilation)","SuperFastMode"],"gold_per_floor":[118,118,189,189,209,209,237,250,299,315,327,344,269,282,282,282,282],"floor_reached":16,"language":"KOR","playtime":362,"items_purged":["Defend_R"],"score":219,"play_id":"f6762109-9dff-4dcf-b487-04e337e7bd6c","local_time":"20210215015038","is_ascension_mode":true,"campfire_choices":[{"data":"Evolve","floor":6,"key":"SMITH"},{"data":"Pommel Strike","floor":15,"key":"SMITH"}],"circlet_count":0,"master_deck":["AscendersBane","Strike_R","Strike_R","Strike_R","Defend_R","Defend_R","Defend_R","Bash","Evolve+1","Dropkick","Feed","Burning Pact","Shrug It Off","Flame Barrier","Body Slam","Sentinel","Pommel Strike+1","Second Wind"],"relics":["Burning Blood","NeowsBlessing","Letter Opener","Champion Belt","Pen Nib"],"acts_visited":["Exordium"],"potions_floor_usage":[14,16,16,16,16],"damage_taken":[{"damage":0,"enemies":"Cultist","floor":1,"turns":1},{"damage":0,"enemies":"Jaw Worm","floor":5,"turns":1},{"damage":0,"enemies":"3 Sentries","floor":7,"turns":2},{"damage":1,"enemies":"2 Louse","floor":8,"turns":5},{"damage":9,"enemies":"Exordium Thugs","floor":10,"turns":6},{"damage":16,"enemies":"Red Slaver","floor":11,"turns":5},{"damage":25,"enemies":"Lots of Slimes","floor":12,"turns":5},{"damage":21,"enemies":"3 Louse","floor":14,"turns":6},{"damage":38,"enemies":"Hexaghost","floor":16,"turns":11}],"seed_played":"5392167622356075501","potions_obtained":[{"floor":7,"key":"EntropicBrew"},{"floor":11,"key":"Swift Potion"},{"floor":12,"key":"Block Potion"},{"floor":14,"key":"BloodPotion"}],"is_trial":false,"path_per_floor":["M","?","T","?","M","R","E","M","T","M","M","M","$","M","R","B"],"character_chosen":"IRONCLAD","items_purchased":[],"campfire_rested":0,"item_purchase_floors":[],"current_hp_per_floor":[78,78,78,78,80,80,83,86,86,86,76,60,60,67,67,29,29],"gold":282,"neow_bonus":"THREE_ENEMY_KILL","is_daily":false,"chose_seed":false,"campfire_upgraded":2,"win_rate":0.0,"timestamp":1613321438,"path_taken":["M","?","?","?","?","R","E","M","T","M","M","M","?","M","R","BOSS"],"items_purchased_type":[],"build_version":"2020-12-22","purchased_purges":1,"victory":false,"max_hp_per_floor":[80,80,80,80,80,80,83,86,86,89,89,92,92,95,95,95,95],"card_choices":[{"not_picked":["Thunderclap","Rupture"],"picked":"Evolve","floor":1},{"not_picked":["Clothesline","Warcry"],"picked":"Burning Pact","floor":5},{"not_picked":["Havoc","Cleave"],"picked":"Shrug It Off","floor":7},{"not_picked":["Thunderclap","Iron Wave"],"picked":"Flame Barrier","floor":8},{"not_picked":["Havoc","Sentinel"],"picked":"Body Slam","floor":10},{"not_picked":["Reckless Charge","Combust"],"picked":"Sentinel","floor":11},{"not_picked":["Reckless Charge","Perfected Strike"],"picked":"Pommel Strike","floor":12},{"not_picked":["Wild Strike","Sever Soul"],"picked":"Second Wind","floor":14}],"player_experience":295320,"relics_obtained":[{"floor":3,"key":"Letter Opener"},{"floor":7,"key":"Champion Belt"},{"floor":9,"key":"Pen Nib"}],"event_choices":[{"damage_healed":0,"gold_gain":0,"cards_transformed":["Strike_R"],"player_choice":"Change","damage_taken":0,"max_hp_gain":0,"max_hp_loss":0,"event_name":"Living Wall","floor":2,"gold_loss":0,"cards_obtained":["Dropkick"]},{"damage_healed":0,"gold_gain":0,"cards_transformed":["Strike_R"],"player_choice":"Transformed","damage_taken":0,"max_hp_gain":0,"max_hp_loss":0,"event_name":"Transmorgrifier","floor":4,"gold_loss":0,"cards_obtained":["Feed"]}],"is_beta":false,"boss_relics":[],"items_purged_floors":[13],"is_endless":false,"potions_floor_spawned":[7,11,12,14],"killed_by":"Hexaghost","ascension_level":10}}