{"host":"92wx9z21c4p52du4","time":1613324161,"event":{"mods":["Act Like it!","Bard","BaseMod","ChefMod","Elementarium","Evolution","GungeonMod","Hallownest","Infinite Spire","Minty Spire (QoL Compilation)","QueenMod","Relic Stats","Reliquary","StSLib","SuperFastMode","The Blue Laboratory","The Bug Knight","The Disciple","The Hierophant","The Runesmith","TheSurvivalist"],"gold_per_floor":[116,127,143,0,0,0,0,26,26,26,26,26,52,69,69,165,165,181,45,45,45,64,91,91,120,144,160,412,424,424,424,424,520,520,532,278,298,0,11,11,41,41,118,192,210,210,220,240,240,340,340,350,350,350,348,908,908,916,930,930,936,671,671,671,665,665,740,740,731,717,642,642,629,629,618,618,689,705,702,702,698,698,698,791,791,781,706,703,732,720,720,713,628,651,650,641,461,461,461,461,529,529,528,520,48,39,30,30,56,56,81,81,170,170,169,124,121,106,147,147,145,145,225,225,222,142,142,136,136,202,202,181,181,181,182,182,193,193,193,193,171,207,207,199,190,190,2,2],"floor_reached":147,"language":"ENG","playtime":11747,"items_purged":["HollowMod:QuickDashStart","Hallownest:curseDreamersLament","HollowMod:CycloneSlash","Regret","Injury","HollowMod:CycloneSlash","Decay","HollowMod:ChannelNail","Pain","Injury"],"score":3444,"play_id":"264aaaad-54df-409d-936c-c6008c9f448b","local_time":"20210214113601","is_ascension_mode":false,"campfire_choices":[{"data":"HollowMod:SiblingsSouls","floor":6.0,"key":"SMITH"},{"data":"HollowMod:HornetsHelp","floor":10.0,"key":"SMITH"},{"data":"HollowMod:CornifersMapStart","floor":15.0,"key":"SMITH"},{"data":"HollowMod:BaldurShell","floor":32.0,"key":"SMITH"},{"data":"HollowMod:ChannelNail","floor":40.0,"key":"SMITH"},{"data":"HollowMod:LifebloodCore","floor":42.0,"key":"SMITH"},{"data":"HollowMod:HerrahsAnger","floor":49.0,"key":"SMITH"},{"data":"infinitespire:Collect","floor":57.0,"key":"SMITH"},{"data":"HollowMod:AwokenDreamNail","floor":64.0,"key":"SMITH"},{"data":"HollowMod:NewLastStag","floor":66.0,"key":"SMITH"},{"data":"DemoMod:Deposit","floor":74.0,"key":"SMITH"},{"data":"infinitespire:Oblivion","floor":83.0,"key":"SMITH"},{"data":"HollowMod:FocusHealStart","floor":91.0,"key":"SMITH"},{"data":"Hallownest:skillKingdomsEdgeMap","floor":100,"key":"SMITH"},{"data":"HollowMod:Weaversong","floor":120,"key":"SMITH"},{"data":"HollowMod:CycloneSlash","floor":122,"key":"SMITH"},{"data":"infinitespire:NeuralNetwork","floor":124,"key":"SMITH"},{"data":"infinitespire:Fortify","floor":129,"key":"SMITH"},{"data":"Hallownest:skillCityofTearsMap","floor":138,"key":"SMITH"},{"data":"HollowMod:CloakDash","floor":143,"key":"SMITH"},{"data":"HollowMod:DoubleDash","floor":146,"key":"SMITH"}],"circlet_count":3,"master_deck":["HollowMod:CycloneSlash+1","HollowMod:CycloneSlash+1","HollowMod:DoubleDash+1","HollowMod:FocusHealStart+1","HollowMod:PogoStrike+1","HollowMod:HornetsHelp+1","HollowMod:SiblingsSouls+1","HollowMod:CornifersMapStart+1","HollowMod:BaldurShell+1","HollowMod:LifebloodCore+1","HollowMod:ChannelNail+1","HollowMod:Weaversong+1","HollowMod:NewLittleFool","CurseOfTheBell","HollowMod:HerrahsAnger+1","HollowMod:CycloneSlash+1","HollowMod:NewLastStag+1","HollowMod:SoulStrike+1","HollowMod:ChannelNail+1","HollowMod:AwokenDreamNail+1","infinitespire:Collect+1","DemoMod:Deposit+1","Purity","HollowMod:HuntersJournal+1","infinitespire:NeuralNetwork+1","infinitespire:Oblivion+1","Hallownest:skillKingdomsEdgeMap+1","HollowMod:MantisMark+1","Dramatic Entrance+1","HollowMod:Weaversong+1","HollowMod:CloakDash+1","Hallownest:skillCityofTearsMap+1","infinitespire:Fortify+1","Dramatic Entrance+1","Dramatic Entrance+1","Hallownest:curseDreamersLament"],"relics":["HollowMod:KingsSoulRelic","EVO:Axolotl","Membership Card","Unceasing Top","Nunchaku","Shuriken","StrikeDummy","Cursed Key","Bronze Scales","Red Mask","MealTicket","Hallownest:WatcherSealRelic","DemoMod:WhiteGuonStone","DemoMod:MemoryAlloy","Calling Bell","DemoMod:PoisonVial","reliquary:FeatherDuster","DemoMod:Antibody","Sozu","HandDrill","Kunai","Blue Candle","Letter Opener","DemoMod:BlueGuonStone","reliquary:WritOfMandamus","reliquary:WeakTea","HollowMod:KingsBrand","reliquary:Aerogel","Hallownest:DreamNailRelic","Coffee Dripper","DemoMod:ChaffGrenade","reliquary:RosewoodLute","ClockworkSouvenir","infinitespire:Midas Blood","Mango","Boot","Meat on the Bone","Hallownest:StagBellRelic1","reliquary:JackalopeAntler","Lizard Tail","Chemical X","Molten Egg 2","TungstenRod","Circlet","reliquary:SilkGlove","Pen Nib","Anchor","Runesmith:Nanobots","Matryoshka","reliquary:NewFriend","Hallownest:HeavyBlowRelic","infinitespire:BottledMercury","infinitespire:WardingShard","Hallownest:BeastSealRelic","reliquary:HotPoker","reliquary:OuijaBoard","Bag of Preparation"],"acts_visited":["Exordium","Hallownest:Greenpath","Hallownest:CityofTears","Hallownest:KingdomsEdge","Hallownest:Greenpath","Hallownest:CityofTears","Hallownest:KingdomsEdge","Hallownest:Greenpath","Hallownest:CityofTears"],"potions_floor_usage":[],"damage_taken":[{"damage":3.0,"enemies":"Hallownest:2_Tiktiks_and_1_Crawlid","floor":1.0,"turns":1.0},{"damage":3.0,"enemies":"Hallownest:monsterHuskWarrior","floor":2.0,"turns":4.0},{"damage":5.0,"enemies":"Hallownest:2_Baldur","floor":3.0,"turns":2.0},{"damage":4.0,"enemies":"Hallownest:eliteMossKnight","floor":8.0,"turns":11.0},{"damage":3.0,"enemies":"Hallownest:eliteVengeflyKing","floor":13.0,"turns":4.0},{"damage":5.0,"enemies":"Hallownest:Guard_and_Warrior","floor":14.0,"turns":3.0},{"damage":10.0,"enemies":"Hallownest:BossBrokenVessel","floor":16.0,"turns":8.0},{"damage":0.0,"enemies":"Hallownest:3_Youths","floor":18.0,"turns":4.0},{"damage":9.0,"enemies":"Hallownest:2_Mistakes","floor":22.0,"turns":3.0},{"damage":0.0,"enemies":"Hallownest:Nosk","floor":23.0,"turns":6.0},{"damage":12.0,"enemies":"Nightmare","floor":25.0,"turns":9.0},{"damage":0.0,"enemies":"Hallownest:monsterShrumalOgre","floor":27.0,"turns":5.0},{"damage":5.0,"enemies":"Hallownest:2_Husk_Sentries","floor":29.0,"turns":4.0},{"damage":20.0,"enemies":"Hallownest:BossGrimm","floor":33.0,"turns":7.0},{"damage":9.0,"enemies":"Hallownest:3_Siblings","floor":35.0,"turns":4.0},{"damage":0.0,"enemies":"Hallownest:Shield_Heavy","floor":37.0,"turns":4.0},{"damage":27.0,"enemies":"Hallownest:Shield_Sturdy","floor":39.0,"turns":3.0},{"damage":0.0,"enemies":"Hallownest:eliteCollector","floor":41.0,"turns":4.0},{"damage":2.0,"enemies":"Hallownest:2_Great","floor":45.0,"turns":3.0},{"damage":2.0,"enemies":"Hallownest:monsterPrimalAspid","floor":47.0,"turns":4.0},{"damage":12.0,"enemies":"Hallownest:Xero_Hu_Marmu","floor":48.0,"turns":5.0},{"damage":86.0,"enemies":"Hallownest:BossHollowKnight","floor":50.0,"turns":10.0},{"damage":0.0,"enemies":"2_ Uuma","floor":52.0,"turns":2.0},{"damage":0.0,"enemies":"Hallownest:2_Tiktiks_and_1_Crawlid","floor":55.0,"turns":2.0},{"damage":1.0,"enemies":"Hallownest:monsterHuskWarrior","floor":58.0,"turns":2.0},{"damage":1.0,"enemies":"Hallownest:eliteMossKnight","floor":59.0,"turns":3.0},{"damage":1.0,"enemies":"Hallownest:eliteVengeflyKing","floor":61.0,"turns":3.0},{"damage":0.0,"enemies":"Hallownest:Wandering_and_Horned","floor":65.0,"turns":4.0},{"damage":0.0,"enemies":"Hallownest:BossBrokenVessel","floor":67.0,"turns":5.0},{"damage":0.0,"enemies":"Hallownest:3_Youths","floor":69.0,"turns":3.0},{"damage":0.0,"enemies":"Hallownest:2_Mistakes","floor":70.0,"turns":3.0},{"damage":0.0,"enemies":"Hallownest:monsterMisterMushroom","floor":73.0,"turns":3.0},{"damage":0.0,"enemies":"Hallownest:Warrior_and_Youth","floor":75.0,"turns":3.0},{"damage":0.0,"enemies":"Hallownest:2_Flukemon","floor":78.0,"turns":3.0},{"damage":3.0,"enemies":"Hallownest:3_Mistakes","floor":79.0,"turns":5.0},{"damage":0.0,"enemies":"Nightmare","floor":81.0,"turns":6.0},{"damage":34.0,"enemies":"Hallownest:BossMantisLord","floor":84.0,"turns":3.0},{"damage":17.0,"enemies":"Hallownest:3_Siblings","floor":86.0,"turns":3.0},{"damage":11.0,"enemies":"Hallownest:Shield_Heavy","floor":88.0,"turns":2.0},{"damage":0.0,"enemies":"Hallownest:Shield_Heavy","floor":89.0,"turns":3.0},{"damage":0.0,"enemies":"Hallownest:Shield_Heavy","floor":89.0,"turns":2.0},{"damage":0.0,"enemies":"Hallownest:2_Soldiers_and_1_Guardian","floor":90.0,"turns":3.0},{"damage":31,"enemies":"Hallownest:eliteHiveKnight","floor":92,"turns":3},{"damage":8,"enemies":"Hallownest:StalkingDevout","floor":95,"turns":4},{"damage":5,"enemies":"Hallownest:monsterPrimalAspid","floor":96,"turns":2},{"damage":12,"enemies":"Hallownest:BossGreyPrinceZote","floor":101,"turns":3},{"damage":0,"enemies":"Hallownest:2_Baldur","floor":103,"turns":2},{"damage":0,"enemies":"Hallownest:monsterHuskWarrior","floor":104,"turns":2},{"damage":0,"enemies":"Hallownest:2_MossCreeps","floor":106,"turns":2},{"damage":0,"enemies":"Hallownest:Guard_and_Warrior","floor":107,"turns":2},{"damage":133,"enemies":"Nightmare","floor":109,"turns":6},{"damage":0,"enemies":"Hallownest:1_Ooma_and_2_Uuma","floor":110,"turns":2},{"damage":0,"enemies":"Hallownest:BossBrokenVessel","floor":113,"turns":3},{"damage":0,"enemies":"Hallownest:Guard_and_Sentry","floor":115,"turns":2},{"damage":0,"enemies":"Hallownest:Flukemon_and_Top","floor":117,"turns":2},{"damage":0,"enemies":"Hallownest:3_Mistakes","floor":118,"turns":2},{"damage":15,"enemies":"Hallownest:Glutton_and_Coward","floor":119,"turns":2},{"damage":0,"enemies":"Hallownest:eliteWatcherKnight","floor":121,"turns":6},{"damage":4,"enemies":"Hallownest:eliteSoulWarrior","floor":125,"turns":3},{"damage":0,"enemies":"Hallownest:2_Husk_Sentries","floor":128,"turns":2},{"damage":4,"enemies":"Hallownest:BossMantisLord","floor":130,"turns":4},{"damage":0,"enemies":"Hallownest:2_Littles","floor":132,"turns":3},{"damage":0,"enemies":"Hallownest:Shield_Heavy","floor":135,"turns":2},{"damage":0,"enemies":"Nightmare","floor":137,"turns":4},{"damage":24,"enemies":"Hallownest:Slobbering_and_Violent","floor":141,"turns":3},{"damage":76,"enemies":"Hallownest:2_Primals","floor":142,"turns":3},{"damage":0,"enemies":"Hallownest:monsterPrimalAspid","floor":144,"turns":2},{"damage":0,"enemies":"Hallownest:eliteCollector","floor":145,"turns":4},{"damage":115,"enemies":"infinitespire:LordOfFortification","floor":147,"turns":23}],"seed_played":"3872443788870063538","potions_obtained":[{"floor":3.0,"key":"blueLaboratory:Moonshine"},{"floor":13.0,"key":"blueLaboratory:EmptyBottle"},{"floor":16.0,"key":"Dexterity Potion"},{"floor":18.0,"key":"Swift Potion"},{"floor":23.0,"key":"blueLaboratory:FrostheartPotion"},{"floor":25.0,"key":"blueLaboratory:HorrorPotion"}],"is_trial":false,"path_per_floor":["M","M","M","$","?","R","?","E","T","R","?","T","E","M","R","B",null,"M","$","?","?","M","E","?","NM","T","M","?","M","AVR","?","R","B",null,"M","$","M","?","M","R","E","R","T","T","M","?","M","M","R","B",null,"M","?","?","M","?","R","M","E","T","E","$","?","R","M","R","B",null,"M","M","$","?","M","R","M","?","T","M","M","?","NM","AVR","R","B",null,"M","?","M","?","M","R","E","?","T","E","M","?","T","AVR","R","B",null,"M","M","$","M","M","?","NM","M","T","?","B",null,"M","?","M","M","M","R","E","R","T","R","E","?","AVR","M","R","B",null,"M","?","AVR","M","?","NM","R","?","T","M","?","R","M","E","R","B"],"character_chosen":"THE_BUGKNIGHT","items_purchased":["Membership Card","Bronze Scales","HollowMod:ChannelNail","HandDrill","Kunai","reliquary:Aerogel","DemoMod:Deposit","Purity","Chemical X","Molten Egg 2","TungstenRod","Dramatic Entrance+1"],"campfire_rested":0,"item_purchase_floors":[4,19,19,36,36,62,62,62,105,105,105,105],"current_hp_per_floor":[65,62,57,57,57,57,57,63,63,63,63,63,60,55,55,45,68,68,68,68,68,59,59,59,47,47,53,53,48,48,48,48,28,68,59,68,68,68,41,41,41,41,41,41,39,39,37,39,39,4,68,68,52,43,47,47,47,47,46,46,47,68,68,68,68,68,68,68,68,68,68,68,68,68,68,68,68,68,68,64,68,68,68,68,68,57,57,58,59,63,63,82,82,82,78,79,79,79,79,79,82,82,82,82,82,82,82,82,82,82,82,82,82,82,82,82,82,82,67,67,73,73,73,73,81,81,81,81,81,77,82,82,82,82,82,82,82,82,82,82,58,68,68,68,68,68,0,0],"gold":2,"neow_bonus":"THREE_RARE_CARDS","is_daily":false,"chose_seed":false,"campfire_upgraded":21,"win_rate":0.0,"timestamp":1613324161,"path_taken":["M","M","M","?","?","R","?","E","T","R","?","?","E","?","R","BOSS","M","$","?","?","M","E","?","NM","T","M","?","M","AVR","?","R","BOSS","M","$","M","?","M","R","E","R","T","?","?","?","M","M","R","BOSS","M","?","?","M","?","R","?","E","T","E","$","?","R","M","R","BOSS","M","M","$","?","?","R","M","?","T","M","M","?","NM","AVR","R","BOSS","M","?","M","?","?","R","E","?","T","E","M","?","?","AVR","R","BOSS","M","?","$","M","M","?","NM","M","T","?","BOSS","M","?","?","?","M","R","E","R","T","R","E","?","AVR","M","R","BOSS","M","?","AVR","M","?","NM","R","?","T","?","?","R","M","E","R","BOSS"],"items_purchased_type":["Relic","Relic","Card","Relic","Relic","Relic","Card","Card","Relic","Relic","Relic","Card"],"build_version":"2020-12-22","purchased_purges":10,"victory":false,"max_hp_per_floor":[68,68,68,68,68,68,68,68,68,68,68,68,68,68,68,68,68,68,68,68,68,68,68,68,68,68,68,68,68,68,68,68,68,68,68,68,68,68,68,68,68,68,68,68,68,68,68,68,68,68,68,68,68,68,68,68,68,68,68,68,68,68,68,68,68,68,68,68,68,68,68,68,68,68,68,68,68,68,68,68,68,68,68,68,68,68,68,68,68,68,68,82,82,82,82,82,82,82,82,82,82,82,82,82,82,82,82,82,82,82,82,82,82,82,82,82,82,82,82,82,82,82,82,82,82,82,82,82,82,82,82,82,82,82,82,82,82,82,82,82,82,82,82,82,82,82,82,82],"relic_stats":{"counters":[69,269],"Blue Candle":[25],"Pen Nib":[31],"Bag of Preparation":[2],"Letter Opener":[1230],"Cursed Key":10,"Boot":[62],"Sozu":20,"Nunchaku":[98],"Lizard Tail":82,"Shuriken":[241],"Bronze Scales":[712],"MealTicket":30,"HandDrill":[216],"Kunai":[209],"Chemical X":[1356],"obtain_stats":[{"reliquary:OuijaBoard":142,"reliquary:FeatherDuster":30,"infinitespire:BottledMercury":134,"DemoMod:BlueGuonStone":44,"DemoMod:PoisonVial":30,"HollowMod:VesselMask":0,"DemoMod:GlassGuonStoneRelic":2,"EVO:Axolotl":0,"Hallownest:HeavyBlowRelic":133,"Boot":94,"Sozu":34,"Lizard Tail":99,"MealTicket":23,"HandDrill":36,"Kunai":36,"Blue Candle":41,"DemoMod:ChaffGrenade":77,"Pen Nib":111,"Letter Opener":43,"reliquary:WeakTea":59,"HollowMod:KingsBrand":61,"reliquary:JackalopeAntler":98,"Shuriken":12,"Bronze Scales":19,"Molten Egg 2":105,"reliquary:WritOfMandamus":51,"StrikeDummy":13,"Unceasing Top":8,"Meat on the Bone":95,"Hallownest:StagBellRelic1":97,"reliquary:SilkGlove":109,"reliquary:Aerogel":62,"Mango":92,"Hallownest:DreamNailRelic":63,"Bag of Preparation":145,"DemoMod:WhiteGuonStone":25,"Cursed Key":17,"ClockworkSouvenir":82,"Nunchaku":9,"reliquary:HotPoker":140,"Matryoshka":147,"reliquary:NewFriend":127,"Red Mask":20,"Chemical X":105,"Hallownest:BeastSealRelic":139,"Runesmith:Nanobots":123,"DemoMod:MemoryAlloy":30,"DemoMod:Antibody":30,"DemoMod:WeirdEgg":125,"Circlet":108,"Orichalcum":26,"reliquary:RosewoodLute":81,"Calling Bell":30,"Hallownest:WatcherSealRelic":24,"Anchor":121,"infinitespire:WardingShard":137,"Coffee Dripper":68,"Membership Card":4,"TungstenRod":105,"infinitespire:Midas Blood":87,"HollowMod:KingsSoulRelic":102},{"reliquary:OuijaBoard":66,"reliquary:FeatherDuster":13,"infinitespire:BottledMercury":62,"DemoMod:BlueGuonStone":18,"DemoMod:PoisonVial":13,"HollowMod:VesselMask":0,"DemoMod:GlassGuonStoneRelic":2,"EVO:Axolotl":0,"Hallownest:HeavyBlowRelic":62,"Boot":43,"Sozu":14,"Lizard Tail":45,"MealTicket":10,"HandDrill":15,"Kunai":15,"Blue Candle":18,"DemoMod:ChaffGrenade":33,"Pen Nib":52,"Letter Opener":18,"reliquary:WeakTea":26,"HollowMod:KingsBrand":27,"reliquary:JackalopeAntler":45,"Shuriken":4,"Bronze Scales":8,"Molten Egg 2":48,"reliquary:WritOfMandamus":22,"StrikeDummy":5,"Unceasing Top":4,"Meat on the Bone":44,"Hallownest:StagBellRelic1":45,"reliquary:SilkGlove":51,"reliquary:Aerogel":27,"Mango":43,"Hallownest:DreamNailRelic":27,"Bag of Preparation":68,"DemoMod:WhiteGuonStone":11,"Cursed Key":7,"ClockworkSouvenir":36,"Nunchaku":4,"reliquary:HotPoker":64,"Matryoshka":69,"reliquary:NewFriend":59,"Red Mask":8,"Chemical X":48,"Hallownest:BeastSealRelic":64,"Runesmith:Nanobots":58,"DemoMod:MemoryAlloy":13,"DemoMod:Antibody":13,"DemoMod:WeirdEgg":59,"Circlet":50,"Orichalcum":11,"reliquary:RosewoodLute":36,"Calling Bell":13,"Hallownest:WatcherSealRelic":10,"Anchor":58,"infinitespire:WardingShard":64,"Coffee Dripper":29,"Membership Card":3,"TungstenRod":48,"infinitespire:Midas Blood":38,"HollowMod:KingsSoulRelic":46},{"reliquary:OuijaBoard":240,"reliquary:FeatherDuster":64,"infinitespire:BottledMercury":228,"DemoMod:BlueGuonStone":86,"DemoMod:PoisonVial":64,"HollowMod:VesselMask":0,"DemoMod:GlassGuonStoneRelic":5,"EVO:Axolotl":0,"Hallownest:HeavyBlowRelic":228,"Boot":174,"Sozu":71,"Lizard Tail":180,"MealTicket":46,"HandDrill":75,"Kunai":75,"Blue Candle":86,"DemoMod:ChaffGrenade":141,"Pen Nib":199,"Letter Opener":86,"reliquary:WeakTea":117,"HollowMod:KingsBrand":120,"reliquary:JackalopeAntler":180,"Shuriken":18,"Bronze Scales":37,"Molten Egg 2":187,"reliquary:WritOfMandamus":108,"StrikeDummy":22,"Unceasing Top":18,"Meat on the Bone":178,"Hallownest:StagBellRelic1":180,"reliquary:SilkGlove":197,"reliquary:Aerogel":120,"Mango":174,"Hallownest:DreamNailRelic":120,"Bag of Preparation":246,"DemoMod:WhiteGuonStone":55,"Cursed Key":33,"ClockworkSouvenir":155,"Nunchaku":18,"reliquary:HotPoker":234,"Matryoshka":255,"reliquary:NewFriend":219,"Red Mask":37,"Chemical X":187,"Hallownest:BeastSealRelic":234,"Runesmith:Nanobots":216,"DemoMod:MemoryAlloy":64,"DemoMod:Antibody":64,"DemoMod:WeirdEgg":219,"Circlet":191,"Orichalcum":55,"reliquary:RosewoodLute":155,"Calling Bell":64,"Hallownest:WatcherSealRelic":46,"Anchor":216,"infinitespire:WardingShard":234,"Coffee Dripper":129,"Membership Card":7,"TungstenRod":187,"infinitespire:Midas Blood":161,"HollowMod:KingsSoulRelic":183}],"Unceasing Top":[144],"TungstenRod":44,"Meat on the Bone":0},"card_choices":[{"not_picked":["HollowMod:LordofShades","HollowMod:VoidDash"],"picked":"HollowMod:HornetsHelp","floor":0.0},{"not_picked":["HollowMod:SoulSplash","HollowMod:SharpenedNail"],"picked":"HollowMod:SiblingsSouls","floor":1.0},{"not_picked":["HollowMod:SoulSplash","HollowMod:LuriensSpire"],"picked":"HollowMod:CornifersMapStart","floor":2.0},{"not_picked":["HollowMod:SharpenedShadows","HollowMod:HeavyBlow","HollowMod:SharpenedNail"],"picked":"SKIP","floor":3.0},{"not_picked":["HollowMod:MawleksShell","HollowMod:DesolateDive"],"picked":"HollowMod:BaldurShell","floor":8.0},{"not_picked":["HollowMod:SiblingsSouls","HollowMod:FastStrike","HollowMod:NewJinnsSoul"],"picked":"SKIP","floor":13.0},{"not_picked":["HollowMod:SiblingsSouls","HollowMod:LuriensSpire","HollowMod:CrystalDash"],"picked":"SKIP","floor":14.0},{"not_picked":["HollowMod:VoidDash","HollowMod:ZotesMagnificence"],"picked":"HollowMod:LifebloodCore","floor":16.0},{"not_picked":["HollowMod:CycloneSlash","HollowMod:PureNailStrike","HollowMod:MothsMistake"],"picked":"SKIP","floor":18.0},{"not_picked":["HollowMod:InfectedCysts","HollowMod:MothsMistake","HollowMod:SharpenedShadows"],"picked":"SKIP","floor":22.0},{"not_picked":["HollowMod:DreamGate","HollowMod:LuriensSpire"],"picked":"HollowMod:ChannelNail","floor":23.0},{"not_picked":["HollowMod:HowlingWraiths","HollowMod:InfectedCysts","HollowMod:VengefulVoid"],"picked":"SKIP","floor":25.0},{"not_picked":["HollowMod:ChannelNail","HollowMod:InfectedCysts+1"],"picked":"HollowMod:Weaversong","floor":27.0},{"not_picked":["HollowMod:InfectedCysts+1","HollowMod:CycloneSlash"],"picked":"HollowMod:NewLittleFool","floor":29.0},{"not_picked":["HollowMod:PureVessel","HollowMod:SoulMaster"],"picked":"HollowMod:HerrahsAnger","floor":33.0},{"not_picked":["HollowMod:InfectedAttack+1","HollowMod:TaintedHusks","HollowMod:WraithStrike+1"],"picked":"SKIP","floor":35.0},{"not_picked":["HollowMod:InfectedCysts+1","HollowMod:SlysStrikes"],"picked":"HollowMod:CycloneSlash+1","floor":37.0},{"not_picked":["HollowMod:WraithStrike+1","HollowMod:NewJinnsSoul","HollowMod:MawleksShell"],"picked":"SKIP","floor":39.0},{"not_picked":["HollowMod:SharpenedNail","HollowMod:SoulVessel"],"picked":"HollowMod:SoulStrike+1","floor":41.0},{"not_picked":["HollowMod:BrokenVessel+1","HollowMod:HowlingWraiths","HollowMod:NewJinnsSoul+1"],"picked":"SKIP","floor":45.0},{"not_picked":["HollowMod:DungDefenderAura","HollowMod:SoulStrike+1"],"picked":"HollowMod:ChannelNail+1","floor":47.0},{"not_picked":["HollowMod:VengefulVoid+1","HollowMod:RecoilStrike+1","HollowMod:SharpenedShadows+1"],"picked":"SKIP","floor":48.0},{"not_picked":["HollowMod:MidwifesHunger","HollowMod:HerrahsAnger"],"picked":"HollowMod:AwokenDreamNail","floor":50.0},{"not_picked":["HollowMod:LifebloodCocoon","HollowMod:TaintedHusks","HollowMod:RecoilStrike"],"picked":"SKIP","floor":52.0},{"not_picked":["infinitespire:Fortify","infinitespire:Gouge"],"picked":"infinitespire:Collect","floor":53.0},{"not_picked":["HollowMod:InfectionAssault","HollowMod:GrimmsGift","HollowMod:HerrahsAnger"],"picked":"SKIP","floor":55.0},{"not_picked":["HollowMod:TaintedHusks","HollowMod:NewJinnsSoul","HollowMod:VengefulVoid"],"picked":"SKIP","floor":58.0},{"not_picked":["HollowMod:CornifersMapStart","HollowMod:SoulVessel","HollowMod:HowlingWraiths"],"picked":"SKIP","floor":59.0},{"not_picked":["HollowMod:LuriensSpire","HollowMod:LifebloodCocoon","HollowMod:theNailsmith"],"picked":"SKIP","floor":61.0},{"not_picked":["HollowMod:VengefulSpirit","HollowMod:PerfectDash","HollowMod:SharpenedNail"],"picked":"SKIP","floor":65.0},{"not_picked":["HollowMod:SoulStrike","HollowMod:CornifersMapStart","HollowMod:ShadowDash"],"picked":"SKIP","floor":69.0},{"not_picked":["HollowMod:DashSlash","HollowMod:AbyssShriek"],"picked":"HollowMod:HuntersJournal+1","floor":70.0},{"not_picked":["HollowMod:SiblingsSouls","HollowMod:VengefulVoid+1","HollowMod:BlackTendrils"],"picked":"SKIP","floor":73.0},{"not_picked":["HollowMod:PureNailStrike+1","HollowMod:MonomonsArchive","HollowMod:DoubleDash"],"picked":"SKIP","floor":75.0},{"not_picked":["HollowMod:QuirrelsAssistance","HollowMod:PerfectDash","HollowMod:GoodIntentions+1"],"picked":"SKIP","floor":78.0},{"not_picked":["HollowMod:DoubleDash","HollowMod:VengefulSpirit","HollowMod:ElderbugsWisdom"],"picked":"SKIP","floor":79.0},{"not_picked":["infinitespire:Starlight","infinitespire:Punishment"],"picked":"infinitespire:NeuralNetwork","floor":81.0},{"not_picked":["HollowMod:BrokenVessel","HollowMod:SlysStrikes","HollowMod:DashSlash"],"picked":"SKIP","floor":81.0},{"not_picked":["infinitespire:FinalStrike","infinitespire:NeuralNetwork"],"picked":"infinitespire:Oblivion","floor":82.0},{"not_picked":["HollowMod:DesolateDive+1","HollowMod:ChannelNail+1","HollowMod:MothsMistake+1"],"picked":"SKIP","floor":86.0},{"not_picked":["HollowMod:DashSlash+1","HollowMod:ChannelNail+1","HollowMod:MawleksShell"],"picked":"SKIP","floor":88.0},{"not_picked":["HollowMod:NewJinnsSoul+1","HollowMod:PerfectDash+1","HollowMod:GreatSlash"],"picked":"SKIP","floor":90.0},{"not_picked":["HollowMod:ElderbugsWisdom","HollowMod:HowlingWraiths+1","HollowMod:CornifersMapStart+1"],"picked":"SKIP","floor":92},{"not_picked":["HollowMod:CycloneSlash+1","HollowMod:InfectedAttack+1"],"picked":"HollowMod:MantisMark+1","floor":95},{"not_picked":["HollowMod:SiblingsSouls+1","HollowMod:MawleksShell","HollowMod:PerfectDash+1"],"picked":"SKIP","floor":96},{"not_picked":["HollowMod:SharpenedNail","HollowMod:MonomonsArchive","HollowMod:AbyssShriek"],"picked":"SKIP","floor":103},{"not_picked":["HollowMod:SoulVessel","HollowMod:InfectionAssault","HollowMod:CycloneSlash"],"picked":"SKIP","floor":104},{"not_picked":["HollowMod:InfectedAttack+1","HollowMod:SiblingsSouls","HollowMod:MawleksShell"],"picked":"SKIP","floor":106},{"not_picked":["HollowMod:HornetsHelp+1","HollowMod:MonarchWings","HollowMod:NewLittleFool+1"],"picked":"SKIP","floor":107},{"not_picked":["HollowMod:SharpenedShadows","HollowMod:CycloneSlash+1","HollowMod:SoulEater"],"picked":"SKIP","floor":109},{"not_picked":["HollowMod:GrimmsGift","HollowMod:VengefulVoid+1","HollowMod:DreamGate"],"picked":"SKIP","floor":110},{"not_picked":["HollowMod:ElderbugsWisdom","HollowMod:theNailsmith"],"picked":"HollowMod:Weaversong","floor":113},{"not_picked":["HollowMod:SoulSplash+1","HollowMod:HowlingWraiths+1"],"picked":"HollowMod:CloakDash","floor":115},{"not_picked":["HollowMod:SharpenedShadows","HollowMod:CloakDash","HollowMod:InfectedAttack+1"],"picked":"SKIP","floor":117},{"not_picked":["HollowMod:SharpenedShadows+1","HollowMod:CloakDash","HollowMod:BlackTendrils+1"],"picked":"SKIP","floor":118},{"not_picked":["HollowMod:ZotesMagnificence+1","HollowMod:WraithStrike+1","HollowMod:InfectedAttack+1"],"picked":"SKIP","floor":119},{"not_picked":["HollowMod:FallenFury+1","HollowMod:GrimmsGift","HollowMod:BrokenVessel+1"],"picked":"SKIP","floor":121},{"not_picked":["HollowMod:DashSlash+1","HollowMod:InfectedCysts+1","HollowMod:GreatSlash+1"],"picked":"SKIP","floor":125},{"not_picked":["HollowMod:BlackTendrils+1","HollowMod:DescendingDark+1","HollowMod:SiblingsShadow"],"picked":"SKIP","floor":128},{"not_picked":["HollowMod:GoodIntentions","HollowMod:NewJinnsSoul+1","HollowMod:VengefulSpirit+1"],"picked":"SKIP","floor":132},{"not_picked":["HollowMod:InfectedCysts+1","HollowMod:CloakDash+1"],"picked":"HollowMod:PureNailStrike+1","floor":135},{"not_picked":["HollowMod:SoulStrike+1","HollowMod:NewLittleFool+1","HollowMod:FallenFury+1"],"picked":"SKIP","floor":137},{"not_picked":["HollowMod:SoulEater+1","HollowMod:DescendingDark+1","HollowMod:CrystalDash+1"],"picked":"SKIP","floor":141},{"not_picked":["HollowMod:GoodIntentions+1","HollowMod:VengefulVoid+1","HollowMod:TaintedHusks+1"],"picked":"SKIP","floor":144},{"not_picked":["HollowMod:CornifersMapStart","HollowMod:BlackTendrils+1","HollowMod:VengefulVoid+1"],"picked":"SKIP","floor":145}],"player_experience":262041,"relics_obtained":[{"floor":8.0,"key":"Unceasing Top"},{"floor":9.0,"key":"Nunchaku"},{"floor":12.0,"key":"Shuriken"},{"floor":13.0,"key":"StrikeDummy"},{"floor":23.0,"key":"MealTicket"},{"floor":25.0,"key":"DemoMod:WhiteGuonStone"},{"floor":26.0,"key":"Orichalcum"},{"floor":30.0,"key":"DemoMod:PoisonVial"},{"floor":30.0,"key":"reliquary:FeatherDuster"},{"floor":30.0,"key":"DemoMod:Antibody"},{"floor":41.0,"key":"Blue Candle"},{"floor":43.0,"key":"Letter Opener"},{"floor":44.0,"key":"DemoMod:BlueGuonStone"},{"floor":59.0,"key":"reliquary:WeakTea"},{"floor":61.0,"key":"HollowMod:KingsBrand"},{"floor":77.0,"key":"DemoMod:ChaffGrenade"},{"floor":81.0,"key":"reliquary:RosewoodLute"},{"floor":92,"key":"Mango"},{"floor":94,"key":"Boot"},{"floor":95,"key":"Meat on the Bone"},{"floor":98,"key":"reliquary:JackalopeAntler"},{"floor":109,"key":"reliquary:SilkGlove"},{"floor":111,"key":"Pen Nib"},{"floor":121,"key":"Anchor"},{"floor":123,"key":"Runesmith:Nanobots"},{"floor":125,"key":"DemoMod:WeirdEgg"},{"floor":137,"key":"infinitespire:WardingShard"},{"floor":140,"key":"reliquary:HotPoker"},{"floor":142,"key":"reliquary:OuijaBoard"},{"floor":145,"key":"Bag of Preparation"}],"event_choices":[],"is_beta":false,"boss_relics":[{"not_picked":["Astrolabe","Philosopher\u0027s Stone"],"picked":"Cursed Key"},{"not_picked":["Fusion Hammer","reliquary:KinkedSpring"],"picked":"Sozu"},{"not_picked":["HollowMod:VoidIdolRelic","reliquary:RedPaperclip"],"picked":"reliquary:WritOfMandamus"},{"not_picked":["reliquary:Craggleroot","SacredBark"],"picked":"Coffee Dripper"},{"not_picked":["reliquary:Ember","Velvet Choker","reliquary:RedCape"]},{"not_picked":["Black Star","Busted Crown"],"picked":"HollowMod:KingsSoulRelic"},{"not_picked":["Snecko Eye","Circlet"],"picked":"Circlet"},{"not_picked":["Circlet","Circlet"],"picked":"Circlet"}],"items_purged_floors":[19,30,36,62,71,82,99,105,127,134],"is_endless":true,"potions_floor_spawned":[3,13,16,18,23,25,45,47,50,52,58,70,73,81,84,89,89,95,104,106,110,113,115,119,135,141,142,144],"killed_by":"infinitespire:LordOfFortification","ascension_level":0}}