{"host":"c42c28n64hdcaetz","time":1613263805,"event":{"mods":["BaseMod","Curses Come First","Dio Mod","Jedi Mod","Minty Spire (QoL Compilation)","StSLib","The Edgeheg","Uncapped"],"gold_per_floor":[85,157,171,136,32,60,60,79,102,118,118,118,141,316,316,316,316],"floor_reached":16,"language":"ENG","playtime":703,"items_purged":[],"score":125,"play_id":"4efb8299-6e60-480b-a0c8-54dd2daf493e","local_time":"20210213165005","is_ascension_mode":false,"campfire_choices":[{"data":"theEdgeheg:BlankCard","floor":7,"key":"SMITH"},{"floor":12,"key":"REST"},{"floor":15,"key":"REST"}],"circlet_count":0,"master_deck":["theEdgeheg:StarterShootAttack","theEdgeheg:StarterShootAttack","theEdgeheg:StarterShootAttack","theEdgeheg:StarterShootAttack","theEdgeheg:StarterDodgeSkill","theEdgeheg:StarterDodgeSkill","theEdgeheg:StarterDodgeSkill","theEdgeheg:BloodyKatana","theEdgeheg:ChaosControlSkill","theEdgeheg:GatherChaos","theEdgeheg:CoolExplosion","theEdgeheg:Fastness","theEdgeheg:ChaosControlSkill","theEdgeheg:ChaosWhip","theEdgeheg:BlankCard+1","theEdgeheg:BetterDodge","theEdgeheg:FastRevolver","theEdgeheg:QuickKatana"],"relics":["theEdgeheg:UltimateLifeformRelic","theEdgeheg:CSGunRelic","NeowsBlessing","Omamori","theEdgeheg:SilverEmeraldRelic","Golden Idol"],"acts_visited":["Exordium"],"potions_floor_usage":[],"damage_taken":[{"damage":0,"enemies":"Small Slimes","floor":1,"turns":1},{"damage":0,"enemies":"Jaw Worm","floor":3,"turns":1},{"damage":0,"enemies":"Lagavulin","floor":6,"turns":1},{"damage":2,"enemies":"2 Louse","floor":8,"turns":4},{"damage":1,"enemies":"Blue Slaver","floor":10,"turns":4},{"damage":1,"enemies":"3 Louse","floor":13,"turns":6},{"damage":4,"enemies":"Hexaghost","floor":16,"turns":2}],"seed_played":"-2817772810034900362","potions_obtained":[{"floor":3,"key":"EntropicBrew"},{"floor":6,"key":"CultistPotion"},{"floor":10,"key":"AttackPotion"}],"is_trial":false,"path_per_floor":["M","?","M","?","$","E","R","M","T","M","?","R","M","?","R","B"],"character_chosen":"THE_DEFAULT","items_purchased":["theEdgeheg:ChaosControlSkill","theEdgeheg:ChaosWhip"],"campfire_rested":2,"item_purchase_floors":[5,5],"current_hp_per_floor":[4,4,4,5,5,5,5,3,3,2,2,3,3,3,4,0,0],"gold":316,"neow_bonus":"THREE_ENEMY_KILL","is_daily":false,"chose_seed":false,"campfire_upgraded":1,"win_rate":0.0,"timestamp":1613263805,"path_taken":["M","?","M","?","$","E","R","M","T","M","?","R","?","?","R","BOSS"],"items_purchased_type":["Card","Card"],"build_version":"2020-12-22","purchased_purges":0,"victory":false,"max_hp_per_floor":[5,5,5,5,5,5,5,5,5,5,4,4,4,4,4,4,4],"card_choices":[{"not_picked":["theEdgeheg:Butt","theEdgeheg:BetterDodge"],"picked":"theEdgeheg:CoolExplosion","floor":1},{"not_picked":["theEdgeheg:ChaosGrenade","theEdgeheg:PlayRandomCard"],"picked":"theEdgeheg:Fastness","floor":3},{"not_picked":["theEdgeheg:DieDieDie","theEdgeheg:KatanaGF"],"picked":"theEdgeheg:BlankCard","floor":6},{"not_picked":["theEdgeheg:HappiestTimmy","theEdgeheg:BetterShoot"],"picked":"theEdgeheg:BetterDodge","floor":8},{"not_picked":["theEdgeheg:MachineGun","theEdgeheg:DieDieDie"],"picked":"theEdgeheg:FastRevolver","floor":10},{"not_picked":["theEdgeheg:Birthday","theEdgeheg:BloodyKatana"],"picked":"theEdgeheg:QuickKatana","floor":13}],"player_experience":39445,"relics_obtained":[{"floor":6,"key":"Omamori"},{"floor":9,"key":"theEdgeheg:SilverEmeraldRelic"}],"event_choices":[{"damage_healed":0,"gold_gain":72,"player_choice":"Gained Gold","damage_taken":0,"max_hp_gain":0,"max_hp_loss":0,"event_name":"Golden Wing","floor":2,"gold_loss":0},{"damage_healed":1,"gold_gain":0,"player_choice":"Healed","damage_taken":0,"max_hp_gain":0,"max_hp_loss":0,"event_name":"The Cleric","floor":4,"gold_loss":35},{"damage_healed":0,"gold_gain":0,"player_choice":"Lose Max HP","damage_taken":0,"relics_obtained":["Golden Idol"],"max_hp_gain":0,"max_hp_loss":1,"event_name":"Golden Idol","floor":11,"gold_loss":0},{"damage_healed":0,"gold_gain":175,"player_choice":"AGREE","damage_taken":0,"max_hp_gain":0,"max_hp_loss":0,"event_name":"Liars Game","floor":14,"gold_loss":0,"cards_obtained":["Doubt"]}],"is_beta":false,"boss_relics":[],"items_purged_floors":[],"is_endless":false,"potions_floor_spawned":[3,6,10],"killed_by":"Hexaghost","ascension_level":0}}