{"host":"vv4pm74vrxtrj1uw","time":1613305347,"event":{"mods":["Act Like it!","BaseMod","Minty Spire (QoL Compilation)","Rare Cards Sparkle","Spicy Shops","StSLib"],"gold_per_floor":[14,31,31,45,57,82,100,100,125,125,125,152,168,199,199,199,199],"floor_reached":16,"language":"ZHS","playtime":631,"items_purged":[],"score":153,"play_id":"5e1eca02-dcd0-41d7-be0b-738c5302cb63","local_time":"20210214202227","is_ascension_mode":true,"campfire_choices":[{"floor":8.0,"key":"REST"},{"data":"Footwork","floor":10.0,"key":"SMITH"},{"floor":15.0,"key":"REST"}],"circlet_count":0,"master_deck":["Strike_G","Strike_G","Strike_G","Strike_G","Strike_G","Defend_G","Defend_G","Defend_G","Defend_G","Defend_G","Survivor","Neutralize","Storm of Steel+1","Cloak And Dagger","Poisoned Stab","Outmaneuver","Underhanded Strike","Footwork+1","Tactician","Regret","All Out Attack","Quick Slash"],"relics":["Ring of the Snake","Centennial Puzzle","Boot","MealTicket","Lantern","Omamori"],"acts_visited":["Exordium"],"potions_floor_usage":[16],"damage_taken":[{"damage":0.0,"enemies":"Small Slimes","floor":1.0,"turns":3.0},{"damage":1.0,"enemies":"Cultist","floor":2.0,"turns":4.0},{"damage":1.0,"enemies":"Jaw Worm","floor":4.0,"turns":3.0},{"damage":7.0,"enemies":"Large Slime","floor":5.0,"turns":3.0},{"damage":28.0,"enemies":"Gremlin Nob","floor":6.0,"turns":4.0},{"damage":4.0,"enemies":"Lots of Slimes","floor":7.0,"turns":3.0},{"damage":8.0,"enemies":"Lagavulin","floor":12.0,"turns":6.0},{"damage":0.0,"enemies":"Looter","floor":13.0,"turns":3.0},{"damage":36.0,"enemies":"3 Sentries","floor":14.0,"turns":9.0},{"damage":30,"enemies":"Hexaghost","floor":16,"turns":7}],"seed_played":"-5385746121445666291","potions_obtained":[{"floor":2.0,"key":"SpeedPotion"},{"floor":4.0,"key":"Explosive Potion"},{"floor":6.0,"key":"AttackPotion"},{"floor":7.0,"key":"PowerPotion"},{"floor":14.0,"key":"SneckoOil"}],"is_trial":false,"path_per_floor":["M","M","?","M","M","E","M","R","T","R","?","E","M","E","R","B"],"character_chosen":"THE_SILENT","items_purchased":[],"campfire_rested":2,"item_purchase_floors":[],"current_hp_per_floor":[70,69,69,68,61,33,29,50,50,50,50,42,42,6,27,0,0],"gold":199,"neow_bonus":"THREE_RARE_CARDS","is_daily":false,"chose_seed":false,"campfire_upgraded":1,"win_rate":0.0,"timestamp":1613305347,"path_taken":["M","M","?","M","M","E","?","R","T","R","?","E","M","E","R","BOSS"],"items_purchased_type":[],"build_version":"2020-12-22","purchased_purges":0,"victory":false,"max_hp_per_floor":[70,70,70,70,70,70,70,70,70,70,70,70,70,70,70,70,70],"card_choices":[{"not_picked":["A Thousand Cuts","Doppelganger"],"picked":"Storm of Steel","floor":0.0},{"not_picked":["Deflect","Acrobatics"],"picked":"Cloak And Dagger","floor":1.0},{"not_picked":["Caltrops","Backflip"],"picked":"Poisoned Stab","floor":2.0},{"not_picked":["Slice","Crippling Poison"],"picked":"Outmaneuver","floor":4.0},{"not_picked":["Eviscerate","Setup"],"picked":"Underhanded Strike","floor":5.0},{"not_picked":["Outmaneuver","Predator"],"picked":"Footwork","floor":6.0},{"not_picked":["Sucker Punch","Flying Knee"],"picked":"Tactician","floor":7.0},{"not_picked":["PiercingWail","Underhanded Strike"],"picked":"All Out Attack","floor":12.0},{"not_picked":["Finisher","Crippling Poison","All Out Attack"],"picked":"SKIP","floor":13.0},{"not_picked":["All Out Attack","Deflect"],"picked":"Quick Slash","floor":14.0}],"player_experience":168205,"relics_obtained":[{"floor":6.0,"key":"Centennial Puzzle"},{"floor":9.0,"key":"Boot"},{"floor":12.0,"key":"Lantern"},{"floor":14.0,"key":"Omamori"}],"event_choices":[{"damage_healed":0.0,"max_hp_gain":0.0,"max_hp_loss":0.0,"gold_gain":0.0,"event_name":"Upgrade Shrine","player_choice":"Upgraded","floor":3.0,"gold_loss":0.0,"damage_taken":0.0,"cards_upgraded":["Storm of Steel"]},{"damage_healed":0.0,"max_hp_gain":0.0,"max_hp_loss":0.0,"gold_gain":0.0,"event_name":"Big Fish","player_choice":"Box","floor":11.0,"gold_loss":0.0,"damage_taken":0.0,"relics_obtained":["MealTicket"],"cards_obtained":["Regret"]}],"is_beta":false,"boss_relics":[],"items_purged_floors":[],"is_endless":false,"potions_floor_spawned":[2,4,6,7,14],"killed_by":"Hexaghost","ascension_level":5}}