{"host":"0mhttqdumuceah7q","time":1613299053,"event":{"mods":["AchievementEnabler","BaseMod","Colored Map","DeckTracker","Minty Spire (QoL Compilation)","Permanent Neow"],"gold_per_floor":[115,128,145,145,158,176,176,188,488,503,82,82,109,120,120,238,238,258,269,281,300,300,300,318,318,318,349,349,375,395,407,407,503,503,523,6,17,28,48,48,81,29,29,47,47,97,111,122,122,122],"floor_reached":51,"language":"KOR","playtime":7217,"items_purged":["Defend_P","Eruption"],"score":806,"play_id":"b677befe-71f3-456d-89d8-18a290110b1b","local_time":"20210214193733","is_ascension_mode":false,"campfire_choices":[{"data":"Eruption","floor":7.0,"key":"SMITH"},{"data":"ClearTheMind","floor":12.0,"key":"SMITH"},{"data":"FlyingSleeves","floor":15.0,"key":"SMITH"},{"floor":25.0,"key":"REST"},{"floor":32,"key":"REST"},{"floor":40,"key":"REST"},{"floor":49,"key":"REST"}],"circlet_count":0,"master_deck":["Strike_P+1","Strike_P+1","Strike_P+1","Strike_P+1","Defend_P+1","Defend_P+1","Defend_P+1","Eruption+1","Vigilance","SashWhip","ClearTheMind+1","PiercingWail","FollowUp","EmptyFist","FlyingSleeves+1","CarveReality","Impatience+1","ForeignInfluence+1","DeceiveReality+1","Vault+1","FollowUp+1","ClearTheMind+1","ForeignInfluence+1","Wallop+1","Sanctity+1","FlyingSleeves+1","Prostrate+1","Halt+1","Thinking Ahead+1","EmptyMind+1","InnerPeace+1","Parasite","Crescendo+1"],"relics":["SlaversCollar","Old Coin","Toxic Egg 2","Dream Catcher","Black Star","Nunchaku","Incense Burner","FossilizedHelix","Lantern","Damaru","Fusion Hammer","Matryoshka","Ornamental Fan","Bag of Marbles","Ancient Tea Set","Letter Opener","Torii"],"acts_visited":["Exordium","TheCity","TheBeyond"],"potions_floor_usage":[41,41,46,46,46],"damage_taken":[{"damage":6.0,"enemies":"Jaw Worm","floor":1.0,"turns":3.0},{"damage":0.0,"enemies":"Cultist","floor":2.0,"turns":3.0},{"damage":0.0,"enemies":"Small Slimes","floor":3.0,"turns":3.0},{"damage":4.0,"enemies":"Blue Slaver","floor":5.0,"turns":4.0},{"damage":10.0,"enemies":"Lots of Slimes","floor":6.0,"turns":3.0},{"damage":0.0,"enemies":"3 Louse","floor":8.0,"turns":2.0},{"damage":2.0,"enemies":"Looter","floor":10.0,"turns":3.0},{"damage":0.0,"enemies":"Lagavulin","floor":13.0,"turns":3.0},{"damage":5.0,"enemies":"Exordium Wildlife","floor":14.0,"turns":3.0},{"damage":0.0,"enemies":"Slime Boss","floor":16.0,"turns":3.0},{"damage":23.0,"enemies":"3 Byrds","floor":18.0,"turns":8.0},{"damage":8.0,"enemies":"Shell Parasite","floor":19.0,"turns":4.0},{"damage":0.0,"enemies":"Sentry and Sphere","floor":20.0,"turns":3.0},{"damage":6.0,"enemies":"3 Cultists","floor":21.0,"turns":3.0},{"damage":0.0,"enemies":"Snake Plant","floor":22.0,"turns":1.0},{"damage":0.0,"enemies":"Centurion and Healer","floor":24.0,"turns":2.0},{"damage":18.0,"enemies":"Book of Stabbing","floor":27.0,"turns":3.0},{"damage":0.0,"enemies":"Gremlin Leader","floor":29.0,"turns":4.0},{"damage":0,"enemies":"Chosen and Byrds","floor":30,"turns":4},{"damage":0,"enemies":"Cultist and Chosen","floor":31,"turns":3},{"damage":27,"enemies":"Collector","floor":33,"turns":10},{"damage":0,"enemies":"3 Shapes","floor":35,"turns":3},{"damage":2,"enemies":"Orb Walker","floor":37,"turns":3},{"damage":23,"enemies":"Maw","floor":38,"turns":8},{"damage":23,"enemies":"4 Shapes","floor":39,"turns":6},{"damage":27,"enemies":"Nemesis","floor":41,"turns":10},{"damage":0,"enemies":"3 Darklings","floor":44,"turns":2},{"damage":0,"enemies":"2 Orb Walkers","floor":46,"turns":3},{"damage":10,"enemies":"Spire Growth","floor":47,"turns":5},{"damage":7,"enemies":"Writhing Mass","floor":48,"turns":5},{"damage":11,"enemies":"Awakened One","floor":50,"turns":14}],"seed_played":"-8958298376382262507","potions_obtained":[{"floor":3.0,"key":"SkillPotion"},{"floor":8.0,"key":"AttackPotion"},{"floor":10.0,"key":"EssenceOfSteel"},{"floor":14.0,"key":"Explosive Potion"},{"floor":18.0,"key":"SmokeBomb"},{"floor":20.0,"key":"StancePotion"},{"floor":21.0,"key":"Ambrosia"},{"floor":31,"key":"BlessingOfTheForge"},{"floor":33,"key":"Fire Potion"},{"floor":39,"key":"AttackPotion"},{"floor":44,"key":"GamblersBrew"}],"is_trial":false,"path_per_floor":["M","M","M","?","M","M","R","M","T","M","$","R","E","M","R","B",null,"M","M","M","M","M","?","M","R","T","E","?","E","M","M","R","B",null,"M","$","M","M","M","R","E","$","T","M","?","?","M","M","R","B",null],"character_chosen":"WATCHER","items_purchased":["Toxic Egg 2","Impatience+1","Thinking Ahead+1","Matryoshka","Strength Potion"],"campfire_rested":4,"item_purchase_floors":[11,11,36,36,42],"current_hp_per_floor":[66,66,66,66,62,52,52,52,52,50,50,50,50,45,45,45,72,49,41,41,35,35,35,35,56,56,38,38,38,38,38,59,32,72,72,72,70,47,24,45,18,18,18,18,18,18,8,1,22,11],"gold":122,"neow_bonus":"BOSS_RELIC","is_daily":false,"chose_seed":false,"campfire_upgraded":3,"win_rate":0.0,"timestamp":1613299053,"path_taken":["M","M","M","?","M","M","R","M","T","?","$","R","E","M","R","BOSS","M","M","M","M","M","?","M","R","T","E","?","E","M","M","R","BOSS","M","$","M","M","M","R","E","?","T","M","?","?","M","?","R","BOSS"],"items_purchased_type":["Relic","Card","Card","Relic","Potion"],"build_version":"2020-12-22","purchased_purges":2,"victory":true,"max_hp_per_floor":[72,72,72,72,72,72,72,72,72,72,72,72,72,72,72,72,72,72,72,72,72,72,72,72,72,72,72,72,72,72,72,72,72,72,72,72,72,72,72,72,72,72,72,72,72,72,72,72,72,72],"card_choices":[{"not_picked":["Protect","ThirdEye"],"picked":"Evaluate","floor":1.0},{"not_picked":["WreathOfFlame","Wallop"],"picked":"SashWhip","floor":2.0},{"not_picked":["Crescendo","EmptyFist"],"picked":"ClearTheMind","floor":3.0},{"not_picked":["Perseverance","JustLucky"],"picked":"FollowUp","floor":5.0},{"not_picked":["JustLucky","BattleHymn"],"picked":"EmptyFist","floor":6.0},{"not_picked":["Protect","CutThroughFate"],"picked":"FlyingSleeves","floor":8.0},{"not_picked":["ClearTheMind","SashWhip"],"picked":"CarveReality","floor":10.0},{"not_picked":["Meditate+1","SignatureMove"],"picked":"ForeignInfluence+1","floor":13.0},{"not_picked":["Blasphemy+1","WreathOfFlame+1"],"picked":"DeceiveReality+1","floor":14.0},{"not_picked":["Establishment","Devotion"],"picked":"Vault+1","floor":16.0},{"not_picked":["ThirdEye+1","Consecrate+1"],"picked":"FollowUp+1","floor":18.0},{"not_picked":["ReachHeaven","Consecrate"],"picked":"ClearTheMind+1","floor":19.0},{"not_picked":["CutThroughFate+1","SandsOfTime"],"picked":"ForeignInfluence+1","floor":20.0},{"not_picked":["ThirdEye+1","CarveReality","Collect+1"],"picked":"SKIP","floor":21.0},{"not_picked":["ForeignInfluence+1","FollowUp"],"picked":"Wallop+1","floor":24.0},{"not_picked":["Protect+1","SashWhip","ConjureBlade+1"],"picked":"SKIP","floor":27.0},{"not_picked":["DeceiveReality+1","FlurryOfBlows","WaveOfTheHand+1"],"picked":"SKIP","floor":29.0},{"not_picked":["WheelKick","PathToVictory+1"],"picked":"FlyingSleeves+1","floor":30},{"not_picked":["Halt+1","PathToVictory+1"],"picked":"Prostrate+1","floor":31},{"not_picked":["ConjureBlade+1","Omniscience+1"],"picked":"DevaForm","floor":33},{"not_picked":["BowlingBash","Evaluate+1"],"picked":"Halt+1","floor":35},{"not_picked":["Evaluate+1","ForeignInfluence+1"],"picked":"EmptyMind+1","floor":37},{"not_picked":["Protect+1","Consecrate+1","EmptyFist"],"picked":"SKIP","floor":38},{"not_picked":["SashWhip+1","FollowUp"],"picked":"InnerPeace+1","floor":39},{"not_picked":["ThirdEye+1","DevaForm","PathToVictory+1"],"picked":"SKIP","floor":41},{"not_picked":["FlyingSleeves+1","ClearTheMind+1","EmptyFist+1"],"picked":"SKIP","floor":44},{"not_picked":["ReachHeaven","LikeWater+1","BattleHymn+1"],"picked":"SKIP","floor":47},{"not_picked":["FearNoEvil","JustLucky+1"],"picked":"Crescendo+1","floor":48}],"player_experience":69058,"relics_obtained":[{"floor":9.0,"key":"Old Coin"},{"floor":13.0,"key":"Dream Catcher"},{"floor":26.0,"key":"Nunchaku"},{"floor":27.0,"key":"Incense Burner"},{"floor":27.0,"key":"FossilizedHelix"},{"floor":29.0,"key":"Lantern"},{"floor":29.0,"key":"Damaru"},{"floor":41,"key":"Ornamental Fan"},{"floor":41,"key":"Bag of Marbles"},{"floor":43,"key":"Ancient Tea Set"},{"floor":43,"key":"Letter Opener"},{"floor":46,"key":"Torii"}],"event_choices":[{"cards_removed":["Evaluate"],"damage_healed":0.0,"max_hp_gain":0.0,"max_hp_loss":0.0,"gold_gain":0.0,"event_name":"NoteForYourself","player_choice":"Took Card","floor":4.0,"gold_loss":0.0,"damage_taken":0.0,"cards_obtained":["PiercingWail"]},{"damage_healed":0.0,"max_hp_gain":0.0,"max_hp_loss":0.0,"gold_gain":0.0,"event_name":"Back to Basics","player_choice":"Simplicity","floor":23.0,"gold_loss":0.0,"damage_taken":0.0,"cards_upgraded":["Strike_P","Strike_P","Strike_P","Strike_P","Defend_P","Defend_P","Defend_P"]},{"damage_healed":0.0,"max_hp_gain":0.0,"max_hp_loss":0.0,"gold_gain":0.0,"event_name":"Match and Keep!","player_choice":"2 cards matched","floor":28.0,"gold_loss":0.0,"damage_taken":0.0,"cards_obtained":["Eruption","Sanctity"]},{"damage_healed":0.0,"max_hp_gain":0.0,"max_hp_loss":0.0,"gold_gain":0.0,"event_name":"Match and Keep!","player_choice":"2 cards matched","floor":28.0,"gold_loss":0.0,"damage_taken":0.0,"cards_obtained":["Eruption","Sanctity"]},{"cards_removed":["DevaForm"],"damage_healed":0,"gold_gain":0,"player_choice":"Removed Power","damage_taken":0,"max_hp_gain":0,"max_hp_loss":0,"event_name":"Falling","floor":45,"gold_loss":0},{"damage_healed":0,"gold_gain":0,"player_choice":"Fight","damage_taken":0,"max_hp_gain":0,"max_hp_loss":0,"event_name":"Mysterious Sphere","floor":46,"gold_loss":0}],"is_beta":false,"boss_relics":[{"not_picked":["Sozu","Runic Pyramid"],"picked":"Black Star"},{"not_picked":["Busted Crown","Cursed Key"],"picked":"Fusion Hammer"}],"items_purged_floors":[11,36],"is_endless":false,"potions_floor_spawned":[3,8,10,14,18,20,21,22,31,33,35,37,39,44],"ascension_level":0}}