{"host":"1qhzi8r9ejho5yph","time":1613337020,"event":{"mods":["AchievementEnabler","BaseMod","Colored Map","Colored Powertips","Highlight Path","Minty Spire (QoL Compilation)","Permanent Neow","Quick Restart","Random Character Button","StSLib","SuperFastMode","Synergy Search"],"gold_per_floor":[112,130,47,47,96,76,76,98,122,187,228,240,281,333,345,491,503,529,541,541],"floor_reached":19,"language":"ENG","playtime":639,"items_purged":[],"score":177,"play_id":"836bfd89-b457-41ae-8def-3ebcf55085fe","local_time":"20210215051020","is_ascension_mode":false,"campfire_choices":[{"data":"Armaments","floor":7,"key":"SMITH"},{"data":"Entrench","floor":12,"key":"SMITH"},{"data":"True Grit","floor":15,"key":"SMITH"}],"circlet_count":0,"master_deck":["Strike_R","Strike_R","Strike_R","Defend_R","Defend_R","Defend_R","Bash","Second Wind","Body Slam","Shrug It Off","Evolve","Armaments+1","Dual Wield","Rampage","Entrench+1","True Grit+1","Body Slam","Juggernaut"],"relics":["Burning Blood","Golden Idol","CeramicFish","MawBank","Toy Ornithopter","Bag of Preparation","Empty Cage"],"acts_visited":["Exordium","TheCity"],"potions_floor_usage":[11],"damage_taken":[{"damage":0,"enemies":"Small Slimes","floor":1,"turns":3},{"damage":6,"enemies":"Jaw Worm","floor":2,"turns":3},{"damage":2,"enemies":"2 Louse","floor":8,"turns":3},{"damage":20,"enemies":"Lagavulin","floor":10,"turns":11},{"damage":37,"enemies":"Exordium Thugs","floor":11,"turns":7},{"damage":0,"enemies":"Exordium Wildlife","floor":13,"turns":3},{"damage":8,"enemies":"3 Sentries","floor":14,"turns":7},{"damage":43,"enemies":"Hexaghost","floor":16,"turns":11},{"damage":29,"enemies":"Spheric Guardian","floor":18,"turns":8},{"damage":0,"enemies":"2 Thieves","floor":19,"turns":1}],"seed_played":"-1462049839742518868","potions_obtained":[{"floor":1,"key":"GamblersBrew"},{"floor":2,"key":"Weak Potion"},{"floor":6,"key":"BloodPotion"},{"floor":16,"key":"SpeedPotion"}],"is_trial":false,"path_per_floor":["M","M","$","?","T","?","R","M","T","E","M","R","M","E","R","B",null,"M","M"],"character_chosen":"IRONCLAD","items_purchased":["Evolve","Armaments"],"campfire_rested":0,"item_purchase_floors":[3,3],"current_hp_per_floor":[80,80,80,60,60,60,60,64,64,50,40,40,46,44,44,7,80,57,57,57],"gold":541,"neow_bonus":"TRANSFORM_CARD","is_daily":false,"chose_seed":false,"campfire_upgraded":3,"win_rate":0.0,"timestamp":1613337020,"path_taken":["M","M","$","?","?","?","R","?","T","E","M","R","M","E","R","BOSS","M","M"],"items_purchased_type":["Card","Card"],"build_version":"2020-12-22","purchased_purges":0,"victory":false,"max_hp_per_floor":[80,80,80,80,80,80,80,80,80,80,80,80,80,80,80,80,80,80,80,80],"card_choices":[{"not_picked":["Feel No Pain","Anger"],"picked":"Body Slam","floor":1},{"not_picked":["Feel No Pain","Havoc"],"picked":"Shrug It Off","floor":2},{"not_picked":["Flex","Pommel Strike"],"picked":"Dual Wield","floor":8},{"not_picked":["Burning Pact","Reckless Charge"],"picked":"Rampage","floor":10},{"not_picked":["Clothesline","Cleave"],"picked":"Entrench","floor":11},{"not_picked":["Wild Strike","Warcry"],"picked":"True Grit","floor":13},{"not_picked":["Sword Boomerang","Iron Wave"],"picked":"Body Slam","floor":14},{"not_picked":["Berserk","Bludgeon"],"picked":"Juggernaut","floor":16},{"not_picked":["Thunderclap","Sword Boomerang","Second Wind+1"],"picked":"SKIP","floor":18}],"player_experience":383191,"relics_obtained":[{"floor":5,"key":"CeramicFish"},{"floor":9,"key":"MawBank"},{"floor":10,"key":"Toy Ornithopter"},{"floor":14,"key":"Bag of Preparation"}],"event_choices":[{"damage_healed":0,"gold_gain":0,"player_choice":"Take Damage","damage_taken":20,"relics_obtained":["Golden Idol"],"max_hp_gain":0,"max_hp_loss":0,"event_name":"Golden Idol","floor":4,"gold_loss":0},{"damage_healed":0,"gold_gain":0,"player_choice":"Bought 1 Potion","damage_taken":0,"max_hp_gain":0,"max_hp_loss":0,"event_name":"The Woman in Blue","floor":6,"gold_loss":0}],"is_beta":false,"boss_relics":[{"not_picked":["Tiny House","Pandora\u0027s Box"],"picked":"Empty Cage"}],"items_purged_floors":[],"is_endless":false,"potions_floor_spawned":[1,2,16,18],"killed_by":"2 Thieves","ascension_level":0}}