{"host":"k1qq3tnzhl68zvao","time":1613309043,"event":{"mods":["ATMod(阿瑾Mod)","AchievementEnabler","BaseMod","Colored Powertips","Conspire","DeckTracker","Downfall","Energized Spire","GifTheSpireLib","Minty Spire (QoL Compilation)","Quick Restart","Relic Filter Mod","Replay The Spire","Spicy Shops","StSLib","【遗物卡牌】REMEMod"],"gold_per_floor":[113,127,127,145,164,191,211,211,211,244,254,287,299,224,321,393,393,410,429,439,274,298,298,318,347,347,382,382,382,412,422,422,496,496,513,524,142,195,209,209,234,311,337,369,379,396,428,446,446,446],"floor_reached":51,"language":"ZHS","playtime":3943,"items_purged":["Defend_R","Strike_R","Strike_R"],"score":1812,"play_id":"6c155cd9-76b2-42b5-8d36-0958047c7c2c","local_time":"20210214212403","is_ascension_mode":true,"campfire_choices":[{"data":"ReplayTheSpireMod:Strike From Hell","floor":8.0,"key":"SMITH"},{"data":"ReplayTheSpireMod:Strike From Hell","floor":23.0,"key":"SMITH"},{"data":"ReplayTheSpireMod:Strike From Hell","floor":32.0,"key":"SMITH"},{"data":"ReplayTheSpireMod:Strike From Hell","floor":40.0,"key":"SMITH"},{"data":"Feel No Pain","floor":49,"key":"SMITH"}],"circlet_count":0,"master_deck":["AscendersBane","Strike_R","Strike_R","Strike_R","Defend_R","Defend_R","Bash","AT_BreakingExtremeWeapon","Slimebound:OneTwoCombo","Shrug It Off","Flex","Thunderclap","ReplayTheSpireMod:Strike From Hell+1","ReplayTheSpireMod:Strike From Hell+1","ReplayTheSpireMod:Strike From Hell+1","REME_ACTH","Armaments","Burning Pact","AT_LightSaberMaster","ReplayTheSpireMod:Strike From Hell+1","ReplayTheSpireMod:Strike From Hell","Feel No Pain+1","Reaper","Feel No Pain+1","REME_ACTH"],"relics":["Burning Blood","AT_ATBox","REME_ComplimentaryCards","Replay:Towering Pillar of Hats","conspire:TopHat","Strawberry","Meat on the Bone","energizedSpire:NeverEndingSparkler","Calipers","Bag of Preparation","AT_Manta","White Beast Statue","Blue Candle","HornCleat","Ooze Armor","Bag of Marbles","Prayer Wheel","Replay:Baseball","Unceasing Top","Anchor","Smiling Mask","AT_BladeRuinedKing"],"acts_visited":["Exordium","TheCity","TheBeyond"],"potions_floor_usage":[],"damage_taken":[{"damage":12.0,"enemies":"Small Slimes","floor":1.0,"turns":4.0},{"damage":0.0,"enemies":"2 Louse","floor":2.0,"turns":3.0},{"damage":2.0,"enemies":"Jaw Worm","floor":4.0,"turns":3.0},{"damage":22.0,"enemies":"3 Louse","floor":5.0,"turns":3.0},{"damage":31.0,"enemies":"Gremlin Nob","floor":6.0,"turns":4.0},{"damage":4.0,"enemies":"Looter","floor":7.0,"turns":4.0},{"damage":0.0,"enemies":"Lagavulin","floor":10.0,"turns":1.0},{"damage":0.0,"enemies":"2 Fungi Beasts","floor":11.0,"turns":2.0},{"damage":22.0,"enemies":"3 Sentries","floor":12.0,"turns":6.0},{"damage":8.0,"enemies":"Blue Slaver","floor":13.0,"turns":3.0},{"damage":0.0,"enemies":"Hexaghost","floor":16.0,"turns":2.0},{"damage":0.0,"enemies":"3 Byrds","floor":18.0,"turns":1.0},{"damage":0.0,"enemies":"Shell Parasite","floor":19.0,"turns":2.0},{"damage":20.0,"enemies":"Shelled Parasite and Fungi","floor":20.0,"turns":3.0},{"damage":0.0,"enemies":"Snake Plant","floor":24.0,"turns":1.0},{"damage":0.0,"enemies":"Book of Stabbing","floor":25.0,"turns":1.0},{"damage":0.0,"enemies":"Slavers","floor":27.0,"turns":1.0},{"damage":0.0,"enemies":"Book of Stabbing","floor":30.0,"turns":1.0},{"damage":18.0,"enemies":"Centurion and Healer","floor":31.0,"turns":3.0},{"damage":13.0,"enemies":"Champ","floor":33.0,"turns":2.0},{"damage":0.0,"enemies":"Orb Walker","floor":35.0,"turns":1.0},{"damage":0.0,"enemies":"3 Darklings","floor":36.0,"turns":1.0},{"damage":0.0,"enemies":"2 Orb Walkers","floor":38.0,"turns":1.0},{"damage":0.0,"enemies":"Maw","floor":39.0,"turns":2.0},{"damage":15.0,"enemies":"Giant Head","floor":41.0,"turns":2.0},{"damage":4.0,"enemies":"conspire:MimicChest","floor":42.0,"turns":5.0},{"damage":0.0,"enemies":"Reptomancer","floor":44.0,"turns":2.0},{"damage":1.0,"enemies":"Jaw Worm Horde","floor":45.0,"turns":2.0},{"damage":3,"enemies":"3 Darklings","floor":46,"turns":2},{"damage":0,"enemies":"Giant Head","floor":47,"turns":1},{"damage":0,"enemies":"Maw","floor":48,"turns":1},{"damage":12,"enemies":"Time Eater","floor":50,"turns":3}],"seed_played":"-3976552467596253557","potions_obtained":[{"floor":1.0,"key":"Fire Potion"},{"floor":4.0,"key":"Ancient Potion"},{"floor":11.0,"key":"Adrenaline Potion"},{"floor":13.0,"key":"champ:CounterPotion"},{"floor":19.0,"key":"Strength Potion"},{"floor":27.0,"key":"PowerPotion"},{"floor":33.0,"key":"Adrenaline Potion"}],"is_trial":false,"path_per_floor":["M","M","?","M","M","E","M","R","T","E","M","E","M","?","R","B",null,"M","M","M","$","?","R","M","E","T","E","?","?","E","M","R","B",null,"M","M","$","?","M","R","E","?","T","E","M","M","E","M","R","B",null],"character_chosen":"IRONCLAD","items_purchased":["AT_LightSaberMaster","Bag of Marbles"],"campfire_rested":0,"item_purchase_floors":[21,37],"current_hp_per_floor":[69,75,80,84,68,43,45,45,45,58,64,48,58,58,58,64,87,93,94,80,80,43,43,61,67,67,73,73,68,74,62,62,55,84,94,94,94,94,94,94,85,94,94,94,94,94,94,94,94,94],"gold":446,"neow_bonus":"TEN_PERCENT_HP_BONUS","is_daily":false,"chose_seed":false,"campfire_upgraded":5,"win_rate":0.0,"timestamp":1613309043,"path_taken":["M","M","?","M","M","E","M","R","T","E","M","E","M","?","R","BOSS","M","M","M","$","?","R","M","E","T","E","?","?","E","M","R","BOSS","M","M","$","?","M","R","E","?","T","E","M","M","E","M","R","BOSS"],"items_purchased_type":["Card","Relic"],"build_version":"2020-12-22","purchased_purges":3,"victory":true,"max_hp_per_floor":[82,82,87,87,87,87,87,87,87,94,94,94,94,94,94,94,94,94,94,94,94,94,94,94,94,94,94,94,94,94,94,94,94,94,94,94,94,94,94,94,94,94,94,94,94,94,94,94,94,94],"card_choices":[{"not_picked":["Clash","Warcry"],"picked":"Shrug It Off","floor":1.0},{"not_picked":["Clothesline","Second Wind"],"picked":"Flex","floor":2.0},{"not_picked":["Fire Breathing","Heavy Blade"],"picked":"Thunderclap","floor":4.0},{"not_picked":["AT_DiedThrough","AT_IchimonjiDouble","Perfected Strike"],"picked":"SKIP","floor":5.0},{"not_picked":["Ghostly Armor","Rampage","conspire:ExplosiveBarrier"],"picked":"SKIP","floor":6.0},{"not_picked":["Perfected Strike","Abandon"],"picked":"ReplayTheSpireMod:Strike From Hell","floor":7.0},{"not_picked":["Massacre","Perfected Strike","Power Through"],"picked":"SKIP","floor":10.0},{"not_picked":["Wild Strike","Dropkick"],"picked":"ReplayTheSpireMod:Strike From Hell","floor":11.0},{"not_picked":["Eclipse","Fiend Fire","Combust"],"picked":"SKIP","floor":12.0},{"not_picked":["ReplayTheSpireMod:Corrosion Curse","ReplayTheSpireMod:Limb From Limb"],"picked":"ReplayTheSpireMod:Strike From Hell","floor":13.0},{"not_picked":["Hemogenesis","Eclipse"],"picked":"REME_ACTH","floor":16.0},{"not_picked":["Twin Strike","AT_DiedThrough","AT_IchimonjiDouble"],"picked":"SKIP","floor":18.0},{"not_picked":["Dropkick","Headbutt"],"picked":"Armaments","floor":19.0},{"not_picked":["Searing Blow+1","Metallicize+1"],"picked":"Burning Pact","floor":20.0},{"not_picked":["Headbutt","Power Through"],"picked":"ReplayTheSpireMod:Strike From Hell","floor":24.0},{"not_picked":["Intimidate","conspire:HitWhereItHurts"],"picked":"ReplayTheSpireMod:Strike From Hell","floor":25.0},{"not_picked":["Shrug It Off","Twin Strike","AT_BodySlamDance"],"picked":"SKIP","floor":27.0},{"not_picked":["REME_TheLastStrike","Limit Break","Warcry"],"picked":"SKIP","floor":30.0},{"not_picked":["Shrug It Off","AT_CaressingTears+1","Headbutt"],"picked":"SKIP","floor":31.0},{"not_picked":["AT_Dispersion","Eclipse"],"picked":"Reaper","floor":33.0},{"not_picked":["Anger","Power Through","Massacre"],"picked":"SKIP","floor":35.0},{"not_picked":["ReplayTheSpireMod:Limb From Limb","Shrug It Off","Armaments+1"],"picked":"SKIP","floor":36.0},{"not_picked":["Cleave","ReplayTheSpireMod:Stacked"],"picked":"Feel No Pain+1","floor":38.0},{"not_picked":["Disarm","Shrug It Off","Rupture"],"picked":"SKIP","floor":39.0},{"not_picked":["REME_Scribble","Rage","Run Through"],"picked":"SKIP","floor":39.0},{"not_picked":["Clothesline","AT_IchimonjiDouble","REME_FearOfPain"],"picked":"SKIP","floor":41.0},{"not_picked":["Power Through","Warcry"],"picked":"REME_ACTH","floor":44.0},{"not_picked":["Entrench","Armaments","Twin Strike+1"],"picked":"SKIP","floor":45.0},{"not_picked":["Reckless Charge","Iron Wave","AT_ShrugMaster"],"picked":"SKIP","floor":45.0},{"not_picked":["AT_CaressingTears","AT_IchimonjiDouble","REME_SingleHolding"],"picked":"SKIP","floor":46},{"not_picked":["Body Slam+1","Clothesline","Feel No Pain"],"picked":"SKIP","floor":46},{"not_picked":["Body Slam","AT_BodySlamDance","Ghostly Armor+1"],"picked":"SKIP","floor":47},{"not_picked":["Havoc","Iron Wave","Entrench+1"],"picked":"SKIP","floor":48},{"not_picked":["True Grit","Pummel+1","Clothesline"],"picked":"SKIP","floor":48}],"player_experience":578857,"relics_obtained":[{"floor":6.0,"key":"Replay:Towering Pillar of Hats"},{"floor":9.0,"key":"conspire:TopHat"},{"floor":10.0,"key":"Strawberry"},{"floor":12.0,"key":"Meat on the Bone"},{"floor":22.0,"key":"Calipers"},{"floor":25.0,"key":"Bag of Preparation"},{"floor":26.0,"key":"AT_Manta"},{"floor":27.0,"key":"White Beast Statue"},{"floor":30.0,"key":"HornCleat"},{"floor":38.0,"key":"Prayer Wheel"},{"floor":41.0,"key":"Replay:Baseball"},{"floor":42.0,"key":"Unceasing Top"},{"floor":43.0,"key":"Anchor"},{"floor":44.0,"key":"Smiling Mask"},{"floor":47,"key":"AT_BladeRuinedKing"}],"event_choices":[{"damage_healed":0.0,"max_hp_gain":5.0,"max_hp_loss":0.0,"gold_gain":0.0,"event_name":"Big Fish","player_choice":"Donut","floor":3.0,"gold_loss":0.0,"damage_taken":0.0},{"cards_removed":["Defend_R"],"damage_healed":0.0,"max_hp_gain":0.0,"max_hp_loss":0.0,"gold_gain":0.0,"event_name":"The Cleric","player_choice":"Card Removal","floor":14.0,"gold_loss":75.0,"damage_taken":0.0},{"damage_healed":0.0,"max_hp_gain":0.0,"max_hp_loss":0.0,"gold_gain":0.0,"event_name":"The Library","player_choice":"Read","floor":28.0,"gold_loss":0.0,"damage_taken":0.0,"cards_obtained":["Feel No Pain"]},{"damage_healed":0.0,"max_hp_gain":0.0,"max_hp_loss":0.0,"gold_gain":0.0,"event_name":"Mysterious Sphere","player_choice":"Fight","floor":38.0,"gold_loss":0.0,"damage_taken":0.0}],"is_beta":false,"boss_relics":[{"not_picked":["Painkiller Herb","Ectoplasm"],"picked":"energizedSpire:NeverEndingSparkler"},{"not_picked":["energizedSpire:DeadBattery","SlaversCollar"],"picked":"Ooze Armor"}],"items_purged_floors":[21,37,37],"is_endless":false,"potions_floor_spawned":[1,4,7,11,13,19,24,27,30,31,33,35,36,38,39,41,42,44,45,46,47,48],"ascension_level":15}}