{"host":"eaiphzh066bwqdh7","time":1613264593,"event":{"mods":["BaseMod","Better Note","Halation","Hubris","Minty Spire (QoL Compilation)","Reliquary","Replay The Spire","StSLib"],"gold_per_floor":[110,75,91,166,180,180,214,214,214,214,66,66,15,30,30,127,127,139,62,62,62,75,75,75],"floor_reached":23,"language":"ENG","playtime":690,"items_purged":["Defend_B"],"score":224,"play_id":"d92a0218-ed37-4b64-8d59-0f3c31c8342b","local_time":"20210213200313","is_ascension_mode":true,"campfire_choices":[{"floor":6,"key":"REST"},{"floor":8,"key":"REST"},{"floor":12,"key":"REST"},{"floor":15,"key":"REST"}],"circlet_count":0,"master_deck":["Strike_B","Strike_B","Strike_B","Strike_B","Defend_B","Defend_B","Defend_B+1","Zap","Dualcast","Gash","BootSequence+1","Rainbow","Pot Of Greed","Pot Of Greed","Self Repair","Leap","FTL","Buffer","Streamline+1","Streamline+1"],"relics":["Cracked Core","reliquary:SilkGlove","War Paint","Grinning Jar","Replay:Wax Seal"],"acts_visited":["Exordium","TheCity"],"potions_floor_usage":[7,7,16,16],"damage_taken":[{"damage":18,"enemies":"Jaw Worm","floor":1,"turns":4},{"damage":8,"enemies":"Small Slimes","floor":3,"turns":3},{"damage":6,"enemies":"2 Louse","floor":5,"turns":3},{"damage":59,"enemies":"3 Sentries","floor":7,"turns":12},{"damage":0,"enemies":"Looter","floor":14,"turns":3},{"damage":78,"enemies":"Fading Forest","floor":16,"turns":11},{"damage":15,"enemies":"Spheric Guardian","floor":18,"turns":4},{"damage":40,"enemies":"3 Byrds","floor":22,"turns":6},{"damage":35,"enemies":"Book of Stabbing","floor":23,"turns":4}],"seed_played":"-8328220218277705612","potions_obtained":[{"floor":1,"key":"Venom Potion"},{"floor":3,"key":"SkillPotion"},{"floor":5,"key":"Weak Potion"},{"floor":14,"key":"Toxic Potion"},{"floor":22,"key":"Milkshake"}],"is_trial":false,"path_per_floor":["M","?","M","?","M","R","E","R","T","?","$","R","$","M","R","B",null,"M","$","?","$","M","E"],"character_chosen":"DEFECT","items_purchased":["Self Repair","Leap","Replay:Wax Seal"],"campfire_rested":4,"item_purchase_floors":[11,13,19],"current_hp_per_floor":[57,75,67,56,50,72,13,35,35,28,28,50,50,57,75,13,75,67,67,67,67,34,0,0],"gold":75,"neow_bonus":"RANDOM_COMMON_RELIC","is_daily":false,"chose_seed":false,"campfire_upgraded":0,"win_rate":0.0,"timestamp":1613264593,"path_taken":["M","?","M","?","M","R","E","R","T","?","?","R","$","?","R","BOSS","M","$","?","$","M","E"],"items_purchased_type":["Card","Card","Relic"],"build_version":"2020-12-22","purchased_purges":1,"victory":false,"max_hp_per_floor":[75,75,75,75,75,75,75,75,75,75,75,75,75,75,75,75,75,75,75,75,75,75,75,75],"card_choices":[{"not_picked":["Chill","FIFO Queue"],"picked":"Gash","floor":1},{"not_picked":["Gash","Streamline"],"picked":"BootSequence","floor":3},{"not_picked":["Reprogram","Panic Button"],"picked":"Consume","floor":5},{"not_picked":["Coolheaded","Ball Lightning"],"picked":"Rainbow","floor":7},{"not_picked":["Panic Button","Double Energy"],"picked":"FTL","floor":14},{"not_picked":["Rainbow","ReplayTheSpireMod:Omega Cannon"],"picked":"Buffer","floor":16},{"not_picked":["Compile Driver","Hologram"],"picked":"Streamline+1","floor":18},{"not_picked":["Sweeping Beam","Redo"],"picked":"Streamline+1","floor":22}],"player_experience":309781,"relics_obtained":[{"floor":7,"key":"War Paint"},{"floor":9,"key":"Grinning Jar"}],"event_choices":[{"damage_healed":18,"gold_gain":0,"player_choice":"Healed","damage_taken":0,"max_hp_gain":0,"max_hp_loss":0,"event_name":"The Cleric","floor":2,"gold_loss":35},{"damage_healed":0,"gold_gain":75,"player_choice":"Gather Gold","damage_taken":11,"max_hp_gain":0,"max_hp_loss":0,"event_name":"World of Goop","floor":4,"gold_loss":0},{"cards_removed":["Consume"],"damage_healed":0,"gold_gain":0,"player_choice":"Card Removal","damage_taken":7,"max_hp_gain":0,"max_hp_loss":0,"event_name":"Golden Wing","floor":10,"gold_loss":0},{"damage_healed":0,"gold_gain":0,"player_choice":"Ignored","damage_taken":0,"max_hp_gain":0,"max_hp_loss":0,"event_name":"Vampires","floor":20,"gold_loss":0}],"is_beta":false,"boss_relics":[{"not_picked":["Abe\u0027s Treasure","Replay:Bronze Core","Philosopher\u0027s Stone"]}],"items_purged_floors":[11],"is_endless":false,"potions_floor_spawned":[1,3,5,14,22],"killed_by":"Book of Stabbing","ascension_level":4}}