{"host":"lnfs5t5iydkm2lft","time":1613274278,"event":{"mods":["AchievementEnabler","BaseMod","Better Third Choice","BetterRewards","Colored Powertips","Downfall","Hermit","Hubris","Infinite Spire","Marisa????????","Minty Spire (QoL Compilation)","Quick Restart","Replay The Spire","StSLib","The Runesmith","The Senshi","everything is the same but u backflip on backflip","slay the spire mod where everything is the same but ironclad has a cowboy hat"],"gold_per_floor":[112,124,124,124,50,78,91,40,65,93,104,134,134,147,147,250,250,270,270,270,280,293,293,293,293,14,31,105,105,9,35,55,71,71,71,71],"floor_reached":35,"language":"ENG","playtime":1503,"items_purged":["CarveReality"],"score":389,"play_id":"331e897f-b8bf-4135-8f59-1e851e6b63ec","local_time":"20210213214438","is_ascension_mode":true,"campfire_choices":[{"floor":15,"key":"DIG"},{"data":"infinitespire:TheBestDefense","floor":25,"key":"PURGE"},{"data":"LessonLearned","floor":34,"key":"SMITH"}],"circlet_count":0,"master_deck":["Defend_P","Defend_P","Defend_P","Defend_P","Eruption","Vigilance","FearNoEvil","ReachHeaven","Replay:DivineShield","Protect","FlurryOfBlows","WindmillStrike+1","SpiritShield+1","LessonLearned+1","Bite","Bite","Bite+1","Bite","Bite","hubris:InfiniteBlow","ReplayTheSpireMod:??????????????????????","Study","ReplayTheSpireMod:IOU","Judgement"],"relics":["PureWater","NeowsBlessing","Bronze Scales","Ornamental Fan","ReplayTheSpireMod:TigerMarble","Vajra","Toy Ornithopter","hubris:MysteriousPyramids","hubris:ScarierMask","Peace Pipe","Replay:Wax Seal","Medical Kit","Lee\u0027s Waffle","Sundial"],"acts_visited":["Exordium","TheCity"],"potions_floor_usage":[10,10,12,16,31,32,35],"damage_taken":[{"damage":0,"enemies":"Small Slimes","floor":1,"turns":1},{"damage":0,"enemies":"Jaw Worm","floor":2,"turns":1},{"damage":0,"enemies":"Gremlin Nob","floor":6,"turns":1},{"damage":0,"enemies":"Cultist","floor":7,"turns":3},{"damage":0,"enemies":"Lagavulin","floor":10,"turns":4},{"damage":0,"enemies":"2 Fungi Beasts","floor":11,"turns":2},{"damage":2,"enemies":"3 Sentries","floor":12,"turns":4},{"damage":0,"enemies":"Looter","floor":14,"turns":3},{"damage":27,"enemies":"Hexaghost","floor":16,"turns":4},{"damage":34,"enemies":"Spheric Guardian","floor":18,"turns":8},{"damage":5,"enemies":"2 Thieves","floor":21,"turns":3},{"damage":0,"enemies":"Centurion and Healer","floor":22,"turns":3},{"damage":16,"enemies":"Shelled Parasite and Fungi","floor":27,"turns":4},{"damage":39,"enemies":"Gremlin Leader","floor":31,"turns":9},{"damage":2,"enemies":"Snecko","floor":32,"turns":5},{"damage":6,"enemies":"Centurion and Healer","floor":33,"turns":5},{"damage":71,"enemies":"Champ","floor":35,"turns":10}],"seed_played":"5373266200758206777","potions_obtained":[{"floor":1,"key":"AttackPotion"},{"floor":6,"key":"BottledMiracle"},{"floor":7,"key":"Explosive Potion"},{"floor":11,"key":"FearPotion"},{"floor":22,"key":"StancePotion"},{"floor":33,"key":"SkillPotion"}],"is_trial":false,"path_per_floor":["M","M","?","?","$","E","M","$","T","E","M","E","?","M","R","B",null,"M","?","AVR","M","M","PTL","PTL","R","$","M","T","?","$","E","M","M","R","B"],"character_chosen":"WATCHER","items_purchased":["Replay:DivineShield","PowerPotion","Replay:Wax Seal","Medical Kit","Lee\u0027s Waffle","SkillPotion"],"campfire_rested":0,"item_purchase_floors":[5,8,26,26,30,30],"current_hp_per_floor":[72,72,72,72,72,72,72,72,72,72,72,70,70,70,70,45,72,38,38,38,39,43,43,43,43,43,31,31,31,57,31,41,40,40,0,0],"gold":71,"neow_bonus":"THREE_ENEMY_KILL","is_daily":false,"chose_seed":false,"campfire_upgraded":1,"win_rate":0.0,"timestamp":1613274278,"path_taken":["M","M","?","?","$","E","M","?","T","E","?","E","?","M","R","BOSS","M","?","AVR","M","M","PTL","PTL","R","$","M","T","?","?","E","?","M","R","BOSS"],"items_purchased_type":["Card","Potion","Relic","Relic","Relic","Potion"],"build_version":"2020-12-22","purchased_purges":1,"victory":false,"max_hp_per_floor":[72,72,72,72,72,72,72,72,72,72,72,72,72,72,72,72,72,72,50,50,50,50,50,50,50,50,50,50,50,57,57,57,57,57,57,57],"card_choices":[{"not_picked":["Replay:AtTheReady","Pray"],"picked":"FearNoEvil","floor":1},{"not_picked":["PathToVictory","Vengeance"],"picked":"ReachHeaven","floor":2},{"not_picked":["FollowUp","Replay:AllIn"],"picked":"CarveReality","floor":6},{"not_picked":["WreathOfFlame","Prostrate"],"picked":"Protect","floor":7},{"not_picked":["Replay:ManipulateFuture","Protect"],"picked":"FlurryOfBlows","floor":10},{"not_picked":["Evaluate","Replay:AtTheReady"],"picked":"WindmillStrike","floor":11},{"not_picked":["Adaptation","Prostrate","Halt"],"picked":"SKIP","floor":12},{"not_picked":["Consecrate","FlyingSleeves","WindmillStrike"],"picked":"SKIP","floor":14},{"not_picked":["DeusExMachina","Blasphemy"],"picked":"LessonLearned","floor":16},{"not_picked":["Replay:AtTheReady","BattleHymn","WheelKick"],"picked":"SKIP","floor":18},{"not_picked":["Replay:AtTheReady","Halt+1"],"picked":"Study","floor":21},{"not_picked":["CutThroughFate","FollowUp","Evaluate"],"picked":"SKIP","floor":22},{"not_picked":["PathToVictory+1","Replay:AllIn","EmptyMind"],"picked":"SKIP","floor":27},{"not_picked":["CutThroughFate","PathToVictory","Halt"],"picked":"SKIP","floor":31},{"not_picked":["BattleHymn+1","Replay:Cycle+1","Sanctity"],"picked":"SKIP","floor":32},{"not_picked":["EmptyFist","Meditate"],"picked":"Judgement","floor":33}],"player_experience":363807,"relics_obtained":[{"floor":4,"key":"Bronze Scales"},{"floor":6,"key":"Ornamental Fan"},{"floor":9,"key":"ReplayTheSpireMod:TigerMarble"},{"floor":10,"key":"Vajra"},{"floor":12,"key":"Toy Ornithopter"},{"floor":15,"key":"hubris:MysteriousPyramids"},{"floor":31,"key":"Sundial"}],"event_choices":[{"damage_healed":0,"gold_gain":0,"player_choice":"Leave","damage_taken":0,"max_hp_gain":0,"max_hp_loss":0,"event_name":"The Cleric","floor":3,"gold_loss":0},{"damage_healed":0,"gold_gain":0,"player_choice":"Became a vampire","damage_taken":0,"max_hp_gain":0,"max_hp_loss":22,"event_name":"Vampires","floor":19,"gold_loss":0,"cards_obtained":["Bite","Bite","Bite","Bite","Bite"]},{"damage_healed":0,"gold_gain":0,"player_choice":"Ignored","damage_taken":0,"max_hp_gain":0,"max_hp_loss":0,"event_name":"The Mausoleum","floor":29,"gold_loss":0}],"is_beta":false,"boss_relics":[{"not_picked":["Calling Bell","hubris:CrackedHourglass"],"picked":"hubris:ScarierMask"}],"items_purged_floors":[26],"is_endless":false,"potions_floor_spawned":[1,6,7,11,22,33],"killed_by":"Champ","ascension_level":1}}