{"host":"v4tuy5ykrbdcm9o9","time":1613285042,"event":{"mods":["BaseMod","Duelist Mod","Minty Spire (QoL Compilation)","Replay The Spire","StSLib"],"gold_per_floor":[116,131,142,57,70,98,118,136,162,179,179,179,179,219,219,219,219],"floor_reached":16,"language":"ENG","playtime":1474,"items_purged":[],"score":202,"play_id":"2dbb7d7f-ba0b-48f3-ace5-da159a4df105","local_time":"20210214014402","is_ascension_mode":true,"campfire_choices":[{"floor":12,"key":"RECALL"},{"floor":15,"key":"REST"}],"circlet_count":0,"master_deck":["Strike_P","Strike_P","Strike_P","Strike_P","Defend_P","Defend_P","Defend_P","Defend_P","Eruption","Vigilance","WaveOfTheHand","Nirvana","CrushJoints","SignatureMove","FollowUp","CutThroughFate","Replay:ManipulateFuture","Replay:DivineShield","Replay:BluntJabs","FollowUp"],"relics":["PureWater","Garlic","Golden Idol","Replay:Kaleidoscope"],"acts_visited":["Exordium"],"potions_floor_usage":[3,6,6,10,14],"damage_taken":[{"damage":0,"enemies":"Cultist","floor":1,"turns":2},{"damage":4,"enemies":"Jaw Worm","floor":2,"turns":5},{"damage":0,"enemies":"2 Louse","floor":3,"turns":3},{"damage":0,"enemies":"Exordium Wildlife","floor":5,"turns":3},{"damage":0,"enemies":"Gremlin Nob","floor":6,"turns":2},{"damage":2,"enemies":"3 Louse","floor":7,"turns":3},{"damage":2,"enemies":"Looter","floor":8,"turns":3},{"damage":6,"enemies":"Exordium Thugs","floor":10,"turns":4},{"damage":36,"enemies":"3 Sentries","floor":14,"turns":6},{"damage":18,"enemies":"Hexaghost","floor":16,"turns":9}],"seed_played":"8726320367173852597","potions_obtained":[{"floor":1,"key":"EssenceOfSteel"},{"floor":2,"key":"PowerPotion"},{"floor":5,"key":"Swift Potion"},{"floor":10,"key":"StancePotion"}],"is_trial":false,"path_per_floor":["M","M","M","$","M","E","M","M","T","M","?","R","?","E","R","B"],"character_chosen":"WATCHER","items_purchased":["Energy Potion","SignatureMove"],"campfire_rested":1,"item_purchase_floors":[4,4],"current_hp_per_floor":[72,68,68,68,68,68,66,64,64,58,58,58,51,15,38,20,20],"gold":219,"neow_bonus":"TEN_PERCENT_HP_BONUS","is_daily":false,"chose_seed":false,"campfire_upgraded":0,"win_rate":0.0,"timestamp":1613285042,"path_taken":["M","M","M","$","M","E","M","?","T","M","?","R","?","E","R","BOSS"],"items_purchased_type":["Potion","Card"],"build_version":"2020-12-22","purchased_purges":0,"victory":false,"max_hp_per_floor":[79,79,79,79,79,79,79,79,79,79,79,79,79,79,79,79,79],"card_choices":[{"not_picked":["ClearTheMind","DeceiveReality"],"picked":"WaveOfTheHand","floor":1},{"not_picked":["FearNoEvil","Halt"],"picked":"Nirvana","floor":2},{"not_picked":["Evaluate","Pray"],"picked":"CrushJoints","floor":3},{"not_picked":["Crescendo","Replay:LoomingThreat"],"picked":"FollowUp","floor":5},{"not_picked":["Study","MentalFortress"],"picked":"CutThroughFate","floor":6},{"not_picked":["Prostrate","ThirdEye"],"picked":"Replay:ManipulateFuture","floor":7},{"not_picked":["Evaluate","PathToVictory"],"picked":"Replay:DivineShield","floor":8},{"not_picked":["Halt","Replay:AtTheReady"],"picked":"Replay:BluntJabs","floor":10},{"not_picked":["MentalFortress","Consecrate"],"picked":"FollowUp","floor":14}],"player_experience":871695,"relics_obtained":[{"floor":6,"key":"Garlic"},{"floor":14,"key":"Replay:Kaleidoscope"}],"event_choices":[{"damage_healed":0,"gold_gain":0,"player_choice":"Take Wound","damage_taken":0,"relics_obtained":["Golden Idol"],"max_hp_gain":0,"max_hp_loss":0,"event_name":"Golden Idol","floor":11,"gold_loss":0,"cards_obtained":["Injury"]},{"cards_removed":["Injury"],"damage_healed":0,"gold_gain":0,"player_choice":"Card Removal","damage_taken":7,"max_hp_gain":0,"max_hp_loss":0,"event_name":"Golden Wing","floor":13,"gold_loss":0}],"is_beta":false,"boss_relics":[],"items_purged_floors":[],"is_endless":false,"potions_floor_spawned":[1,2,5,10],"killed_by":"Hexaghost","ascension_level":9}}