{"host":"24j0rle15g8q9bc9","time":1613279443,"event":{"mods":["2.2 Compatiblity","Act Like it!","Bartender","BaseMod","Better Note","Colored Map","Colored Powertips","DeckTracker","Downfall","Elementarium","Hallownest","Hubris","Jorbs\u0027s Wanderer Trilogy","Minty Spire (QoL Compilation)","Rare Cards Sparkle","Remilia??????","StSLib","The Bug Knight","The Death Knight","The Necromancer","Treasure Hunter"],"gold_per_floor":[100,100,100,100,100,126,162,74,119,31,62,104,116,142,172,280,292,304,333,345,42,42,97,97,117,129,149,149,56,71,56,76,172,172,172,186,205,9,27,27,27,27],"floor_reached":40,"language":"ENG","playtime":2738,"items_purged":[],"score":479,"play_id":"18f5c633-d649-4d0c-9de3-04161fc93152","local_time":"20210214011043","is_ascension_mode":false,"campfire_choices":[{"data":"Slimebound:Split","floor":1.0,"key":"SMITH"},{"data":"Slimebound:Schlurp","floor":8.0,"key":"SMITH"},{"data":"Slimebound:SlimeTap","floor":10.0,"key":"SMITH"},{"data":"Slimebound:SamplingLick","floor":18.0,"key":"SMITH"},{"floor":28.0,"key":"REST"},{"data":"Slimebound:Equalize","floor":35,"key":"SMITH"}],"circlet_count":0,"master_deck":["Slimebound:Strike_Slimebound","Slimebound:Strike_Slimebound","Slimebound:Strike_Slimebound","Slimebound:Tackle","Slimebound:Defend_Slimebound","Slimebound:Defend_Slimebound","Slimebound:Defend_Slimebound","Slimebound:Split+1","Slimebound:CorrosiveSpit+1","Slimebound:SlimeTap+1","Slimebound:TongueLash+1","Slimebound:ItLooksTasty","Slimebound:SplitLeeching","Slimebound:ItLooksTasty","CurseOfTheBell","CurseOfTheBell","Slimebound:DuplicatedForm","Slimebound:Dissolve","Slimebound:SplitLeeching","Slimebound:Gluttony+1","Slimebound:GoopSpray+1","Slimebound:Schlurp","Slimebound:Grow","Slimebound:SpikyOuterGoop","Slimebound:LeechEnergy","Slimebound:Equalize+1","Slimebound:Schlurp","Slimebound:OozeBath","hubris:DuctTapeCard","Slimebound:SamplingLick","expansioncontent:DashGenerateEvil","Slimebound:AcidTongue+1"],"relics":["Slimebound:AbsorbEndCombat","downfall:HeartsMalice","MawBank","downfall:HeartBlessingGreen","Tiny Chest","downfall:HeartBlessingBlue","Bottled Flame","downfall:ExtraCursedBell","hubris:TenFootPole","Pantograph","Calipers","Philosopher\u0027s Stone","hubris:DuctTape","hubris:SlimyHat","Mercury Hourglass"],"acts_visited":["Exordium","TheCity","TheBeyond"],"potions_floor_usage":[36],"damage_taken":[{"damage":0.0,"enemies":"Jaw Worm","floor":2.0,"turns":1.0},{"damage":0.0,"enemies":"2 Louse","floor":3.0,"turns":1.0},{"damage":0.0,"enemies":"Gremlin Nob","floor":6.0,"turns":1.0},{"damage":11.0,"enemies":"Lagavulin","floor":9.0,"turns":4.0},{"damage":0.0,"enemies":"Small Slimes","floor":11.0,"turns":3.0},{"damage":0.0,"enemies":"Gremlin Nob","floor":12.0,"turns":3.0},{"damage":13.0,"enemies":"Blue Slaver","floor":14.0,"turns":4.0},{"damage":0.0,"enemies":"3 Louse","floor":15.0,"turns":2.0},{"damage":9.0,"enemies":"IC_STATUS_ARCHETYPE","floor":16.0,"turns":7.0},{"damage":13.0,"enemies":"Shell Parasite","floor":19.0,"turns":5.0},{"damage":0.0,"enemies":"downfall:FleeingMerchant","floor":21.0,"turns":4.0},{"damage":5.0,"enemies":"downfall:LooterAlt2","floor":25.0,"turns":3.0},{"damage":10.0,"enemies":"Centurion and Healer","floor":26.0,"turns":5.0},{"damage":77.0,"enemies":"Cultist and Chosen","floor":27.0,"turns":9.0},{"damage":7.0,"enemies":"downfall:FleeingMerchant","floor":29.0,"turns":4.0},{"damage":10.0,"enemies":"Shelled Parasite and Fungi","floor":30.0,"turns":5.0},{"damage":9.0,"enemies":"downfall:FleeingMerchant","floor":31.0,"turns":4.0},{"damage":11.0,"enemies":"Snake Plant","floor":32.0,"turns":4.0},{"damage":49.0,"enemies":"DF_ARCHETYPE_CLAW","floor":33.0,"turns":8.0},{"damage":20,"enemies":"3 Shapes","floor":36,"turns":4},{"damage":22,"enemies":"3 Darklings","floor":37,"turns":4},{"damage":14,"enemies":"downfall:FleeingMerchant","floor":38,"turns":4},{"damage":43,"enemies":"Maw","floor":39,"turns":7},{"damage":50,"enemies":"Transient","floor":40,"turns":5}],"seed_played":"-2452589977999510487","potions_obtained":[{"floor":6.0,"key":"Regen Potion"},{"floor":11.0,"key":"SteroidPotion"},{"floor":12.0,"key":"LiquidBronze"},{"floor":14.0,"key":"Slimebound:SlimedPotion"},{"floor":25.0,"key":"Fire Potion"},{"floor":27.0,"key":"Weak Potion"},{"floor":33.0,"key":"ColorlessPotion"},{"floor":37,"key":"EssenceOfSteel"},{"floor":39,"key":"EssenceOfSteel"}],"is_trial":false,"path_per_floor":["R","M","M","?","?","E","T","R","E","R","M","E","?","M","M","B",null,"R","M","?","$","?","T","T","M","M","M","R","$","M","$","M","B",null,"R","M","M","$","M","M"],"character_chosen":"SLIMEBOUND","items_purchased":["hubris:DuctTape","Slimebound:Schlurp","Slimebound:LeechEnergy","Strength Potion","expansioncontent:DashGenerateEvil"],"campfire_rested":1,"item_purchase_floors":[21,21,29,29,38],"current_hp_per_floor":[65,65,65,65,65,65,65,65,56,66,66,70,70,75,75,71,75,75,68,68,75,71,71,71,74,70,1,23,24,22,27,26,18,75,75,63,61,51,28,0,0,0],"gold":27,"neow_bonus":"THREE_ENEMY_KILL","is_daily":false,"chose_seed":false,"campfire_upgraded":5,"win_rate":0.0,"timestamp":1613279443,"path_taken":["R","M","M","?","?","E","T","R","E","R","M","E","?","M","M","BOSS","R","M","?","$","?","?","T","M","?","M","R","$","M","$","M","BOSS","R","M","M","$","M","M"],"items_purchased_type":["Relic","Card","Card","Potion","Card"],"build_version":"2020-12-22","purchased_purges":0,"victory":false,"max_hp_per_floor":[65,65,65,65,65,65,65,65,65,75,75,75,75,75,75,75,75,75,75,75,75,75,75,75,75,75,75,75,75,75,75,75,75,75,75,75,75,75,75,75,75,75],"card_choices":[{"not_picked":["Slimebound:FormOfPuddle","Slimebound:GoopTackle"],"picked":"Slimebound:Schlurp","floor":2.0},{"not_picked":["Slimebound:SpikyOuterGoop","Slimebound:Replication"],"picked":"Slimebound:SlimeTap","floor":3.0},{"not_picked":["Slimebound:ComboTackle","Slimebound:SlimeBarrage"],"picked":"Slimebound:ItLooksTasty","floor":6.0},{"not_picked":["TH:DeckOfManyThings","TH:Mimic"],"picked":"SKIP","floor":6.0},{"not_picked":["TH:ElvenBoots","TH:EnergyPotion"],"picked":"SKIP","floor":7.0},{"not_picked":["Slimebound:ViciousTackle","Slimebound:FinishingTackle"],"picked":"Slimebound:SplitLeeching","floor":9.0},{"not_picked":["TH:Mimic","TH:CursedSword"],"picked":"SKIP","floor":9.0},{"not_picked":["Slimebound:Overexert","Slimebound:SlimeSpikes"],"picked":"Slimebound:SamplingLick","floor":11.0},{"not_picked":["Slimebound:AcidTongue","Slimebound:SlimeSpikes"],"picked":"Slimebound:ItLooksTasty","floor":12.0},{"not_picked":["TH:ArmorSpikes","TH:EnergyPotion"],"picked":"SKIP","floor":12.0},{"not_picked":["Slimebound:SlimeSpikes","Slimebound:LevelUp"],"picked":"Slimebound:Dissolve","floor":14.0},{"not_picked":["Slimebound:LevelUp","Slimebound:GoopTackle"],"picked":"Slimebound:SplitLeeching","floor":15.0},{"not_picked":["Slimebound:GoopSpray","Slimebound:LeechingTouch"],"picked":"Slimebound:Gluttony","floor":19.0},{"not_picked":["Slimebound:Prepare","Slimebound:DisruptingSlam"],"picked":"Slimebound:GoopSpray+1","floor":21.0},{"not_picked":["TH:Mimic","TH:CursedSword"],"picked":"SKIP","floor":23.0},{"not_picked":["TH:ArmorSpikes","TH:Mimic"],"picked":"SKIP","floor":24.0},{"not_picked":["Slimebound:ForwardTackle+1","Slimebound:LeechingTouch"],"picked":"Slimebound:Grow","floor":25.0},{"not_picked":["Slimebound:ItLooksTasty","Slimebound:ComboTackle"],"picked":"Slimebound:SpikyOuterGoop","floor":26.0},{"not_picked":["Slimebound:SplitMire","Slimebound:GoopSpray+1","Slimebound:LivingWall"],"picked":"SKIP","floor":27.0},{"not_picked":["Slimebound:MassFeed","Slimebound:ComboTackle+1","Slimebound:DisruptingSlam"],"picked":"SKIP","floor":29.0},{"not_picked":["Slimebound:MegaLick","Slimebound:PressTheAttack"],"picked":"Slimebound:Equalize","floor":30.0},{"not_picked":["Slimebound:ComboTackle","Slimebound:SlimeBarrage"],"picked":"Slimebound:Schlurp","floor":31.0},{"not_picked":["Slimebound:ComboTackle","Slimebound:FlameTackle+1","Slimebound:LivingWall"],"picked":"SKIP","floor":32.0},{"not_picked":["Slimebound:LeechLife","Slimebound:SelfFormingGoo"],"picked":"Slimebound:OozeBath","floor":33.0},{"not_picked":["Slimebound:Dissolve","Slimebound:ItLooksTasty","Slimebound:SlimeTap"],"picked":"SKIP","floor":36},{"not_picked":["Slimebound:SpikyOuterGoop+1","Slimebound:ComboTackle+1","Slimebound:RollThrough"],"picked":"SKIP","floor":37},{"not_picked":["Slimebound:LeechEnergy","Slimebound:SplitBruiser"],"picked":"Slimebound:SamplingLick","floor":38},{"not_picked":["Slimebound:LeechEnergy","Slimebound:SlimeBrawl+1"],"picked":"Slimebound:AcidTongue+1","floor":39}],"player_experience":50171,"relics_obtained":[{"floor":6.0,"key":"MawBank"},{"floor":9.0,"key":"Tiny Chest"},{"floor":12.0,"key":"Bottled Flame"},{"floor":13.0,"key":"hubris:TenFootPole"},{"floor":13.0,"key":"Pantograph"},{"floor":13.0,"key":"Calipers"},{"floor":23.0,"key":"hubris:SlimyHat"},{"floor":24.0,"key":"Mercury Hourglass"}],"event_choices":[{"damage_healed":0.0,"max_hp_gain":0.0,"max_hp_loss":0.0,"gold_gain":0.0,"event_name":"Living Wall","player_choice":"Grow","floor":5.0,"gold_loss":0.0,"damage_taken":0.0,"cards_upgraded":["Slimebound:TongueLash"]}],"is_beta":false,"boss_relics":[{"not_picked":["hubris:Stopwatch","bronze:MakeshiftBattery"],"picked":"Philosopher\u0027s Stone"},{"not_picked":["hubris:TerracottaHorce","Fusion Hammer","hubris:VirtuousBlindfold"]}],"items_purged_floors":[],"is_endless":false,"potions_floor_spawned":[6,11,12,14,25,27,33,37,39],"killed_by":"Transient","ascension_level":0}}