{"host":"l7ku00cw7dmofayg","time":1613342361,"event":{"mods":["ATMod(°¢èªMod)","BaseMod","Dota2Spire","Marisa£¨ìFÓê¡¡Ä§ÀíÉ³£©","Minty Spire (QoL Compilation)","StSLib","The Invoker Mod"],"gold_per_floor":[118,83,158,175,190,233,408,408,408,433,475,539,539,583,583,714,714,792,803,803,900,936,977,977,1007,1007,1007,1007,352,405,450,450,540,540,603,603,696,455,537,537,616,123,123,290,290,353,101,145,145,207],"floor_reached":51,"language":"ZHS","playtime":2626,"items_purged":["Defend_MRS","Bite"],"score":1619,"play_id":"b1dc3a1c-7424-40d1-b78e-231b87af9656","local_time":"20210215063921","is_ascension_mode":true,"campfire_choices":[{"data":"AT_ShrugMaster","floor":8.0,"key":"SMITH"},{"floor":13.0,"key":"REST"},{"data":"MasterSpark","floor":15.0,"key":"SMITH"},{"floor":24.0,"key":"REST"},{"floor":28.0,"key":"REST"},{"data":"DeepEcoloBomb","floor":32,"key":"SMITH"},{"data":"BinaryStars","floor":40,"key":"SMITH"},{"floor":49,"key":"REST"}],"circlet_count":0,"master_deck":["AscendersBane","Defend_MRS","Defend_MRS","Defend_MRS","MasterSpark+1","UpSweep","AT_ShrugMaster+1","ShootTheMoon","Robbery","Acceleration","OpenUniverse","Acceleration","WitchOfGreed","MysteriousBeam","AsteroidBelt","Parasite","Parasite","AsteroidBelt","BinaryStars+1","6A+1","ShootingEcho","Acceleration","DeepEcoloBomb+1","MagicAbsorber","SuperPerseids","AsteroidBelt+1","Bite","Bite","Bite","Bite","CollectingQuirk","MilkyWay+1","Madness","Madness","UltimateShortwave","SuperPerseids","NonDirectionalLaser+1","OortCloud","AT_PowerWithin","MilkyWay","PropBag","SuperPerseids"],"relics":["MiniHakkero","AT_ATBox","NeowsBlessing","StoneCalendar","Letter Opener","Dream Catcher","Dota2Spire:MagicBottle","ShroomBag","AT_TrinityForce","Unceasing Top","Strawberry","Pantograph","Dota2Spire:OctarineCore","Dota2Spire:AssaultCuirass","Mummified Hand","Dota2Spire:Bloodstone","Dota2Spire:HeartOfTarrasque","Dota2Spire:PhaseBoots","Dota2Spire:Satanic","Strange Spoon","Orichalcum","Darkstone Periapt","CatCart","AmplifyWand"],"acts_visited":["Exordium","TheCity","TheBeyond"],"potions_floor_usage":[37,50,50,50],"damage_taken":[{"damage":0.0,"enemies":"Cultist","floor":1.0,"turns":1.0},{"damage":0.0,"enemies":"2 Louse","floor":4.0,"turns":1.0},{"damage":0.0,"enemies":"Small Slimes","floor":5.0,"turns":1.0},{"damage":8.0,"enemies":"Gremlin Nob","floor":6.0,"turns":4.0},{"damage":5.0,"enemies":"3 Sentries","floor":10.0,"turns":5.0},{"damage":11.0,"enemies":"Looter","floor":11.0,"turns":4.0},{"damage":17.0,"enemies":"Gremlin Nob","floor":12.0,"turns":5.0},{"damage":13.0,"enemies":"The Mushroom Lair","floor":14.0,"turns":4.0},{"damage":24.0,"enemies":"Slime Boss","floor":16.0,"turns":7.0},{"damage":9.0,"enemies":"2 Thieves","floor":18.0,"turns":4.0},{"damage":3.0,"enemies":"3 Byrds","floor":19.0,"turns":4.0},{"damage":9.0,"enemies":"Centurion and Healer","floor":21.0,"turns":5.0},{"damage":9.0,"enemies":"Sentry and Sphere","floor":22.0,"turns":5.0},{"damage":29.0,"enemies":"Slavers","floor":23.0,"turns":6.0},{"damage":0.0,"enemies":"Gremlin Leader","floor":25.0,"turns":4.0},{"damage":3,"enemies":"Slavers","floor":30,"turns":4},{"damage":0,"enemies":"Snecko","floor":31,"turns":3},{"damage":33,"enemies":"Automaton","floor":33,"turns":7},{"damage":0,"enemies":"Orb Walker","floor":35,"turns":2},{"damage":14,"enemies":"2 Orb Walkers","floor":37,"turns":3},{"damage":0,"enemies":"3 Shapes","floor":39,"turns":3},{"damage":0,"enemies":"Giant Head","floor":41,"turns":4},{"damage":0,"enemies":"Reptomancer","floor":44,"turns":2},{"damage":16,"enemies":"Orin","floor":46,"turns":2},{"damage":30,"enemies":"Transient","floor":48,"turns":4},{"damage":22,"enemies":"Donu and Deca","floor":50,"turns":3}],"seed_played":"4982203739888262077","potions_obtained":[{"floor":1.0,"key":"LiquidBronze"},{"floor":4.0,"key":"Fruit Juice"},{"floor":10.0,"key":"Dota2Spire:HealingSalve"},{"floor":12.0,"key":"DistilledChaos"},{"floor":12.0,"key":"Regen Potion"},{"floor":14.0,"key":"GamblersBrew"},{"floor":16.0,"key":"EssenceOfSteel"},{"floor":18.0,"key":"SpeedPotion"},{"floor":19.0,"key":"Swift Potion"},{"floor":21.0,"key":"DuplicationPotion"},{"floor":22.0,"key":"LiquidBronze"},{"floor":31,"key":"EntropicBrew"},{"floor":37,"key":"Strength Potion"}],"is_trial":false,"path_per_floor":["M","$","?","M","M","E","?","R","T","E","M","E","R","?","R","B",null,"M","M","?","M","M","E","R","E","T","?","R","$","E","M","R","B",null,"M","?","?","$","M","R","E","$","T","E","?","?","$","M","R","B",null],"character_chosen":"MARISA","items_purchased":["Robbery","Dota2Spire:OctarineCore","Dota2Spire:AssaultCuirass","UltimateShortwave","Dota2Spire:Satanic","Strange Spoon","OortCloud","AmplifyWand"],"campfire_rested":4,"item_purchase_floors":[2,29,29,38,42,42,42,47],"current_hp_per_floor":[63,63,56,61,61,53,53,53,53,48,37,32,54,41,41,39,66,61,62,62,57,52,27,49,56,56,56,57,57,57,57,57,26,49,53,46,46,46,52,52,65,65,65,65,65,55,55,43,62,49],"gold":207,"neow_bonus":"THREE_ENEMY_KILL","is_daily":false,"chose_seed":false,"campfire_upgraded":4,"win_rate":0.0,"timestamp":1613342361,"path_taken":["M","$","?","?","M","E","?","R","T","E","M","E","R","?","R","BOSS","M","M","?","M","M","E","R","E","T","?","R","$","E","M","R","BOSS","M","?","?","$","M","R","E","$","T","E","?","?","?","M","R","BOSS"],"items_purchased_type":["Card","Relic","Relic","Card","Relic","Relic","Card","Relic"],"build_version":"2020-12-22","purchased_purges":2,"victory":true,"max_hp_per_floor":[70,70,70,75,75,75,75,75,75,75,75,75,75,75,75,75,75,75,75,75,75,75,75,75,82,82,57,57,57,57,57,57,57,57,57,57,65,65,65,65,65,65,65,65,65,65,65,65,65,65],"card_choices":[{"not_picked":["PulseMagic","DoubleSpark"],"picked":"ShootTheMoon","floor":1.0},{"not_picked":["ShootingEcho","Orbital"],"picked":"Acceleration","floor":4.0},{"not_picked":["MagicChant","ChargingUp"],"picked":"OpenUniverse","floor":5.0},{"not_picked":["Singularity","MysteriousBeam"],"picked":"Acceleration","floor":6.0},{"not_picked":["Occultation","DragonMeteor","MilkyWay"],"picked":"SKIP","floor":10.0},{"not_picked":["ShootingEcho","WitchLeyline"],"picked":"WitchOfGreed","floor":11.0},{"not_picked":["FinalSpark","GalacticHalo"],"picked":"MysteriousBeam","floor":12.0},{"not_picked":["GravityBeat","WitchOfGreed"],"picked":"AsteroidBelt","floor":13.0},{"not_picked":["ShootingEcho","GrandCross"],"picked":"AsteroidBelt","floor":14.0},{"not_picked":["CollectingQuirk","AbsoluteMagnitude"],"picked":"BinaryStars","floor":16.0},{"not_picked":["SprinkleStarSeal","AsteroidBelt"],"picked":"6A+1","floor":18.0},{"not_picked":["GrandCross","DarkMatter"],"picked":"ShootingEcho","floor":19.0},{"not_picked":["MachineGunSpark","DC"],"picked":"Acceleration","floor":21.0},{"not_picked":["Acceleration","GrandCross"],"picked":"DeepEcoloBomb","floor":22.0},{"not_picked":["SporeBomb","WitchOfGreed"],"picked":"MagicAbsorber","floor":23.0},{"not_picked":["StarBarrage","OneTimeOff"],"picked":"SuperPerseids","floor":24.0},{"not_picked":["Robbery","EnergyRecoil"],"picked":"AsteroidBelt+1","floor":25.0},{"not_picked":["StarBarrage","PowerUp","ShootTheMoon"],"picked":"SKIP","floor":30},{"not_picked":["WitchLeyline","DoubleSpark","NonDirectionalLaser"],"picked":"SKIP","floor":31},{"not_picked":["AbsoluteMagnitude","FinalSpark"],"picked":"CollectingQuirk","floor":33},{"not_picked":["ChargeUpSpray","EnergyRecoil"],"picked":"MilkyWay+1","floor":35},{"not_picked":["6A+1","OortCloud"],"picked":"SuperPerseids","floor":39},{"not_picked":["DragonMeteor","SuperNova"],"picked":"NonDirectionalLaser+1","floor":41},{"not_picked":["SporeBomb","Singularity","Occultation"],"picked":"SKIP","floor":44},{"not_picked":["Swift Strike","AT_LightSaberMaster"],"picked":"AT_PowerWithin","floor":45},{"not_picked":["SporeBomb","UnstableBomb"],"picked":"MilkyWay","floor":46},{"not_picked":["BlazeAway","GravityBeat"],"picked":"PropBag","floor":48},{"not_picked":["Acceleration","PowerUp"],"picked":"SuperPerseids","floor":49}],"player_experience":56336,"relics_obtained":[{"floor":6.0,"key":"StoneCalendar"},{"floor":9.0,"key":"Letter Opener"},{"floor":10.0,"key":"Dream Catcher"},{"floor":12.0,"key":"Dota2Spire:MagicBottle"},{"floor":14.0,"key":"ShroomBag"},{"floor":23.0,"key":"Unceasing Top"},{"floor":25.0,"key":"Strawberry"},{"floor":26.0,"key":"Pantograph"},{"floor":30,"key":"Mummified Hand"},{"floor":37,"key":"Dota2Spire:HeartOfTarrasque"},{"floor":41,"key":"Dota2Spire:PhaseBoots"},{"floor":43,"key":"Orichalcum"},{"floor":44,"key":"Darkstone Periapt"},{"floor":46,"key":"CatCart"}],"event_choices":[{"damage_healed":0.0,"max_hp_gain":0.0,"max_hp_loss":0.0,"gold_gain":75.0,"event_name":"FaceTrader","player_choice":"Touch","floor":3.0,"gold_loss":0.0,"damage_taken":7.0},{"damage_healed":0.0,"max_hp_gain":0.0,"max_hp_loss":0.0,"gold_gain":175.0,"event_name":"Liars Game","player_choice":"AGREE","floor":7.0,"gold_loss":0.0,"damage_taken":0.0,"cards_obtained":["Doubt"]},{"damage_healed":0.0,"max_hp_gain":0.0,"max_hp_loss":0.0,"gold_gain":0.0,"event_name":"Mushrooms_MRS","player_choice":"Fought Mushrooms","floor":14.0,"gold_loss":0.0,"damage_taken":0.0},{"cards_removed":["Doubt"],"damage_healed":0.0,"max_hp_gain":0.0,"max_hp_loss":0.0,"gold_gain":0.0,"event_name":"Back to Basics","player_choice":"Elegance","floor":20.0,"gold_loss":0.0,"damage_taken":0.0},{"damage_healed":0.0,"max_hp_gain":0.0,"max_hp_loss":25.0,"gold_gain":0.0,"event_name":"Vampires","player_choice":"Became a vampire","floor":27.0,"gold_loss":0.0,"damage_taken":0.0,"cards_obtained":["Bite","Bite","Bite","Bite","Bite"]},{"damage_healed":0,"gold_gain":0,"player_choice":"Embrace Madness","damage_taken":7,"max_hp_gain":0,"max_hp_loss":0,"event_name":"Winding Halls","floor":36,"gold_loss":0,"cards_obtained":["Madness","Madness"]},{"damage_healed":0,"gold_gain":0,"player_choice":"Fight","damage_taken":0,"max_hp_gain":0,"max_hp_loss":0,"event_name":"Mysterious Sphere","floor":37,"gold_loss":0},{"damage_healed":0,"gold_gain":0,"player_choice":"Memory 1","damage_taken":0,"max_hp_gain":0,"max_hp_loss":0,"event_name":"SensoryStone","floor":45,"gold_loss":0},{"damage_healed":0,"gold_gain":0,"player_choice":"Fight","damage_taken":0,"max_hp_gain":0,"max_hp_loss":0,"event_name":"OrinTheCat","floor":46,"gold_loss":0}],"is_beta":false,"boss_relics":[{"not_picked":["Cursed Key","SacredBark"],"picked":"AT_TrinityForce"},{"not_picked":["Coffee Dripper","BewitchedHakkero"],"picked":"Dota2Spire:Bloodstone"}],"items_purged_floors":[29,38],"is_endless":false,"potions_floor_spawned":[1,4,10,12,18,19,22,23,33,37,39,46],"ascension_level":14}}