{"host":"uv5ws9rdk87e8i5k","time":1613327215,"event":{"mods":["AchievementEnabler","BaseMod","Colored Map","Minty Spire (QoL Compilation)","Permanent Neow","Quick Restart","StSLib","SuperFastMode","The Necromancer"],"gold_per_floor":[117,128,142,142,155,188,188,222,222,28,55,73,73,89,89,189,189,203,203,219,239,258,287,287,287,287],"floor_reached":25,"language":"ENG","playtime":901,"items_purged":[],"score":245,"play_id":"aa0509d8-f42a-4928-841b-f93ab1819d3a","local_time":"20210214122655","is_ascension_mode":false,"campfire_choices":[{"data":"Eruption","floor":7.0,"key":"SMITH"},{"data":"Omniscience","floor":13,"key":"SMITH"},{"floor":15,"key":"REST"},{"data":"BattleHymn","floor":24,"key":"SMITH"}],"circlet_count":0,"master_deck":["Strike_P","Strike_P","Strike_P","Strike_P","Defend_P","Defend_P","Defend_P","Defend_P","Eruption+1","Vigilance","Wallop","JustLucky","Wallop","InnerPeace","Halt","DevaForm","WindmillStrike","FollowUp","Omniscience+1","Indignation","EmptyFist","Study","ClearTheMind+1","FollowUp","Vault+1","Crescendo+1","EmptyMind+1","WindmillStrike+1","BattleHymn+1","DeusExMachina+1"],"relics":["PureWater","Prayer Wheel","Juzu Bracelet","CaptainsWheel","Mercury Hourglass","Toxic Egg 2","Philosopher\u0027s Stone","Art of War"],"acts_visited":["Exordium","TheCity"],"potions_floor_usage":[23],"damage_taken":[{"damage":12.0,"enemies":"Jaw Worm","floor":1.0,"turns":5.0},{"damage":0.0,"enemies":"Cultist","floor":2.0,"turns":2.0},{"damage":0.0,"enemies":"2 Louse","floor":3.0,"turns":2.0},{"damage":0.0,"enemies":"Large Slime","floor":5.0,"turns":4.0},{"damage":15.0,"enemies":"Lagavulin","floor":6.0,"turns":8.0},{"damage":11.0,"enemies":"3 Sentries","floor":8.0,"turns":6.0},{"damage":2,"enemies":"Gremlin Nob","floor":11,"turns":4},{"damage":13,"enemies":"Exordium Wildlife","floor":12,"turns":3},{"damage":0,"enemies":"Looter","floor":14,"turns":2},{"damage":14,"enemies":"Slime Boss","floor":16,"turns":7},{"damage":1,"enemies":"Chosen","floor":18,"turns":3},{"damage":15,"enemies":"2 Thieves","floor":20,"turns":5},{"damage":1,"enemies":"Cultist and Chosen","floor":21,"turns":4},{"damage":0,"enemies":"Shelled Parasite and Fungi","floor":22,"turns":3},{"damage":28,"enemies":"Book of Stabbing","floor":23,"turns":6},{"damage":20,"enemies":"Gremlin Leader","floor":25,"turns":4}],"seed_played":"3816214411455357430","potions_obtained":[{"floor":1.0,"key":"LiquidMemories"},{"floor":2.0,"key":"Ancient Potion"},{"floor":8.0,"key":"SpeedPotion"},{"floor":12,"key":"Energy Potion"},{"floor":21,"key":"Block Potion"}],"is_trial":false,"path_per_floor":["M","M","M","?","M","E","R","E","T","$","E","M","R","M","R","B",null,"M","?","M","M","M","E","R","E"],"character_chosen":"WATCHER","items_purchased":["Indignation","EmptyFist","Study"],"campfire_rested":1,"item_purchase_floors":[10,10,10],"current_hp_per_floor":[53,53,53,53,53,38,38,27,27,27,25,12,12,12,31,17,65,64,64,49,48,48,20,20,0,0],"gold":287,"neow_bonus":"ONE_RARE_RELIC","is_daily":false,"chose_seed":false,"campfire_upgraded":3,"win_rate":0.0,"timestamp":1613327215,"path_taken":["M","M","M","?","?","E","R","E","T","$","E","M","R","M","R","BOSS","M","?","M","M","M","E","R","E"],"items_purchased_type":["Card","Card","Card"],"build_version":"2020-12-22","purchased_purges":0,"victory":false,"max_hp_per_floor":[65,65,65,65,65,65,65,65,65,65,65,65,65,65,65,65,65,65,65,65,65,65,65,65,65,65],"card_choices":[{"not_picked":["Fasting2","Evaluate"],"picked":"Wallop","floor":1.0},{"not_picked":["BowlingBash","CutThroughFate"],"picked":"JustLucky","floor":1.0},{"not_picked":["TalkToTheHand","JustLucky"],"picked":"Wallop","floor":2.0},{"not_picked":["Consecrate","ReachHeaven"],"picked":"InnerPeace","floor":2.0},{"not_picked":["Protect","EmptyMind"],"picked":"Halt","floor":3.0},{"not_picked":["CutThroughFate","CarveReality","PathToVictory"],"picked":"SKIP","floor":3.0},{"not_picked":["Wallop","ThirdEye"],"picked":"DevaForm","floor":5.0},{"not_picked":["CutThroughFate","Conclude"],"picked":"WindmillStrike","floor":5.0},{"not_picked":["InnerPeace","PathToVictory"],"picked":"FollowUp","floor":6.0},{"not_picked":["CrushJoints","Halt"],"picked":"Omniscience","floor":8.0},{"not_picked":["JustLucky","SashWhip","Halt+1"],"picked":"SKIP","floor":11},{"not_picked":["EmptyBody+1","PathToVictory+1"],"picked":"ClearTheMind+1","floor":12},{"not_picked":["Meditate+1","Weave","FlurryOfBlows"],"picked":"SKIP","floor":12},{"not_picked":["Halt+1","ReachHeaven"],"picked":"FollowUp","floor":14},{"not_picked":["Crescendo+1","Protect+1","CrushJoints"],"picked":"SKIP","floor":14},{"not_picked":["Establishment","DevaForm"],"picked":"Vault+1","floor":16},{"not_picked":["Prostrate+1","SandsOfTime+1"],"picked":"Crescendo+1","floor":18},{"not_picked":["Halt+1","EmptyFist+1","Perseverance+1"],"picked":"SKIP","floor":18},{"not_picked":["ClearTheMind+1","JustLucky"],"picked":"WindmillStrike+1","floor":20},{"not_picked":["SignatureMove+1","TalkToTheHand","DeceiveReality+1"],"picked":"SKIP","floor":20},{"not_picked":["CrushJoints","Meditate+1"],"picked":"BattleHymn","floor":21},{"not_picked":["DeceiveReality+1","Meditate+1","SashWhip"],"picked":"SKIP","floor":21},{"not_picked":["FlyingSleeves","BowlingBash+1","Collect+1"],"picked":"SKIP","floor":22},{"not_picked":["Consecrate+1","Vengeance+1","CutThroughFate"],"picked":"SKIP","floor":22},{"not_picked":["Worship+1","EmptyBody+1"],"picked":"DeusExMachina+1","floor":23}],"player_experience":180595,"relics_obtained":[{"floor":6.0,"key":"Juzu Bracelet"},{"floor":8.0,"key":"CaptainsWheel"},{"floor":9.0,"key":"Mercury Hourglass"},{"floor":11,"key":"Toxic Egg 2"},{"floor":23,"key":"Art of War"}],"event_choices":[{"damage_healed":0.0,"max_hp_gain":0.0,"max_hp_loss":0.0,"gold_gain":0.0,"event_name":"The Woman in Blue","player_choice":"Bought 0 Potions","floor":4.0,"gold_loss":0.0,"damage_taken":0.0},{"damage_healed":0,"gold_gain":0,"player_choice":"Read","damage_taken":0,"max_hp_gain":0,"max_hp_loss":0,"event_name":"The Library","floor":19,"gold_loss":0,"cards_obtained":["EmptyMind"]}],"is_beta":false,"boss_relics":[{"not_picked":["Runic Dome","Velvet Choker"],"picked":"Philosopher\u0027s Stone"}],"items_purged_floors":[],"is_endless":false,"potions_floor_spawned":[1,2,8,12,14,18,21],"killed_by":"Gremlin Leader","ascension_level":0}}