{"host":"xp27heuvanyklt0b","time":1613313739,"event":{"mods":["100% Spire Juice","BaseMod","CapriCore","Lobotomy","Minty Spire (QoL Compilation)","Replay The Spire","StSLib","The Immortal"],"gold_per_floor":[110,25,43,43,62,62,62,62,62,74,104,131,144,93,93,194,194,213,230,249,267,278,278,278,278,278,13,36,50,66,66,66],"floor_reached":31,"language":"KOR","playtime":1397,"items_purged":["Strike_P"],"score":239,"play_id":"dc696838-1542-411d-b840-597bf98c812d","local_time":"20210214234219","is_ascension_mode":false,"campfire_choices":[{"data":"PathToVictory","floor":6,"key":"SMITH"},{"data":"Consecrate","floor":8,"key":"SMITH"},{"data":"ThirdEye","floor":15,"key":"SMITH"},{"floor":25,"key":"REST"}],"circlet_count":0,"master_deck":["Strike_P","Defend_P+1","Defend_P","Defend_P","Defend_P","Eruption","Vigilance","EmptyMind+1","Wallop","Consecrate+1","DeceiveReality","PathToVictory+1","CrushJoints+1","PathToVictory","Wallop","ThirdEye+1","PathToVictory","Omniscience","FlyingSleeves","Halt+1","CutThroughFate","Sanctity","Alpha","Evaluate","Protect","Wireheading"],"relics":["PureWater","Odd Mushroom","War Paint","Ring of Chaos","Strawberry","Happy Flower"],"acts_visited":["Exordium","TheCity"],"potions_floor_usage":[16,20,31,31],"damage_taken":[{"damage":2,"enemies":"Cultist","floor":1,"turns":3},{"damage":2,"enemies":"2 Louse","floor":3,"turns":3},{"damage":0,"enemies":"Jaw Worm","floor":5,"turns":3},{"damage":1,"enemies":"Red Slaver","floor":10,"turns":4},{"damage":10,"enemies":"The Mushroom Lair","floor":11,"turns":4},{"damage":14,"enemies":"3 Sentries","floor":12,"turns":8},{"damage":0,"enemies":"Gremlin Gang","floor":13,"turns":3},{"damage":14,"enemies":"Hexaghost","floor":16,"turns":7},{"damage":10,"enemies":"Shell Parasite","floor":18,"turns":4},{"damage":8,"enemies":"3 Byrds","floor":19,"turns":4},{"damage":10,"enemies":"Shelled Parasite and Fungi","floor":20,"turns":5},{"damage":11,"enemies":"Centurion and Healer","floor":21,"turns":9},{"damage":27,"enemies":"Chosen and Byrds","floor":22,"turns":7},{"damage":49,"enemies":"Sentry and Sphere","floor":29,"turns":8},{"damage":11,"enemies":"Snake Plant","floor":30,"turns":4},{"damage":4,"enemies":"Slavers","floor":31,"turns":1}],"seed_played":"9197468573166028835","potions_obtained":[{"floor":1,"key":"FairyPotion"},{"floor":5,"key":"Elixir"},{"floor":12,"key":"Dexterity Potion"},{"floor":19,"key":"Adrenaline Potion"},{"floor":21,"key":"SkillPotion"},{"floor":22,"key":"BottledMiracle"}],"is_trial":false,"path_per_floor":["M","$","M","?","M","R","?","R","T","M","?","E","M","$","R","B",null,"M","M","M","M","M","PTL","PTL","R","?","$","T","M","M","E"],"character_chosen":"WATCHER","items_purchased":["Wallop","Consecrate","PathToVictory","Evaluate","Strawberry"],"campfire_rested":1,"item_purchase_floors":[2,2,14,27,27],"current_hp_per_floor":[70,70,68,68,68,68,68,68,68,67,57,43,43,43,43,29,72,62,54,44,33,6,6,6,27,27,34,34,13,2,0,0],"gold":66,"neow_bonus":"REMOVE_CARD","is_daily":false,"chose_seed":false,"campfire_upgraded":3,"win_rate":0.0,"timestamp":1613313739,"path_taken":["M","$","M","?","M","R","?","R","T","M","?","E","M","$","R","BOSS","M","M","M","M","M","PTL","PTL","R","?","$","T","?","?","E"],"items_purchased_type":["Card","Card","Card","Card","Relic"],"build_version":"2020-12-22","purchased_purges":1,"victory":false,"max_hp_per_floor":[72,72,72,72,72,72,72,72,72,72,72,72,72,72,72,72,72,72,72,72,72,72,72,72,72,72,79,79,79,79,79,79],"card_choices":[{"not_picked":["Replay:ManipulateFuture","Replay:AtTheReady"],"picked":"EmptyMind","floor":1},{"not_picked":["Halt","Replay:Anticipation"],"picked":"DeceiveReality","floor":3},{"not_picked":["Crescendo","FollowUp"],"picked":"PathToVictory","floor":5},{"not_picked":["Vault","Indignation"],"picked":"PathToVictory","floor":10},{"not_picked":["Replay:BluntJabs","CrushJoints"],"picked":"Wallop","floor":11},{"not_picked":["FlurryOfBlows","Replay:ManipulateFuture"],"picked":"ThirdEye","floor":12},{"not_picked":["Study","WheelKick"],"picked":"FlurryOfBlows","floor":13},{"not_picked":["Devotion","LessonLearned"],"picked":"Omniscience","floor":16},{"not_picked":["ClearTheMind+1","EmptyBody"],"picked":"FlyingSleeves","floor":18},{"not_picked":["WaveOfTheHand","ClearTheMind"],"picked":"Halt+1","floor":19},{"not_picked":["TalkToTheHand","Replay:BluntJabs"],"picked":"CutThroughFate","floor":20},{"not_picked":["SignatureMove","Swivel"],"picked":"Sanctity","floor":21},{"not_picked":["Halt","Replay:Vibes"],"picked":"Alpha","floor":22},{"not_picked":["BowlingBash","Tantrum+1"],"picked":"Protect","floor":29},{"not_picked":["Replay:Cycle+1","Weave"],"picked":"Wireheading","floor":30}],"player_experience":270380,"relics_obtained":[{"floor":11,"key":"Odd Mushroom"},{"floor":12,"key":"War Paint"},{"floor":28,"key":"Happy Flower"}],"event_choices":[{"damage_healed":0,"gold_gain":0,"player_choice":"Ignored","damage_taken":0,"max_hp_gain":0,"max_hp_loss":0,"event_name":"Golden Wing","floor":4,"gold_loss":0},{"damage_healed":0,"gold_gain":0,"player_choice":"Fought Mushrooms","damage_taken":0,"max_hp_gain":0,"max_hp_loss":0,"event_name":"Mushrooms","floor":11,"gold_loss":0},{"cards_removed":["FlurryOfBlows"],"damage_healed":0,"gold_gain":0,"player_choice":"Card Removal","damage_taken":0,"max_hp_gain":0,"max_hp_loss":0,"event_name":"Wheel of Change","floor":26,"gold_loss":0}],"is_beta":false,"boss_relics":[{"not_picked":["Coffee Dripper","Velvet Choker"],"picked":"Ring of Chaos"}],"items_purged_floors":[27],"is_endless":false,"potions_floor_spawned":[1,5,12,13,19,21,22],"killed_by":"Slavers","ascension_level":0}}