{"host":"l7ku00cw7dmofayg","time":1613276644,"event":{"mods":["ATMod(°¢èªMod)","BaseMod","Dota2Spire","Marisa£¨ìFÓê¡¡Ä§ÀíÉ³£©","Minty Spire (QoL Compilation)","StSLib","The Invoker Mod"],"gold_per_floor":[109,109,120,48,66,101,113,142,169,183,246,309,309,326,326,422,422,442,486,486,521,566,621,621,536,536,311,364,38,38,38,38,168,168,203,183,83,122,159,218,233,233,256,55,55,74,0,56,56,56],"floor_reached":51,"language":"ZHS","playtime":1977,"items_purged":["Defend_MRS","Strike_MRS","Strike_MRS"],"score":1387,"play_id":"d7dc8a60-0418-4c39-a605-4a9698dd146d","local_time":"20210214122404","is_ascension_mode":true,"campfire_choices":[{"data":"AT_OneInchPunch","floor":13.0,"key":"SMITH"},{"data":"OortCloud","floor":15.0,"key":"SMITH"},{"floor":24.0,"key":"REST"},{"data":"AT_EmpoweredMortalDraw","floor":32.0,"key":"SMITH"},{"data":"MillisecondPulsars","floor":42,"key":"SMITH"},{"data":"EscapeVelocity","floor":45,"key":"SMITH"},{"data":"MaximisePower","floor":49,"key":"SMITH"}],"circlet_count":0,"master_deck":["Defend_MRS","Defend_MRS","Defend_MRS","MasterSpark+1","UpSweep","AT_OneInchPunch+1","SuperPerseids","6A","Acceleration","OortCloud+1","NonDirectionalLaser","LuminesStrike+1","NonDirectionalLaser","MaximisePower+1","MillisecondPulsars+1","WitchOfGreed+1","DeepEcoloBomb","UnstableBomb","AT_EmpoweredMortalDraw+1","EnergyRecoil+1","MilkyWay+1","BlazeAway","PropBag+1","Acceleration","EscapeVelocity+1","SprinkleStarSeal+1","UnstableBomb","MysteriousBeam","CasketOfStar","IllusionStar+1","AsteroidBelt+1","GravityBeat"],"relics":["MiniHakkero","AT_ATBox","Dota2Spire:DrumOfEndurance","AT_ChloranthyRing","Ancient Tea Set","AT_SeraphEmbrace","AT_TrinityForce","Happy Flower","Dota2Spire:BladeMail","Calipers","Dota2Spire:PowerTreads","AT_BladeRuinedKing","Orrery","Black Star","PreservedInsect","Smiling Mask","Oddly Smooth Stone","Dota2Spire:MagicBottle","Red Mask","Whetstone","Vajra"],"acts_visited":["TheCity","TheBeyond"],"potions_floor_usage":[38,38,41,41,50],"damage_taken":[{"damage":7.0,"enemies":"Jaw Worm","floor":1.0,"turns":2.0},{"damage":0.0,"enemies":"Cultist","floor":3.0,"turns":2.0},{"damage":0.0,"enemies":"Small Slimes","floor":5.0,"turns":1.0},{"damage":0.0,"enemies":"3 Sentries","floor":6.0,"turns":7.0},{"damage":13.0,"enemies":"Exordium Wildlife","floor":7.0,"turns":2.0},{"damage":10.0,"enemies":"Gremlin Nob","floor":8.0,"turns":3.0},{"damage":6.0,"enemies":"Looter","floor":10.0,"turns":2.0},{"damage":10.0,"enemies":"Gremlin Nob","floor":11.0,"turns":4.0},{"damage":1.0,"enemies":"3 Louse","floor":14.0,"turns":8.0},{"damage":3.0,"enemies":"Hexaghost","floor":16.0,"turns":8.0},{"damage":10.0,"enemies":"Chosen","floor":18.0,"turns":8.0},{"damage":17.0,"enemies":"Spheric Guardian","floor":19.0,"turns":5.0},{"damage":17.0,"enemies":"Snake Plant","floor":21.0,"turns":4.0},{"damage":0.0,"enemies":"3 Cultists","floor":22.0,"turns":5.0},{"damage":0.0,"enemies":"Slavers","floor":23.0,"turns":1.0},{"damage":0.0,"enemies":"Gremlin Leader","floor":28.0,"turns":4.0},{"damage":0,"enemies":"Automaton","floor":33,"turns":5},{"damage":1,"enemies":"Orb Walker","floor":35,"turns":3},{"damage":0,"enemies":"3 Shapes","floor":38,"turns":3},{"damage":0,"enemies":"Jaw Worm Horde","floor":39,"turns":2},{"damage":0,"enemies":"Giant Head","floor":40,"turns":4},{"damage":0,"enemies":"Maw","floor":41,"turns":4},{"damage":0,"enemies":"Sphere and 2 Shapes","floor":46,"turns":1},{"damage":0,"enemies":"Reptomancer","floor":48,"turns":4},{"damage":10,"enemies":"Time Eater","floor":50,"turns":3}],"seed_played":"2780123669190521525","potions_obtained":[{"floor":3.0,"key":"PowerPotion"},{"floor":5.0,"key":"Energy Potion"},{"floor":11.0,"key":"Dexterity Potion"},{"floor":16.0,"key":"Weak Potion"},{"floor":18.0,"key":"ShroomBrew"},{"floor":19.0,"key":"Dota2Spire:HealingSalve"},{"floor":19.0,"key":"PowerPotion"},{"floor":21.0,"key":"FearPotion"},{"floor":22.0,"key":"Block Potion"},{"floor":23.0,"key":"LiquidBronze"},{"floor":28.0,"key":"DuplicationPotion"},{"floor":35,"key":"Dota2Spire:Clarity"},{"floor":36,"key":"LiquidBronze"},{"floor":38,"key":"Regen Potion"},{"floor":39,"key":"Regen Potion"},{"floor":41,"key":"GamblersBrew"},{"floor":48,"key":"SteroidPotion"}],"is_trial":false,"path_per_floor":["M","?","M","$","M","E","M","E","T","M","?","?","R","M","R","B",null,"M","M","?","M","M","E","R","?","T","$","E","$","?","?","R","B",null,"M","?","$","M","M","E","M","R","T","$","R","M","?","E","R","B",null],"character_chosen":"MARISA","items_purchased":["6A","Acceleration","Dota2Spire:PowerTreads","AT_EmpoweredMortalDraw","Orrery","Dota2Spire:MagicBottle"],"campfire_rested":1,"item_purchase_floors":[4,4,27,29,29,44],"current_hp_per_floor":[61,75,75,75,75,75,62,52,52,46,36,36,36,35,35,32,64,54,37,23,15,15,15,39,39,39,39,39,39,39,39,39,39,70,69,69,69,69,69,69,80,80,80,80,80,80,80,80,80,70],"gold":56,"neow_bonus":"TRANSFORM_CARD","is_daily":false,"chose_seed":false,"campfire_upgraded":6,"win_rate":0.0,"timestamp":1613276644,"path_taken":["M","?","M","$","?","E","M","E","T","M","?","?","R","M","R","BOSS","M","M","?","M","M","E","R","?","T","$","E","?","?","?","R","BOSS","M","?","$","M","M","E","M","R","T","$","R","?","?","E","R","BOSS"],"items_purchased_type":["Card","Card","Relic","Card","Relic","Relic"],"build_version":"2020-12-22","purchased_purges":3,"victory":true,"max_hp_per_floor":[75,75,75,75,75,75,75,75,75,75,75,75,75,75,75,75,75,75,75,80,80,80,80,80,80,80,80,80,80,80,80,80,80,80,80,80,80,80,80,80,80,80,80,80,80,80,80,80,80,80],"card_choices":[{"not_picked":["PowerUp","FairyDestructionRay","DC"],"picked":"SKIP","floor":1.0},{"not_picked":["DarkSpark","LuminesStrike"],"picked":"SuperPerseids","floor":3.0},{"not_picked":["AsteroidBelt","OrrerysSun"],"picked":"OortCloud","floor":5.0},{"not_picked":["Acceleration","WitchLeyline"],"picked":"NonDirectionalLaser","floor":6.0},{"not_picked":["GalacticHalo","Acceleration"],"picked":"LuminesStrike","floor":7.0},{"not_picked":["AlicesGift","DoubleSpark"],"picked":"NonDirectionalLaser","floor":8.0},{"not_picked":["ManaConvection","ShootingEcho"],"picked":"MaximisePower","floor":10.0},{"not_picked":["UnstableBomb","NonDirectionalLaser","FairyDestructionRay"],"picked":"SKIP","floor":14.0},{"not_picked":["CollectingQuirk","CasketOfStar"],"picked":"MillisecondPulsars","floor":16.0},{"not_picked":["FairyDestructionRay","ChargingUp"],"picked":"WitchOfGreed+1","floor":18.0},{"not_picked":["Occultation","UnstableBomb","SporeBomb"],"picked":"SKIP","floor":19.0},{"not_picked":["SporeBomb+1","IllusionStar","WitchLeyline"],"picked":"SKIP","floor":21.0},{"not_picked":["SporeBomb","UnstableBomb+1","EventHorizon"],"picked":"SKIP","floor":22.0},{"not_picked":["OneTimeOff","Occultation+1"],"picked":"DeepEcoloBomb","floor":23.0},{"not_picked":["FairyDestructionRay","WitchOfGreed"],"picked":"UnstableBomb","floor":28.0},{"not_picked":["FinalSpark","NonDirectionalLaser+1"],"picked":"EnergyRecoil+1","floor":29.0},{"not_picked":["EnergyFlow","StarDustReverie"],"picked":"MilkyWay+1","floor":29.0},{"not_picked":["DarkMatter","SuperPerseids"],"picked":"BlazeAway","floor":29.0},{"not_picked":["AsteroidBelt","RefractionSpark+1"],"picked":"PropBag+1","floor":29.0},{"not_picked":["CollectingQuirk","MillisecondPulsars"],"picked":"EscapeVelocity","floor":33},{"not_picked":["DoubleSpark","MysteriousBeam"],"picked":"SprinkleStarSeal+1","floor":35},{"not_picked":["GrandCross+1","MeteoricShower+1"],"picked":"UnstableBomb","floor":38},{"not_picked":["LuminesStrike+1","AsteroidBelt+1"],"picked":"MysteriousBeam","floor":39},{"not_picked":["ChargingUp+1","UnstableBomb"],"picked":"CasketOfStar","floor":40},{"not_picked":["DeepEcoloBomb","GrandCross+1"],"picked":"IllusionStar+1","floor":41},{"not_picked":["6A","ChargingUp+1"],"picked":"AsteroidBelt+1","floor":46},{"not_picked":["FairyDestructionRay+1","DC+1"],"picked":"GravityBeat","floor":48}],"player_experience":45361,"relics_obtained":[{"floor":6.0,"key":"Dota2Spire:DrumOfEndurance"},{"floor":8.0,"key":"AT_ChloranthyRing"},{"floor":9.0,"key":"Ancient Tea Set"},{"floor":11.0,"key":"AT_ArchangelStaff"},{"floor":23.0,"key":"Happy Flower"},{"floor":26.0,"key":"Calipers"},{"floor":28.0,"key":"AT_BladeRuinedKing"},{"floor":40,"key":"PreservedInsect"},{"floor":40,"key":"Smiling Mask"},{"floor":43,"key":"Oddly Smooth Stone"},{"floor":48,"key":"Whetstone"},{"floor":48,"key":"Vajra"}],"event_choices":[{"cards_removed":["DarkSpark"],"damage_healed":14.0,"max_hp_gain":0.0,"max_hp_loss":0.0,"gold_gain":0.0,"event_name":"Bonfire Elementals","player_choice":"Offered Uncommon","floor":2.0,"gold_loss":0.0,"damage_taken":0.0},{"damage_healed":0.0,"max_hp_gain":0.0,"max_hp_loss":0.0,"gold_gain":0.0,"event_name":"Dead Adventurer","player_choice":"Searched \u00271\u0027 times","floor":11.0,"gold_loss":0.0,"damage_taken":0.0},{"damage_healed":0.0,"max_hp_gain":0.0,"max_hp_loss":0.0,"gold_gain":63.0,"event_name":"Golden Wing","player_choice":"Gained Gold","floor":12.0,"gold_loss":0.0,"damage_taken":0.0},{"damage_healed":0.0,"max_hp_gain":5.0,"max_hp_loss":0.0,"gold_gain":0.0,"event_name":"Forgotten Altar","player_choice":"Shed Blood","floor":20.0,"gold_loss":0.0,"damage_taken":19.0},{"damage_healed":0.0,"max_hp_gain":0.0,"max_hp_loss":0.0,"gold_gain":0.0,"event_name":"Addict","player_choice":"Obtained Relic","floor":25.0,"gold_loss":85.0,"damage_taken":0.0,"relics_obtained":["Dota2Spire:BladeMail"]},{"damage_healed":0.0,"max_hp_gain":0.0,"max_hp_loss":0.0,"gold_gain":0.0,"event_name":"The Library","player_choice":"Read","floor":30.0,"gold_loss":0.0,"damage_taken":0.0,"cards_obtained":["Acceleration"]},{"cards_removed":["Strike_MRS"],"damage_healed":0.0,"max_hp_gain":0.0,"max_hp_loss":0.0,"gold_gain":0.0,"event_name":"Back to Basics","player_choice":"Elegance","floor":31.0,"gold_loss":0.0,"damage_taken":0.0},{"damage_healed":0,"gold_gain":0,"player_choice":"Bought 1 Potion","damage_taken":0,"max_hp_gain":0,"max_hp_loss":0,"event_name":"The Woman in Blue","floor":36,"gold_loss":0},{"damage_healed":0,"gold_gain":0,"player_choice":"Paid","damage_taken":0,"relics_obtained":["Red Mask"],"max_hp_gain":0,"max_hp_loss":0,"event_name":"Tomb of Lord Red Mask","floor":47,"gold_loss":74}],"is_beta":false,"boss_relics":[{"not_picked":["Busted Crown","Coffee Dripper"],"picked":"AT_TrinityForce"},{"not_picked":["Philosopher\u0027s Stone","SlaversCollar"],"picked":"Black Star"}],"items_purged_floors":[27,37,44],"is_endless":false,"potions_floor_spawned":[3,5,11,16,18,19,28,39,41],"ascension_level":9}}