{"host":"89iuq2p5kwriuwfq","time":1613308123,"event":{"mods":["BaseMod","Curses Come First","Minty Spire (QoL Compilation)","Permanent Neow","StSLib"],"gold_per_floor":[114,189,189,154,165,200,217,246,292,327,346,373,392,405,405,505,505,522,522,522,542,542,542],"floor_reached":22,"language":"ENG","playtime":1116,"items_purged":[],"score":386,"play_id":"d7429ba4-60e7-4d8d-9138-2b0a2c7c4677","local_time":"20210214130843","is_ascension_mode":true,"campfire_choices":[{"data":"LikeWater","floor":15,"key":"SMITH"}],"circlet_count":0,"master_deck":["AscendersBane","Strike_P","Strike_P","Strike_P","Strike_P+1","Defend_P","Defend_P+1","Defend_P","Defend_P+1","Eruption+1","Vigilance","Consecrate","CutThroughFate","WheelKick","TalkToTheHand+1","Halt","Halt+1","Vengeance+1","ClearTheMind","EmptyMind","LikeWater+1","Devotion","Prostrate+1","Meditate","Consecrate"],"relics":["PureWater","White Beast Statue","Toy Ornithopter","Whetstone","Juzu Bracelet","War Paint","Philosopher\u0027s Stone"],"acts_visited":["Exordium","TheCity"],"potions_floor_usage":[6,10,12,16,21,22],"damage_taken":[{"damage":1,"enemies":"2 Louse","floor":1,"turns":4},{"damage":0,"enemies":"Small Slimes","floor":5,"turns":2},{"damage":2,"enemies":"Lagavulin","floor":6,"turns":7},{"damage":7,"enemies":"Jaw Worm","floor":7,"turns":2},{"damage":7,"enemies":"3 Sentries","floor":8,"turns":4},{"damage":9,"enemies":"Lagavulin","floor":10,"turns":4},{"damage":0,"enemies":"Exordium Wildlife","floor":11,"turns":1},{"damage":0,"enemies":"Gremlin Nob","floor":12,"turns":3},{"damage":0,"enemies":"Blue Slaver","floor":13,"turns":2},{"damage":0,"enemies":"Red Slaver","floor":14,"turns":3},{"damage":8,"enemies":"Slime Boss","floor":16,"turns":6},{"damage":18,"enemies":"2 Thieves","floor":18,"turns":4},{"damage":47,"enemies":"3 Byrds","floor":21,"turns":7},{"damage":0,"enemies":"Snecko","floor":22,"turns":2}],"seed_played":"-197143058658229800","potions_obtained":[{"floor":1,"key":"Weak Potion"},{"floor":7,"key":"Weak Potion"},{"floor":8,"key":"DistilledChaos"},{"floor":10,"key":"DuplicationPotion"},{"floor":11,"key":"Dexterity Potion"},{"floor":12,"key":"BlessingOfTheForge"},{"floor":16,"key":"EssenceOfSteel"},{"floor":21,"key":"BlessingOfTheForge"}],"is_trial":false,"path_per_floor":["M","?","?","?","M","E","M","E","T","E","M","E","M","M","R","B",null,"M","?","?","M","M"],"character_chosen":"WATCHER","items_purchased":[],"campfire_rested":0,"item_purchase_floors":[],"current_hp_per_floor":[64,53,39,57,57,55,48,41,41,37,37,42,42,42,42,39,64,46,46,46,4,9,9],"gold":542,"neow_bonus":"UPGRADE_CARD","is_daily":false,"chose_seed":false,"campfire_upgraded":1,"win_rate":0.0,"timestamp":1613308123,"path_taken":["M","?","?","?","M","E","M","E","T","E","M","E","M","M","R","BOSS","M","?","?","M","M"],"items_purchased_type":[],"build_version":"2020-12-22","purchased_purges":0,"victory":false,"max_hp_per_floor":[72,72,72,72,72,72,72,72,72,72,72,72,72,72,72,72,72,72,72,72,72,72,72],"card_choices":[{"not_picked":["Perseverance","Halt"],"picked":"Consecrate","floor":1},{"not_picked":["Consecrate","Worship"],"picked":"CutThroughFate","floor":5},{"not_picked":["Consecrate","BowlingBash"],"picked":"WheelKick","floor":6},{"not_picked":["CrushJoints","ReachHeaven"],"picked":"TalkToTheHand","floor":7},{"not_picked":["CutThroughFate","CarveReality"],"picked":"Halt","floor":8},{"not_picked":["Pray","DeceiveReality"],"picked":"Halt","floor":10},{"not_picked":["CrushJoints","Evaluate"],"picked":"Vengeance","floor":11},{"not_picked":["SignatureMove","Pray"],"picked":"ClearTheMind","floor":12},{"not_picked":["Worship","ThirdEye"],"picked":"EmptyMind","floor":13},{"not_picked":["CrushJoints","DeusExMachina"],"picked":"LikeWater","floor":14},{"not_picked":["Brilliance","Omniscience"],"picked":"Devotion","floor":16},{"not_picked":["Worship","Protect+1"],"picked":"Prostrate+1","floor":18},{"not_picked":["CrushJoints","Meditate"],"picked":"Consecrate","floor":21}],"player_experience":675444,"relics_obtained":[{"floor":6,"key":"White Beast Statue"},{"floor":8,"key":"Toy Ornithopter"},{"floor":9,"key":"Whetstone"},{"floor":10,"key":"Juzu Bracelet"},{"floor":12,"key":"War Paint"}],"event_choices":[{"damage_healed":0,"gold_gain":75,"player_choice":"Gather Gold","damage_taken":11,"max_hp_gain":0,"max_hp_loss":0,"event_name":"World of Goop","floor":2,"gold_loss":0},{"damage_healed":0,"gold_gain":0,"player_choice":"Entered Light","damage_taken":14,"max_hp_gain":0,"max_hp_loss":0,"event_name":"Shining Light","floor":3,"gold_loss":0,"cards_upgraded":["Defend_P","Defend_P"]},{"damage_healed":18,"gold_gain":0,"player_choice":"Healed","damage_taken":0,"max_hp_gain":0,"max_hp_loss":0,"event_name":"The Cleric","floor":4,"gold_loss":35},{"damage_healed":0,"gold_gain":0,"player_choice":"Ignored","damage_taken":0,"max_hp_gain":0,"max_hp_loss":0,"event_name":"Vampires","floor":19,"gold_loss":0},{"damage_healed":0,"gold_gain":0,"player_choice":"Read","damage_taken":0,"max_hp_gain":0,"max_hp_loss":0,"event_name":"The Library","floor":20,"gold_loss":0,"cards_obtained":["Meditate"]}],"is_beta":false,"boss_relics":[{"not_picked":["Fusion Hammer","Calling Bell"],"picked":"Philosopher\u0027s Stone"}],"items_purged_floors":[],"is_endless":false,"potions_floor_spawned":[1,7,8,10,11,12,13,14,16,18,21],"killed_by":"Snecko","ascension_level":12}}