{"host":"8vqkh0x3c7vpgzzm","time":1613311775,"event":{"mods":["Act Like it!","BaseMod","Better Altar","Better Match","Better Note","Better Sensory Stone","Better Skull","Better Third Choice","BetterRewards","Card Forge","Colored Map","Colored Powertips","Curses Come First","Custom Start","DeckTracker","Highlight Path","Minty Spire (QoL Compilation)","Permanent Neow","Quick Restart","Random Character Button","Random Character Mod","Rare Cards Sparkle","Relic Filter","Relic Sorter","Relic Stats","Shop Mod","Spicy Shops","StSLib","SuperFastMode","Synergy Search","The Runesmith","The Sage","Unceasing Turn Reminder","egg","everything is the same but u backflip on backflip"],"gold_per_floor":[117,131,147,164,174,174,186,8,8,8,19,19,19,48,48,153,153,163,238,257,270,134,134,163,163,163,163,190,210,229,229,229,329,329,340,358,358,1357,1372,1372,657,668,668,668,686,120,139,139,139,139],"floor_reached":51,"language":"ENG","playtime":2659,"items_purged":["Strike_R","Defend_R","Normality","Normality","Strike_R"],"score":1359,"play_id":"4080e23c-e294-4f0b-bb12-e7d02e6c3d99","local_time":"20210214150935","is_ascension_mode":true,"campfire_choices":[{"data":"Clothesline","floor":6.0,"key":"SMITH"},{"data":"Bash","floor":10.0,"key":"SMITH"},{"data":"Brutality","floor":13.0,"key":"SMITH"},{"data":"Disarm","floor":15.0,"key":"SMITH"},{"floor":23.0,"key":"REST"},{"data":"Rage","floor":25.0,"key":"SMITH"},{"data":"Flex","floor":27.0,"key":"SMITH"},{"data":"Shockwave","floor":32,"key":"SMITH"},{"data":"Bloodletting","floor":44,"key":"SMITH"},{"floor":49,"key":"REST"}],"circlet_count":0,"master_deck":["Strike_R","Strike_R","Defend_R","Defend_R","Defend_R","Bash+1","Pommel Strike","Twin Strike","Anger","Ghostly Armor","Flex+1","Clothesline+1","Rage+1","Bloodletting+1","Brutality+1","Shockwave+1","Disarm+1","Exhume","Metallicize+1","Exhume","Shrug It Off+1","Corruption+1","Ghostly Armor+1","Dark Embrace+1","Shrug It Off+1","Limit Break+1","Sadistic Nature+1","Inflame+1","Shrug It Off+1","Seeing Red+1","Shrug It Off+1"],"relics":["Burning Blood","White Beast Statue","Runic Cube","Matryoshka","Strange Spoon","Art of War","Omamori","sagemod:Singing_Vial","Calling Bell","Oddly Smooth Stone","Frozen Egg 2","Charon\u0027s Ashes","Brimstone","Blood Vial","Thread and Needle","Smiling Mask","Pantograph","Toxic Egg 2","sagemod:Falmels_Amulet","Magic Flower","Regal Pillow","Runesmith:Nanobots","Shuriken","Paper Frog"],"acts_visited":["Exordium","TheCity","TheBeyond"],"potions_floor_usage":[33,39,42,42,45,45,48,50],"damage_taken":[{"damage":1.0,"enemies":"Cultist","floor":1.0,"turns":3.0},{"damage":6.0,"enemies":"2 Louse","floor":2.0,"turns":2.0},{"damage":10.0,"enemies":"Small Slimes","floor":3.0,"turns":3.0},{"damage":5.0,"enemies":"Gremlin Gang","floor":4.0,"turns":4.0},{"damage":4.0,"enemies":"Blue Slaver","floor":5.0,"turns":3.0},{"damage":13.0,"enemies":"Lots of Slimes","floor":7.0,"turns":3.0},{"damage":8.0,"enemies":"Exordium Wildlife","floor":11.0,"turns":3.0},{"damage":20.0,"enemies":"3 Sentries","floor":14.0,"turns":4.0},{"damage":21.0,"enemies":"Hexaghost","floor":16.0,"turns":6.0},{"damage":19.0,"enemies":"Shell Parasite","floor":18.0,"turns":5.0},{"damage":10.0,"enemies":"Chosen","floor":20.0,"turns":6.0},{"damage":25.0,"enemies":"Shelled Parasite and Fungi","floor":21.0,"turns":3.0},{"damage":16.0,"enemies":"Book of Stabbing","floor":24.0,"turns":3.0},{"damage":19.0,"enemies":"Gremlin Leader","floor":28.0,"turns":4.0},{"damage":9.0,"enemies":"Snecko","floor":29.0,"turns":4.0},{"damage":14.0,"enemies":"Snake Plant","floor":30.0,"turns":2.0},{"damage":35,"enemies":"Collector","floor":33,"turns":6},{"damage":12,"enemies":"3 Darklings","floor":35,"turns":5},{"damage":3,"enemies":"3 Shapes","floor":36,"turns":4},{"damage":32,"enemies":"Sphere and 2 Shapes","floor":39,"turns":5},{"damage":15,"enemies":"Transient","floor":42,"turns":5},{"damage":44,"enemies":"Jaw Worm Horde","floor":45,"turns":4},{"damage":3,"enemies":"4 Shapes","floor":47,"turns":3},{"damage":0,"enemies":"Transient","floor":48,"turns":1},{"damage":29,"enemies":"Time Eater","floor":50,"turns":5}],"seed_played":"-8961973209492835694","potions_obtained":[{"floor":1.0,"key":"EntropicBrew"},{"floor":2.0,"key":"SteroidPotion"},{"floor":3.0,"key":"Regen Potion"},{"floor":4.0,"key":"Ancient Potion"},{"floor":14.0,"key":"ColorlessPotion"},{"floor":16.0,"key":"Strength Potion"},{"floor":24.0,"key":"Swift Potion"},{"floor":28.0,"key":"CultistPotion"},{"floor":29.0,"key":"DuplicationPotion"},{"floor":30.0,"key":"CultistPotion"},{"floor":33,"key":"ColorlessPotion"},{"floor":39,"key":"SkillPotion"},{"floor":42,"key":"Explosive Potion"},{"floor":45,"key":"Strength Potion"},{"floor":47,"key":"SmokeBomb"}],"is_trial":false,"path_per_floor":["M","M","M","M","M","R","M","$","T","R","M","$","R","E","R","B",null,"M","?","M","M","$","R","E","R","T","R","E","M","M","?","R","B",null,"M","M","?","?","M","?","$","M","T","R","M","$","M","M","R","B",null],"character_chosen":"IRONCLAD","items_purchased":["White Beast Statue","Strange Spoon","Brimstone","Blood Vial","Magic Flower","Limit Break+1","Sadistic Nature+1","Inflame+1","Regal Pillow","Shrug It Off+1","Shuriken","Paper Frog"],"campfire_rested":2,"item_purchase_floors":[0,8,22,22,41,41,41,41,41,46,46,46],"current_hp_per_floor":[48,48,44,45,47,47,40,40,40,40,38,38,38,36,36,21,65,52,44,40,21,21,45,52,52,52,52,41,40,34,34,34,32,68,64,69,69,69,45,45,45,42,42,42,10,10,19,31,70,60],"gold":139,"neow_bonus":"","is_daily":false,"chose_seed":false,"campfire_upgraded":8,"win_rate":0.0,"timestamp":1613311775,"path_taken":["M","M","M","M","M","R","M","$","T","R","M","?","R","E","R","BOSS","M","?","?","M","$","R","E","R","T","R","E","M","M","?","R","BOSS","M","M","?","?","M","?","$","?","T","R","M","$","M","M","R","BOSS"],"items_purchased_type":["Relic","Relic","Relic","Relic","Relic","Card","Card","Card","Relic","Card","Relic","Relic"],"build_version":"2020-12-22","purchased_purges":5,"victory":true,"max_hp_per_floor":[80,80,80,80,80,80,80,80,80,80,80,80,80,80,80,80,80,80,80,80,80,80,80,80,80,80,80,80,80,80,80,80,80,80,80,80,80,80,80,80,80,80,80,80,80,80,80,80,80,80],"relic_stats":{"Regal Pillow":15,"counters":[48,226],"Magic Flower":[19],"Charon\u0027s Ashes":[296],"Smiling Mask":300,"Burning Blood":279,"Blood Vial":28,"Strange Spoon":[44],"Shuriken":[1],"Pantograph":60,"Art of War":[11],"obtain_stats":[{"Lantern":30,"Mark of the Bloom":47,"Regal Pillow":41,"sagemod:Falmels_Amulet":34,"Magic Flower":41,"Hammer of Thor":21,"Smiling Mask":26,"Burning Blood":0,"Blood Vial":22,"Lizard Tail":9,"Nunchaku":43,"Matryoshka":26,"Mummified Hand":21,"Gambling Chip":31,"Pantograph":31,"Toxic Egg 2":28,"Runic Cube":0,"Paper Frog":46,"Runesmith:Nanobots":43,"Golden Idol":4,"Dead Branch":44,"Oddly Smooth Stone":17,"Thread and Needle":24,"Charon\u0027s Ashes":17,"Omamori":9,"Seething Fire":21,"Frozen Egg 2":17,"White Beast Statue":0,"Calling Bell":17,"Strange Spoon":8,"CaptainsWheel":7,"Brimstone":22,"Shuriken":46,"Pandora\u0027s Box":34,"sagemod:Singing_Vial":14,"Coffee Dripper":17,"Art of War":9,"FossilizedHelix":41,"Toy Ornithopter":43,"Unceasing Top":48},{"Lantern":12,"Mark of the Bloom":21,"Regal Pillow":43,"sagemod:Falmels_Amulet":40,"Magic Flower":43,"Hammer of Thor":35,"Smiling Mask":36,"Burning Blood":0,"Blood Vial":35,"Lizard Tail":2,"Nunchaku":20,"Matryoshka":9,"Mummified Hand":8,"Gambling Chip":14,"Pantograph":14,"Toxic Egg 2":37,"Runic Cube":23,"Paper Frog":45,"Runesmith:Nanobots":44,"Golden Idol":1,"Dead Branch":20,"Oddly Smooth Stone":32,"Thread and Needle":36,"Charon\u0027s Ashes":32,"Omamori":29,"Seething Fire":35,"Frozen Egg 2":32,"White Beast Statue":23,"Calling Bell":32,"Strange Spoon":29,"CaptainsWheel":2,"Brimstone":35,"Shuriken":45,"Pandora\u0027s Box":15,"sagemod:Singing_Vial":31,"Coffee Dripper":5,"Art of War":29,"FossilizedHelix":20,"Toy Ornithopter":20,"Unceasing Top":22},{"Lantern":70,"Mark of the Bloom":116,"Regal Pillow":208,"sagemod:Falmels_Amulet":194,"Magic Flower":208,"Hammer of Thor":173,"Smiling Mask":178,"Burning Blood":0,"Blood Vial":175,"Lizard Tail":13,"Nunchaku":111,"Matryoshka":56,"Mummified Hand":50,"Gambling Chip":78,"Pantograph":78,"Toxic Egg 2":182,"Runic Cube":130,"Paper Frog":217,"Runesmith:Nanobots":213,"Golden Idol":5,"Dead Branch":111,"Oddly Smooth Stone":161,"Thread and Needle":178,"Charon\u0027s Ashes":161,"Omamori":148,"Seething Fire":173,"Frozen Egg 2":161,"White Beast Statue":130,"Calling Bell":161,"Strange Spoon":148,"CaptainsWheel":13,"Brimstone":175,"Shuriken":217,"Pandora\u0027s Box":84,"sagemod:Singing_Vial":155,"Coffee Dripper":29,"Art of War":148,"FossilizedHelix":111,"Toy Ornithopter":111,"Unceasing Top":120}],"Runic Cube":[116]},"card_choices":[{"not_picked":["Warcry","Cleave"],"picked":"Ghostly Armor","floor":1.0},{"not_picked":["Combust","Thunderclap"],"picked":"Flex","floor":2.0},{"not_picked":["Twin Strike","Iron Wave"],"picked":"Clothesline","floor":3.0},{"not_picked":["Heavy Blade","Sentinel"],"picked":"Rage","floor":4.0},{"not_picked":["Headbutt","Warcry"],"picked":"Bloodletting","floor":5.0},{"not_picked":["Bloodletting","Headbutt"],"picked":"Brutality","floor":7.0},{"not_picked":["Sword Boomerang","Headbutt"],"picked":"Shockwave","floor":11.0},{"not_picked":["Cleave","Havoc"],"picked":"Disarm","floor":14.0},{"not_picked":["Limit Break","Juggernaut"],"picked":"Exhume","floor":16.0},{"not_picked":["Rampage","Combust+1","Armaments"],"picked":"Singing Bowl","floor":18.0},{"not_picked":["Pommel Strike","Headbutt"],"picked":"Metallicize+1","floor":20.0},{"not_picked":["Cleave","Uppercut","Thunderclap+1"],"picked":"Singing Bowl","floor":21.0},{"not_picked":["Pommel Strike","Double Tap"],"picked":"Exhume","floor":24.0},{"not_picked":["Anger","Wild Strike+1","Clothesline"],"picked":"Singing Bowl","floor":28.0},{"not_picked":["Clash+1","Thunderclap+1","Infernal Blade+1"],"picked":"Singing Bowl","floor":29.0},{"not_picked":["Ghostly Armor+1","Dark Embrace+1"],"picked":"Shrug It Off+1","floor":30.0},{"not_picked":["Juggernaut+1","Reaper"],"picked":"Corruption+1","floor":33},{"not_picked":["Wild Strike","Headbutt"],"picked":"Ghostly Armor+1","floor":35},{"not_picked":["Entrench+1","Heavy Blade+1"],"picked":"Dark Embrace+1","floor":36},{"not_picked":["True Grit+1","Blood for Blood"],"picked":"Shrug It Off+1","floor":39},{"not_picked":["Shockwave+1","Warcry+1"],"picked":"Shrug It Off+1","floor":42},{"not_picked":["Wild Strike","Intimidate+1"],"picked":"Seeing Red+1","floor":45},{"not_picked":["Cleave","Wild Strike","Dropkick"],"picked":"Singing Bowl","floor":47}],"player_experience":558987,"relics_obtained":[{"floor":9.0,"key":"Art of War"},{"floor":9.0,"key":"Omamori"},{"floor":14.0,"key":"sagemod:Singing_Vial"},{"floor":17.0,"key":"Oddly Smooth Stone"},{"floor":17.0,"key":"Frozen Egg 2"},{"floor":17.0,"key":"Charon\u0027s Ashes"},{"floor":24.0,"key":"Thread and Needle"},{"floor":26.0,"key":"Smiling Mask"},{"floor":26.0,"key":"Pantograph"},{"floor":28.0,"key":"Toxic Egg 2"},{"floor":43,"key":"Runesmith:Nanobots"}],"event_choices":[{"damage_healed":0.0,"max_hp_gain":0.0,"max_hp_loss":0.0,"gold_gain":75.0,"event_name":"FaceTrader","player_choice":"Touch","floor":19.0,"gold_loss":0.0,"damage_taken":8.0},{"damage_healed":0.0,"max_hp_gain":0.0,"max_hp_loss":0.0,"gold_gain":0.0,"event_name":"betterNote:BetterNote","player_choice":"Ignored","floor":31.0,"gold_loss":0.0,"damage_taken":0.0,"cards_obtained":["A Thousand Cuts"]},{"cards_removed":["Strike_R"],"damage_healed":0,"gold_gain":0,"player_choice":"Removed Attack","damage_taken":0,"max_hp_gain":0,"max_hp_loss":0,"event_name":"Falling","floor":37,"gold_loss":0},{"damage_healed":0,"gold_gain":999,"player_choice":"Gold","damage_taken":0,"max_hp_gain":0,"max_hp_loss":0,"event_name":"MindBloom","floor":38,"gold_loss":0,"cards_obtained":["Normality","Normality"]},{"damage_healed":0,"gold_gain":0,"player_choice":"Bought 0 Potions","damage_taken":0,"max_hp_gain":0,"max_hp_loss":0,"event_name":"The Woman in Blue","floor":40,"gold_loss":0}],"is_beta":false,"boss_relics":[{"not_picked":["Philosopher\u0027s Stone","Black Star"],"picked":"Calling Bell"},{"not_picked":["Velvet Choker","Busted Crown"],"picked":"sagemod:Falmels_Amulet"}],"items_purged_floors":[0,8,41,46,46],"is_endless":false,"potions_floor_spawned":[1,2,3,4,5,7,11,14,16,18,20,21,24,28,29,30,33,35,36,39,42,45,47,48],"ascension_level":9}}