{"host":"v2b7co6515hwzfig","time":1613267974,"event":{"mods":["BaseMod","Colored Powertips","Downfall","KinomotoSakuraMod(????)","Marisa????????","Minty Spire (QoL Compilation)","Quick Restart","Rare Cards Sparkle","StSLib","The Bug Knight","The Senshi"],"gold_per_floor":[210,229,11,31,49,49,79,79,105,30,30,30,65,78,78,183,183,197,42,42,42,42,42,68,84,137,152,223,223,236,248,248,349,349,360,410,465,19,33,33,67,67,67,80,80,91,105,0,0,0,0],"floor_reached":50,"language":"ENG","playtime":3520,"items_purged":[],"score":550,"play_id":"0ed05fb7-4bc3-49ce-bfaf-bbf507625f60","local_time":"20210214025934","is_ascension_mode":false,"campfire_choices":[{"data":"Body Slam","floor":6,"key":"SMITH"},{"floor":11,"key":"REST"},{"floor":15,"key":"REST"},{"data":"Flex","floor":23,"key":"SMITH"},{"data":"Metallicize","floor":29,"key":"SMITH"},{"floor":32,"key":"REST"},{"floor":40,"key":"REST"},{"data":"Infernal Blade","floor":42,"key":"SMITH"},{"floor":45,"key":"REST"},{"floor":49,"key":"REST"}],"circlet_count":0,"master_deck":["Strike_R+1","Strike_R","Strike_R","Defend_R","Defend_R","Defend_R","Bash","Rage","Body Slam+1","Metallicize+1","Flex","Impervious","Infernal Blade+1","Flex+1","Perfected Strike","Seeing Red+1","Headbutt","Feed","Searing Blow+2","Clothesline+1","Cleave+1","Shockwave+1","Anger+1","Flame Barrier+1","Anger","Shrug It Off+1","Double Tap+1","Perfected Strike+1","Cleave+1","Seeing Red+1","Apotheosis+1","Blood for Blood","Feel No Pain+1","Rage+1","Demon Form","Whirlwind+1"],"relics":["Burning Blood","OrangePellets","Kunai","Paper Frog","Lantern","Toxic Egg 2","Astrolabe","Whetstone","PreservedInsect","Strawberry","HollowMod:LifeEnderRelic","Black Star","Charon\u0027s Ashes","Peace Pipe","Shuriken","Toy Ornithopter","HornCleat","theSenshi:SailorFukuRelic","Red Mask"],"acts_visited":["Exordium","TheCity","TheBeyond"],"potions_floor_usage":[7,16,16,18,30,33,33,36,37,47],"damage_taken":[{"damage":3,"enemies":"Cultist","floor":1,"turns":5},{"damage":5,"enemies":"Jaw Worm","floor":2,"turns":4},{"damage":2,"enemies":"Small Slimes","floor":4,"turns":4},{"damage":1,"enemies":"3 Louse","floor":5,"turns":6},{"damage":30,"enemies":"3 Sentries","floor":7,"turns":7},{"damage":15,"enemies":"Lagavulin","floor":13,"turns":5},{"damage":24,"enemies":"Exordium Thugs","floor":14,"turns":6},{"damage":28,"enemies":"Slime Boss","floor":16,"turns":15},{"damage":33,"enemies":"3 Byrds","floor":18,"turns":8},{"damage":21,"enemies":"HollowMod:Nosk","floor":24,"turns":6},{"damage":1,"enemies":"Chosen","floor":25,"turns":3},{"damage":11,"enemies":"Snecko","floor":27,"turns":4},{"damage":15,"enemies":"Snake Plant","floor":30,"turns":3},{"damage":12,"enemies":"Chosen and Byrds","floor":31,"turns":5},{"damage":37,"enemies":"Collector","floor":33,"turns":8},{"damage":0,"enemies":"Orb Walker","floor":35,"turns":3},{"damage":26,"enemies":"Mind Bloom Boss Battle","floor":36,"turns":7},{"damage":25,"enemies":"2 Orb Walkers","floor":37,"turns":5},{"damage":16,"enemies":"3 Shapes","floor":39,"turns":3},{"damage":12,"enemies":"HollowMod:StalkingDevout","floor":41,"turns":5},{"damage":26,"enemies":"Transient","floor":44,"turns":5},{"damage":23,"enemies":"Maw","floor":46,"turns":7},{"damage":36,"enemies":"4 Shapes","floor":47,"turns":4},{"damage":110,"enemies":"Awakened One","floor":50,"turns":10}],"seed_played":"1989506358381372093","potions_obtained":[{"floor":5,"key":"AttackPotion"},{"floor":7,"key":"Dexterity Potion"},{"floor":13,"key":"Ancient Potion"},{"floor":16,"key":"PowerPotion"},{"floor":24,"key":"CultistPotion"},{"floor":27,"key":"Regen Potion"},{"floor":30,"key":"Dexterity Potion"},{"floor":33,"key":"BloodPotion"},{"floor":35,"key":"Explosive Potion"},{"floor":44,"key":"AttackPotion"}],"is_trial":false,"path_per_floor":["M","M","$","M","M","R","E","T","T","$","R","$","E","M","R","B",null,"M","$","?","?","?","R","E","M","T","M","T","R","M","M","R","B",null,"M","?","?","$","M","R","E","R","T","M","R","M","M","?","R","B"],"character_chosen":"IRONCLAD","items_purchased":["OrangePellets","Metallicize","Flex","Perfected Strike","Whetstone","Shuriken","Apotheosis+1"],"campfire_rested":6,"item_purchase_floors":[3,3,10,10,19,38,38],"current_hp_per_floor":[80,80,80,80,80,80,56,56,56,56,80,80,71,53,77,55,80,53,53,38,38,85,85,70,75,82,77,77,77,77,71,92,61,92,92,72,74,74,64,92,86,86,86,66,94,77,55,55,84,0,0],"gold":0,"neow_bonus":"HUNDRED_GOLD","is_daily":false,"chose_seed":false,"campfire_upgraded":4,"win_rate":0.0,"timestamp":1613267974,"path_taken":["M","?","$","M","?","R","E","?","T","?","R","$","E","M","R","BOSS","M","$","?","?","?","R","E","?","T","M","?","R","M","M","R","BOSS","M","?","?","?","M","R","E","R","T","M","R","M","?","?","R","BOSS"],"items_purchased_type":["Relic","Card","Card","Card","Relic","Relic","Card"],"build_version":"2020-12-13","purchased_purges":0,"victory":false,"max_hp_per_floor":[80,80,80,80,80,80,80,80,80,80,80,80,80,80,80,80,80,80,80,85,85,85,85,85,85,92,92,92,92,92,92,92,92,92,92,92,95,95,95,95,95,95,95,95,95,95,98,98,98,98,98],"card_choices":[{"not_picked":["Clothesline","Shockwave"],"picked":"Rage","floor":1},{"not_picked":["Shrug It Off","Warcry"],"picked":"Body Slam","floor":2},{"not_picked":["Pommel Strike","Uppercut"],"picked":"Flex","floor":4},{"not_picked":["Clothesline","Carnage"],"picked":"Impervious","floor":5},{"not_picked":["Sword Boomerang","Combust"],"picked":"Infernal Blade","floor":7},{"not_picked":["Second Wind+1","Body Slam"],"picked":"Seeing Red+1","floor":13},{"not_picked":["Clash","Perfected Strike"],"picked":"Headbutt","floor":14},{"not_picked":["Berserk","Fiend Fire"],"picked":"Feed","floor":16},{"not_picked":["Blood for Blood","Flex+1"],"picked":"Cleave+1","floor":18},{"not_picked":["Thunderclap","Pommel Strike+1"],"picked":"Shockwave+1","floor":24},{"not_picked":["Body Slam","Warcry+1"],"picked":"Anger+1","floor":25},{"not_picked":["Warcry+1","Burning Pact+1"],"picked":"Flame Barrier+1","floor":27},{"not_picked":["Barricade","Thunderclap"],"picked":"Anger","floor":30},{"not_picked":["Perfected Strike","Heavy Blade+1"],"picked":"Shrug It Off+1","floor":31},{"not_picked":["Brutality","Impervious+1"],"picked":"Double Tap+1","floor":33},{"not_picked":["True Grit+1","Headbutt"],"picked":"Perfected Strike+1","floor":35},{"not_picked":["Perfected Strike","Headbutt"],"picked":"Cleave+1","floor":36},{"not_picked":["Cleave","Shrug It Off+1"],"picked":"Seeing Red+1","floor":37},{"not_picked":["Clash+1","Battle Trance+1"],"picked":"Blood for Blood","floor":39},{"not_picked":["Inflame","Body Slam+1"],"picked":"Feel No Pain+1","floor":41},{"not_picked":["Heavy Blade","Ghostly Armor+1"],"picked":"Rage+1","floor":44},{"not_picked":["Thunderclap+1","Heavy Blade+1"],"picked":"Demon Form","floor":46},{"not_picked":["Sword Boomerang","Uppercut"],"picked":"Whirlwind+1","floor":47}],"player_experience":5560,"relics_obtained":[{"floor":7,"key":"Kunai"},{"floor":8,"key":"Paper Frog"},{"floor":9,"key":"Lantern"},{"floor":13,"key":"Toxic Egg 2"},{"floor":24,"key":"PreservedInsect"},{"floor":26,"key":"Strawberry"},{"floor":28,"key":"HollowMod:LifeEnderRelic"},{"floor":36,"key":"Charon\u0027s Ashes"},{"floor":37,"key":"Peace Pipe"},{"floor":41,"key":"Toy Ornithopter"},{"floor":41,"key":"HornCleat"},{"floor":43,"key":"theSenshi:SailorFukuRelic"}],"event_choices":[{"damage_healed":0,"gold_gain":0,"player_choice":"Shed Blood","damage_taken":20,"max_hp_gain":5,"max_hp_loss":0,"event_name":"Forgotten Altar","floor":20,"gold_loss":0},{"cards_removed":["Second Wind"],"damage_healed":47,"gold_gain":0,"player_choice":"Offered Uncommon","damage_taken":0,"max_hp_gain":0,"max_hp_loss":0,"event_name":"Bonfire Elementals","floor":22,"gold_loss":0},{"damage_healed":0,"gold_gain":0,"player_choice":"Fight","damage_taken":0,"max_hp_gain":0,"max_hp_loss":0,"event_name":"MindBloom","floor":36,"gold_loss":0},{"damage_healed":0,"gold_gain":0,"player_choice":"Fight","damage_taken":0,"max_hp_gain":0,"max_hp_loss":0,"event_name":"Mysterious Sphere","floor":37,"gold_loss":0},{"damage_healed":0,"gold_gain":0,"player_choice":"Paid","damage_taken":0,"relics_obtained":["Red Mask"],"max_hp_gain":0,"max_hp_loss":0,"event_name":"Tomb of Lord Red Mask","floor":48,"gold_loss":105}],"is_beta":false,"boss_relics":[{"not_picked":["Coffee Dripper","Fusion Hammer"],"picked":"Astrolabe"},{"not_picked":["Cursed Key","Busted Crown"],"picked":"Black Star"}],"items_purged_floors":[],"is_endless":false,"potions_floor_spawned":[5,7,13,16,24,27,30,33,35,44],"killed_by":"Awakened One","ascension_level":0}}