{"host":"szp1d6dso4pv7ddl","time":1613277445,"event":{"mods":["AchievementEnabler","Alarm Clock","BaseMod","Bestiary","Block Reminder","Colored Map","Colored Powertips","Curses Come First","Dark Map","Displayed Cursed Tome","Highlight Path","Minty Spire (QoL Compilation)","Permanent Neow","Quick Restart","Relic Sorter","Relic Stats","StSLib","Synergy Search"],"gold_per_floor":[119,68,68,15,33,33,71,96,121,133,163,196,208,284,296,308,308],"floor_reached":16,"language":"ENG","playtime":501,"items_purged":[],"score":250,"play_id":"0d65ea29-d79b-437a-b94b-df4168846222","local_time":"20210213203725","is_ascension_mode":true,"campfire_choices":[{"data":"All Out Attack","floor":6,"key":"SMITH"},{"floor":15,"key":"REST"}],"circlet_count":0,"master_deck":["AscendersBane","Strike_G","Strike_G","Strike_G","Strike_G","Defend_G","Defend_G","Defend_G","Defend_G","Defend_G+1","Survivor","Neutralize","All Out Attack+1","Dagger Spray","Dagger Throw","Dagger Spray","Well Laid Plans+1","Prepared","Underhanded Strike","Backflip"],"relics":["Ring of the Snake","NeowsBlessing","Golden Idol","Strawberry","MawBank"],"acts_visited":["Exordium"],"potions_floor_usage":[16,16],"damage_taken":[{"damage":0,"enemies":"Cultist","floor":1,"turns":1},{"damage":0,"enemies":"2 Louse","floor":5,"turns":1},{"damage":0,"enemies":"Lagavulin","floor":7,"turns":1},{"damage":2,"enemies":"Jaw Worm","floor":8,"turns":4},{"damage":3,"enemies":"Looter","floor":11,"turns":4},{"damage":4,"enemies":"Blue Slaver","floor":12,"turns":3},{"damage":33,"enemies":"The Guardian","floor":16,"turns":6}],"seed_played":"-4455320533835560336","potions_obtained":[{"floor":1,"key":"Energy Potion"},{"floor":7,"key":"Energy Potion"}],"is_trial":false,"path_per_floor":["M","$","?","$","M","R","E","M","T","?","M","M","?","?","R","B"],"character_chosen":"THE_SILENT","items_purchased":["Dagger Spray","Dagger Throw"],"campfire_rested":1,"item_purchase_floors":[2,4],"current_hp_per_floor":[59,59,36,36,36,36,43,41,41,41,38,34,12,12,33,0,0],"gold":308,"neow_bonus":"THREE_ENEMY_KILL","is_daily":false,"chose_seed":false,"campfire_upgraded":1,"win_rate":0.0,"timestamp":1613277445,"path_taken":["M","$","?","$","M","R","E","M","T","?","M","?","?","?","R","BOSS"],"items_purchased_type":["Card","Card"],"build_version":"2020-12-22","purchased_purges":0,"victory":false,"max_hp_per_floor":[66,66,66,66,66,66,73,73,73,73,73,73,73,73,73,73,73],"relic_stats":{"counters":[7,20],"Golden Idol":25,"MawBank":84,"obtain_stats":[{"NeowsBlessing":0,"Golden Idol":3,"Strawberry":7,"MawBank":9,"Ring of the Snake":0},{"NeowsBlessing":0,"Golden Idol":1,"Strawberry":3,"MawBank":4,"Ring of the Snake":0},{"NeowsBlessing":0,"Golden Idol":1,"Strawberry":3,"MawBank":7,"Ring of the Snake":0}],"Ring of the Snake":[14]},"card_choices":[{"not_picked":["Expertise","Eviscerate"],"picked":"All Out Attack","floor":1},{"not_picked":["Distraction","Cloak And Dagger"],"picked":"Dagger Spray","floor":5},{"not_picked":["Tactician","Cloak And Dagger"],"picked":"Well Laid Plans","floor":7},{"not_picked":["Accuracy","Underhanded Strike"],"picked":"Prepared","floor":8},{"not_picked":["Bane","Deadly Poison"],"picked":"Underhanded Strike","floor":11},{"not_picked":["Flying Knee","Well Laid Plans"],"picked":"Backflip","floor":12}],"player_experience":1565685,"relics_obtained":[{"floor":7,"key":"Strawberry"},{"floor":9,"key":"MawBank"}],"event_choices":[{"damage_healed":0,"gold_gain":0,"player_choice":"Take Damage","damage_taken":23,"relics_obtained":["Golden Idol"],"max_hp_gain":0,"max_hp_loss":0,"event_name":"Golden Idol","floor":3,"gold_loss":0},{"cards_removed":["Strike_G"],"damage_healed":0,"gold_gain":0,"player_choice":"Purged","damage_taken":0,"max_hp_gain":0,"max_hp_loss":0,"event_name":"Purifier","floor":10,"gold_loss":0},{"damage_healed":0,"gold_gain":0,"player_choice":"Entered Light","damage_taken":22,"max_hp_gain":0,"max_hp_loss":0,"event_name":"Shining Light","floor":13,"gold_loss":0,"cards_upgraded":["Defend_G","Well Laid Plans"]},{"damage_healed":0,"gold_gain":64,"player_choice":"Gained Gold","damage_taken":0,"max_hp_gain":0,"max_hp_loss":0,"event_name":"Golden Wing","floor":14,"gold_loss":0}],"is_beta":false,"boss_relics":[],"items_purged_floors":[],"is_endless":false,"potions_floor_spawned":[1,7],"killed_by":"The Guardian","ascension_level":20}}