{"host":"5m2js577gj4e7pak","time":1613290624,"event":{"mods":["AchievementEnabler","BaseMod","Better Match","Better Note","Better Third Choice","BetterRewards","Colored Map","Colored Powertips","Highlight Path","Infinite Spire","Lobotomy","LobotomyExtend","Minty Spire (QoL Compilation)","Quick Restart","Relic Filter","Spicy Shops","StSLib"],"gold_per_floor":[117,4,4,17,17,17,37,37,37,64,77,96,113,124,124,220,220,235,235,249,260,275,308,320,320,320,300,320,348,362,381,381,477,477,496,516,791,801,811,837,837,870,870,870,901,923,70,70,70],"floor_reached":48,"language":"ENG","playtime":1973,"items_purged":[],"score":798,"play_id":"30f2f838-dc30-493e-a2a9-4f7d438029c8","local_time":"20210214091704","is_ascension_mode":true,"campfire_choices":[],"circlet_count":0,"master_deck":["Apo_Pray","CENSORED","QueenOfHatred","Apo_SoulSlash","Apo_Charge","Apo_Charge","Apo_Charge","Apo_Charge","Apo_Beam","Apo_Beam","Apo_Beam","Apo_Execute","Apo_Slash","Apo_Slash","Apo_SoulSlash","Logging","CENSORED_ego","Penitence+1","Twilight","Twilight","SpecialBullet","Lamp+1","LaLuna","Noise+1","Regret","RedEyes+1","ControlCode","SingingMachine","Soda","BigBird","GreenStem+1","TT2Protocol","ShyLook","Christmas+1","CurseOfTheBell","Wellcheers","Ecstasy+1","WhiteNight","Gaze+1","Parasite","Heaven","Noise+1"],"relics":["CogitoBucket","Lizard Tail","RabbitCall","LetterFromLob","Sling","infinitespire:FocusingShard","infinitespire:CursedDice","BehaviorAdjustment","Lamp_r","Black Star","SkinProphecy","Lantern","PreservedInsect","ApostleMask","Centennial Puzzle","Dream Catcher","Darkstone Periapt","infinitespire:Cupcake","InTheNameOfLoveAndHate_r","CENSORED_r","Thread and Needle","infinitespire:Lucky Rock","Toxic Egg 2","infinitespire:Lychee Nut","infinitespire:ShieldingShard","Calling Bell","MawBank","Pantograph","Calipers","Orichalcum","Lee\u0027s Waffle","Letter Opener","Blood Vial","Pen Nib"],"acts_visited":["Exordium","TheCity","TheBeyond"],"potions_floor_usage":[46,46],"damage_taken":[{"damage":9.0,"enemies":"Cultist","floor":1.0,"turns":3.0},{"damage":12.0,"enemies":"Jaw Worm","floor":4.0,"turns":3.0},{"damage":9.0,"enemies":"Small Slimes","floor":7.0,"turns":3.0},{"damage":9.0,"enemies":"3 Sentries","floor":10.0,"turns":5.0},{"damage":14.0,"enemies":"Red Slaver","floor":11.0,"turns":3.0},{"damage":23.0,"enemies":"Gremlin Gang","floor":12.0,"turns":12.0},{"damage":65.0,"enemies":"Exordium Wildlife","floor":13.0,"turns":5.0},{"damage":3.0,"enemies":"Large Slime","floor":14.0,"turns":2.0},{"damage":39.0,"enemies":"Slime Boss","floor":16.0,"turns":5.0},{"damage":32.0,"enemies":"Spheric Guardian","floor":18.0,"turns":4.0},{"damage":114.0,"enemies":"Shell Parasite","floor":20.0,"turns":10.0},{"damage":30.0,"enemies":"Snake Plant","floor":21.0,"turns":5.0},{"damage":54.0,"enemies":"Sentry and Sphere","floor":22.0,"turns":6.0},{"damage":21.0,"enemies":"Book of Stabbing","floor":23.0,"turns":3.0},{"damage":37.0,"enemies":"Shelled Parasite and Fungi","floor":24.0,"turns":5.0},{"damage":31.0,"enemies":"Chosen and Byrds","floor":28.0,"turns":5.0},{"damage":0.0,"enemies":"Nightmare","floor":29.0,"turns":4.0},{"damage":42.0,"enemies":"Centurion and Healer","floor":30.0,"turns":4.0},{"damage":0.0,"enemies":"Snecko","floor":31.0,"turns":2.0},{"damage":6.0,"enemies":"Collector","floor":33.0,"turns":4.0},{"damage":0.0,"enemies":"Orb Walker","floor":35.0,"turns":3.0},{"damage":6.0,"enemies":"3 Shapes","floor":36.0,"turns":3.0},{"damage":1.0,"enemies":"3 Darklings","floor":38.0,"turns":3.0},{"damage":52.0,"enemies":"Spire Growth","floor":39.0,"turns":3.0},{"damage":23.0,"enemies":"Nemesis","floor":40.0,"turns":4.0},{"damage":0.0,"enemies":"Reptomancer","floor":42.0,"turns":1.0},{"damage":5.0,"enemies":"4 Shapes","floor":45.0,"turns":2.0},{"damage":0,"enemies":"Transient","floor":46,"turns":5}],"seed_played":"-6180926000403492418","potions_obtained":[{"floor":1.0,"key":"Strength Potion"},{"floor":4.0,"key":"EssenceOfSteel"},{"floor":11.0,"key":"SkillPotion"},{"floor":13.0,"key":"Energy Potion"},{"floor":16.0,"key":"SteroidPotion"},{"floor":21.0,"key":"Strength Potion"},{"floor":22.0,"key":"FairyPotion"},{"floor":27.0,"key":"Ancient Potion"},{"floor":35.0,"key":"AttackPotion"},{"floor":42.0,"key":"Regen Potion"},{"floor":45.0,"key":"SteroidPotion"},{"floor":46,"key":"Weak Potion"}],"is_trial":false,"path_per_floor":["M","$","?","M","?","R","M","R","T","E","M","M","M","M","R","B",null,"M","?","M","M","M","E","M","M","T","?","M","NM","M","M","R","B",null,"M","M","?","M","M","E","R","E","T","AVR","M","M","$","?"],"character_chosen":"Angela","items_purchased":["Sling","Hornet","Orichalcum","Lee\u0027s Waffle","Letter Opener","Blood Vial","Pen Nib","Heaven","Noise+1"],"campfire_rested":0,"item_purchase_floors":[2,2,47,47,47,47,47,47,47],"current_hp_per_floor":[69,69,69,65,65,65,67,67,67,70,70,65,53,70,70,56,70,66,66,37,67,74,76,49,41,41,41,84,80,34,30,30,20,20,16,6,6,104,48,21,21,17,17,17,8,4,4,0,0],"gold":70,"neow_bonus":"ONE_RARE_RELIC","is_daily":false,"chose_seed":false,"campfire_upgraded":0,"win_rate":0.0,"timestamp":1613290624,"path_taken":["M","?","?","M","?","R","?","R","T","E","?","M","?","M","R","BOSS","M","?","M","M","M","E","?","M","T","?","M","NM","?","M","R","BOSS","M","M","?","M","M","E","R","E","T","AVR","?","M","$","?"],"items_purchased_type":["Relic","Card","Relic","Relic","Relic","Relic","Relic","Card","Card"],"build_version":"2020-12-22","purchased_purges":0,"victory":false,"max_hp_per_floor":[70,70,70,70,70,70,70,70,70,70,70,70,70,70,70,70,70,70,70,70,72,74,76,78,82,82,82,84,86,88,90,90,92,92,94,96,102,104,106,108,108,82,82,88,90,92,105,105,105],"card_choices":[{"not_picked":["Murderer","Bloodbath"],"picked":"BeautyBeast","floor":1.0},{"not_picked":["TodaysExpression"],"picked":"GreenStem","floor":1.0},{"not_picked":["infinitespire:Oblivion","infinitespire:DeathsTouch"],"picked":"infinitespire:TheBestDefense","floor":3.0},{"not_picked":["Christmas"],"picked":"Heaven","floor":4.0},{"not_picked":["Loneliness"],"picked":"Penitence","floor":7.0},{"not_picked":["FeatherOfHonor"],"picked":"Amita","floor":10.0},{"not_picked":["OldLady","HeroicMonk"],"picked":"ShyLook","floor":11.0},{"not_picked":["FeatherOfHonor","Regret_ego"],"picked":"SKIP","floor":11.0},{"not_picked":["GalaxyChild","CrumblingArmor"],"picked":"BigBird","floor":12.0},{"not_picked":["LifeForTheDareDevil"],"picked":"BloodyDesire","floor":12.0},{"not_picked":["Wingbeat"],"picked":"SwordSharpenedByTears","floor":13.0},{"not_picked":["RedEyes"],"picked":"Soda","floor":14.0},{"not_picked":["Mimicry"],"picked":"Twilight","floor":16.0},{"not_picked":["CherryBlossoms","CrumblingArmor"],"picked":"Wellcheers","floor":18.0},{"not_picked":["ParadiseLost"],"picked":"Beak","floor":18.0},{"not_picked":["FourthMatchFlame+1"],"picked":"GrinderMk4","floor":20.0},{"not_picked":["Lantern"],"picked":"Penitence","floor":21.0},{"not_picked":["DespairKnight","GalaxyChild"],"picked":"OSAHOGD","floor":22.0},{"not_picked":["Amita"],"picked":"BearPaw","floor":22.0},{"not_picked":["UniverseFragment","CrumblingArmor"],"picked":"WhiteNight","floor":23.0},{"not_picked":["CherryBlossom+1","FourthMatchFlame"],"picked":"SKIP","floor":23.0},{"not_picked":["Pleasure"],"picked":"Horn","floor":24.0},{"not_picked":["TodaysExpression"],"picked":"Logging","floor":28.0},{"not_picked":["SnowQueen","Bloodbath"],"picked":"QueenOfHatred","floor":29.0},{"not_picked":["Ecstasy"],"picked":"CENSORED_ego","floor":29.0},{"not_picked":["CherryBlossoms","CrumblingArmor"],"picked":"MeltingLove","floor":30.0},{"not_picked":["BlueScar"],"picked":"Penitence+1","floor":30.0},{"not_picked":["Funeral","BigBadWolf"],"picked":"CENSORED","floor":31.0},{"not_picked":["SomewhereSpear"],"picked":"Twilight","floor":31.0},{"not_picked":["Justitia"],"picked":"Twilight","floor":33.0},{"not_picked":["Wingbeat+1"],"picked":"Lamp+1","floor":35.0},{"not_picked":["Woodsman","WhitesApple"],"picked":"LaLuna","floor":36.0},{"not_picked":["Tough+1"],"picked":"Noise+1","floor":36.0},{"not_picked":["Harmony"],"picked":"RedEyes+1","floor":38.0},{"not_picked":["MHz","CherryBlossoms"],"picked":"SingingMachine","floor":39.0},{"not_picked":["RapturousDream+1"],"picked":"Soda","floor":39.0},{"not_picked":["HappyTeddy","LittleHelper"],"picked":"BigBird","floor":40.0},{"not_picked":["Laetitia_ego"],"picked":"GreenStem+1","floor":40.0},{"not_picked":["CrumblingArmor","GreedKing"],"picked":"ShyLook","floor":42.0},{"not_picked":["CherryBlossom+1"],"picked":"Christmas+1","floor":42.0},{"not_picked":["DreamingCurrent","DespairKnight"],"picked":"Wellcheers","floor":45.0},{"not_picked":["Tough"],"picked":"Ecstasy+1","floor":45.0},{"not_picked":["BlueStar","LittlePrince"],"picked":"WhiteNight","floor":46},{"not_picked":["SolemnVow+1"],"picked":"Gaze+1","floor":46}],"player_experience":75213,"relics_obtained":[{"floor":1.0,"key":"LetterFromLob"},{"floor":9.0,"key":"infinitespire:FocusingShard"},{"floor":10.0,"key":"infinitespire:CursedDice"},{"floor":23.0,"key":"Lantern"},{"floor":23.0,"key":"PreservedInsect"},{"floor":26.0,"key":"Centennial Puzzle"},{"floor":29.0,"key":"Dream Catcher"},{"floor":29.0,"key":"Darkstone Periapt"},{"floor":40.0,"key":"Thread and Needle"},{"floor":40.0,"key":"infinitespire:Lucky Rock"},{"floor":42.0,"key":"Toxic Egg 2"},{"floor":42.0,"key":"infinitespire:Lychee Nut"},{"floor":43.0,"key":"infinitespire:ShieldingShard"},{"floor":44.0,"key":"MawBank"},{"floor":44.0,"key":"Pantograph"},{"floor":44.0,"key":"Calipers"}],"event_choices":[{"cards_removed":["infinitespire:Pacifist"],"damage_healed":0.0,"max_hp_gain":0.0,"max_hp_loss":0.0,"gold_gain":0.0,"event_name":"Wheel of Change","player_choice":"Card Removal","floor":5.0,"gold_loss":0.0,"damage_taken":0.0},{"cards_removed":["infinitespire:TheBestDefense"],"damage_healed":0.0,"max_hp_gain":0.0,"max_hp_loss":0.0,"gold_gain":0.0,"event_name":"betterNote:BetterNote","player_choice":"Take \u0026 Give","floor":19.0,"gold_loss":0.0,"damage_taken":0.0,"cards_obtained":["SecurityCode"]},{"damage_healed":0.0,"max_hp_gain":0.0,"max_hp_loss":0.0,"gold_gain":0.0,"event_name":"The Woman in Blue","player_choice":"Bought 1 Potion","floor":27.0,"gold_loss":0.0,"damage_taken":0.0},{"damage_healed":0.0,"max_hp_gain":0.0,"max_hp_loss":0.0,"gold_gain":275.0,"event_name":"Golden Shrine","player_choice":"Desecrate","floor":37.0,"gold_loss":0.0,"damage_taken":0.0,"cards_obtained":["Regret"]},{"damage_healed":0,"gold_gain":0,"player_choice":"Random: Green","damage_taken":0,"max_hp_gain":0,"max_hp_loss":0,"event_name":"betterThird:BetterPortal","floor":48,"gold_loss":0}],"is_beta":false,"boss_relics":[{"not_picked":["Cursed Key","Runic Pyramid"],"picked":"Black Star"},{"not_picked":["Empty Cage","Runic Dome"],"picked":"infinitespire:Cupcake"}],"items_purged_floors":[],"is_endless":true,"potions_floor_spawned":[1,4,11,13,16,21,22,29,30,33,35,36,42,45,46],"ascension_level":1}}