{"host":"j85m7jj09j2pgi00","time":1613286204,"event":{"mods":["AchievementEnabler","Aspiration","BaseMod","Beaked The Cultist","BetterRewards","Colored Map","Colored Powertips","Conspire","Defuse TimeMaze Blight","Downfall","Energized Spire","Friendly Minions","GifTheSpireLib","Googly Eyes","Gremlin Mod","Halation","Highlight Path","Hubris","Infinite Spire","Marisa????????","Minty Spire (QoL Compilation)","Quick Restart","RatMod","Relic Sorter","Replay The Spire","Somnambulant","StSLib","Stuff the Spire","SuperFastMode","The Blackbeard","The Bug Knight","The Construct","The Disciple","The Hierophant","The Jungle","The Mystic","The Necromancer","The Servant 0.9.4","Trackpad","UnlockEverythingMod"],"gold_per_floor":[99,99,99,99,99,125,125],"floor_reached":6,"language":"ENG","playtime":124,"items_purged":[],"score":40,"play_id":"b93548bc-950c-40b0-8a02-7be8370a7aca","local_time":"20210214010324","is_ascension_mode":false,"campfire_choices":[{"data":"Gremlin:TagTeam","floor":1,"key":"SMITH"}],"circlet_count":0,"master_deck":["Gremlin:Strike","Gremlin:Strike","Gremlin:Strike","Gremlin:Strike","Gremlin:Defend","Gremlin:Defend","Gremlin:Defend","Gremlin:Defend","Gremlin:TagTeam+1","Gremlin:GremlinDance","Gremlin:GremlinArms","Gremlin:BubbleBarrier","Gremlin:CounterStrike","Gremlin:GremlinToss"],"relics":["Gremlin:GremlinKnob","downfall:HeartsMalice","Mirror"],"acts_visited":["Exordium"],"potions_floor_usage":[],"damage_taken":[{"damage":0,"enemies":"Small Slimes","floor":2,"turns":1},{"damage":0,"enemies":"conspire:RoseBush","floor":4,"turns":1},{"damage":0,"enemies":"Cultist","floor":5,"turns":1},{"damage":13,"enemies":"Replay:BlueRogue","floor":6,"turns":6}],"seed_played":"-5714746873308856951","potions_obtained":[{"floor":6,"key":"ColorlessPotion"}],"is_trial":false,"path_per_floor":["R","M","?","M","M","E"],"character_chosen":"GREMLIN","items_purchased":[],"campfire_rested":0,"item_purchase_floors":[],"current_hp_per_floor":[20,20,20,20,20,7,7],"gold":125,"neow_bonus":"THREE_ENEMY_KILL","is_daily":false,"chose_seed":false,"campfire_upgraded":1,"win_rate":0.0,"timestamp":1613286204,"path_taken":["R","M","?","M","M","E"],"items_purchased_type":[],"build_version":"2020-12-22","purchased_purges":0,"victory":false,"max_hp_per_floor":[20,20,20,20,20,20,20],"card_choices":[{"not_picked":["Gremlin:Presto","Gremlin:Wizardry"],"picked":"Gremlin:GremlinArms","floor":2},{"not_picked":["Gremlin:Stupend","Gremlin:GremlinArms"],"picked":"Gremlin:CounterStrike","floor":4},{"not_picked":["Gremlin:RageBreak","Gremlin:Tricksy"],"picked":"Gremlin:GremlinToss","floor":5}],"player_experience":1662826,"relics_obtained":[{"floor":6,"key":"Mirror"}],"event_choices":[],"is_beta":false,"boss_relics":[],"items_purged_floors":[],"is_endless":false,"potions_floor_spawned":[6],"killed_by":"Replay:BlueRogue","ascension_level":0}}