{"host":"s0ikvqhe10eopvjn","time":1613319904,"event":{"mods":["Act Like it!","Bard","BaseMod","Better Third Choice","Block Reminder","Colored Map","Colored Powertips","Dark Map","DeckTracker","Downfall","GifTheSpireLib","Halation","Hallownest","Hermit","Highlight Path","Hubris","Infinite Spire","Mad Scientist","Minty Spire (QoL Compilation)","Permanent Neow","Random Character Button","Relic Stats","Reliquary","StSLib","The Blue Laboratory","The Bug Knight","The Construct","The Cursed","The Disciple","The Marked","The Necromancer","The Poker Player","The Runesmith","The Servant 0.9.4"],"gold_per_floor":[113,132,132,57,57,95,110,110,110,131,167,188,204,220,220,350,350,371,371,384,405,10,10,10,10],"floor_reached":24,"language":"ENG","playtime":1421,"items_purged":["Clumsy","Strike_P"],"score":210,"play_id":"88650b78-2e26-424a-8fde-acbc38195ab4","local_time":"20210214162504","is_ascension_mode":false,"campfire_choices":[{"floor":8.0,"key":"REST"},{"floor":15.0,"key":"REST"},{"floor":23,"key":"RECALL"}],"circlet_count":0,"master_deck":["Strike_P","Strike_P","Strike_P","Defend_P","Defend_P","Defend_P+1","Defend_P","Eruption","Vigilance","BowlingBash","FlyingSleeves","Pray","FollowUp","FlyingSleeves","Prostrate","BattleHymn","EmptyFist","Swivel+1","DevaForm","Consecrate+1","Protect"],"relics":["PureWater","infinitespire:Golems Mask","Golden Idol","halation:OrihimeAndHikoboshiSamaAndTears","Mercury Hourglass","SlaversCollar","halation:SwordOfLegend"],"acts_visited":["Exordium","TheCity"],"potions_floor_usage":[20,24],"damage_taken":[{"damage":6.0,"enemies":"Jaw Worm","floor":1.0,"turns":3.0},{"damage":0.0,"enemies":"2 Louse","floor":2.0,"turns":2.0},{"damage":6.0,"enemies":"HollowMod:MossKnight","floor":6.0,"turns":4.0},{"damage":0.0,"enemies":"Cultist","floor":7.0,"turns":2.0},{"damage":5.0,"enemies":"Looter","floor":10.0,"turns":2.0},{"damage":36.0,"enemies":"Lagavulin","floor":11.0,"turns":3.0},{"damage":8.0,"enemies":"Lots of Slimes","floor":12.0,"turns":3.0},{"damage":0.0,"enemies":"Exordium Thugs","floor":13.0,"turns":3.0},{"damage":0.0,"enemies":"Blue Slaver","floor":14.0,"turns":2.0},{"damage":25.0,"enemies":"The Guardian","floor":16.0,"turns":7.0},{"damage":19,"enemies":"Shell Parasite","floor":18,"turns":3},{"damage":5,"enemies":"3 Byrds","floor":20,"turns":4},{"damage":1,"enemies":"Cultist and Chosen","floor":21,"turns":4},{"damage":31,"enemies":"Slavers","floor":24,"turns":3}],"seed_played":"3095619169731054727","potions_obtained":[{"floor":2.0,"key":"blueLaboratory:FruitPunch"},{"floor":7.0,"key":"BottledMiracle"},{"floor":11.0,"key":"Weak Potion"},{"floor":13.0,"key":"blueLaboratory:HummingbirdPotion"},{"floor":14.0,"key":"Guardian:BlockOnCardUsePotion"},{"floor":18,"key":"SkillPotion"},{"floor":20,"key":"blueLaboratory:BottleOfVodka"}],"is_trial":false,"path_per_floor":["M","M","?","$","?","E","M","R","T","M","E","M","M","M","R","B",null,"M","HB","M","M","$","R","E"],"character_chosen":"WATCHER","items_purchased":["halation:SwordOfLegend"],"campfire_rested":2,"item_purchase_floors":[22],"current_hp_per_floor":[66,66,48,48,41,37,37,59,59,54,18,10,10,10,32,7,74,55,37,32,31,31,30,0,0],"gold":10,"neow_bonus":"ONE_RARE_RELIC","is_daily":false,"chose_seed":false,"campfire_upgraded":0,"win_rate":0.0,"timestamp":1613319904,"path_taken":["M","M","?","$","?","E","M","R","T","M","E","?","M","M","R","BOSS","M","HB","M","M","$","R","E"],"items_purchased_type":["Relic"],"build_version":"2020-12-22","purchased_purges":2,"victory":false,"max_hp_per_floor":[72,72,72,72,72,74,74,74,74,74,74,74,74,74,74,74,74,74,37,37,37,37,37,37,37],"relic_stats":{"counters":[14,44],"Golden Idol":69,"obtain_stats":[{"SlaversCollar":17,"halation:OrihimeAndHikoboshiSamaAndTears":6,"halation:SwordOfLegend":22,"Golden Idol":3,"infinitespire:Golems Mask":0,"PureWater":0,"Mercury Hourglass":11},{"SlaversCollar":10,"halation:OrihimeAndHikoboshiSamaAndTears":3,"halation:SwordOfLegend":13,"Golden Idol":2,"infinitespire:Golems Mask":0,"PureWater":0,"Mercury Hourglass":6},{"SlaversCollar":30,"halation:OrihimeAndHikoboshiSamaAndTears":9,"halation:SwordOfLegend":41,"Golden Idol":5,"infinitespire:Golems Mask":0,"PureWater":0,"Mercury Hourglass":16}],"Mercury Hourglass":[146]},"card_choices":[{"not_picked":["Fasting2","Study"],"picked":"BowlingBash","floor":1.0},{"not_picked":["BowlingBash","FlurryOfBlows"],"picked":"FlyingSleeves","floor":2.0},{"not_picked":["Meditate","Protect"],"picked":"Pray","floor":6.0},{"not_picked":["Fasting2","Blasphemy"],"picked":"FollowUp","floor":7.0},{"not_picked":["BowlingBash","FollowUp"],"picked":"FlyingSleeves","floor":10.0},{"not_picked":["JustLucky","CutThroughFate"],"picked":"Prostrate","floor":11.0},{"not_picked":["Study","Collect"],"picked":"BattleHymn","floor":12.0},{"not_picked":["CutThroughFate","Prostrate"],"picked":"EmptyFist","floor":13.0},{"not_picked":["Crescendo","BowlingBash"],"picked":"Swivel","floor":14.0},{"not_picked":["Ragnarok","Vault"],"picked":"DevaForm","floor":16.0},{"not_picked":["ClearTheMind","FollowUp"],"picked":"Consecrate+1","floor":18},{"not_picked":["EmptyBody","Evaluate","JustLucky"],"picked":"SKIP","floor":20},{"not_picked":["CutThroughFate+1","FollowUp"],"picked":"Protect","floor":21}],"player_experience":341648,"relics_obtained":[{"floor":6.0,"key":"halation:OrihimeAndHikoboshiSamaAndTears"},{"floor":11.0,"key":"Mercury Hourglass"}],"event_choices":[{"damage_healed":0.0,"max_hp_gain":0.0,"max_hp_loss":0.0,"gold_gain":0.0,"event_name":"Golden Idol","player_choice":"Take Damage","floor":3.0,"gold_loss":0.0,"damage_taken":18.0,"relics_obtained":["Golden Idol"]},{"damage_healed":0.0,"max_hp_gain":0.0,"max_hp_loss":0.0,"gold_gain":0.0,"event_name":"Wheel of Change","player_choice":"Damaged","floor":5.0,"gold_loss":0.0,"damage_taken":7.0}],"is_beta":false,"boss_relics":[{"not_picked":["Busted Crown","construct:ClawGrip"],"picked":"SlaversCollar"}],"items_purged_floors":[4,22],"is_endless":false,"potions_floor_spawned":[2,7,11,13,14,18,20],"killed_by":"Slavers","ascension_level":0}}