{"host":"92wx9z21c4p52du4","time":1613266893,"event":{"mods":["Act Like it!","Bard","BaseMod","ChefMod","Elementarium","Evolution","GungeonMod","Hallownest","Infinite Spire","Lobotomy","Minty Spire (QoL Compilation)","QueenMod","Relic Stats","Reliquary","Robot Space Explorer","StSLib","SuperFastMode","The Blue Laboratory","The Bug Knight","The Disciple","The Hierophant","The Runesmith","TheSurvivalist"],"gold_per_floor":[113,127,137,149,165,165,165,165,191,201,214,214,240,0,0,0,0],"floor_reached":16,"language":"ENG","playtime":923,"items_purged":[],"score":154,"play_id":"720b3d5c-0b0a-439a-b0b5-fe00f267330b","local_time":"20210213194133","is_ascension_mode":false,"campfire_choices":[{"data":"HollowMod:ChannelNail","floor":6,"key":"SMITH"},{"floor":15,"key":"REST"}],"circlet_count":0,"master_deck":["HollowMod:CycloneSlash","HollowMod:CycloneSlash","HollowMod:CycloneSlash","HollowMod:CycloneSlash","HollowMod:FocusHealStart","HollowMod:PogoStrike","HollowMod:ChannelNail","HollowMod:RecoilStrike","HollowMod:AwokenDreamNail","HollowMod:CornifersMapStart","HollowMod:CornifersMapStart","HollowMod:MidwifesHunger","HollowMod:ChannelNail+1","Hallownest:skillLeafShield","Hallownest:skillLeafShield","Hallownest:skillLeafShield","Hallownest:skillLeafShield","Hallownest:skillLeafShield","HollowMod:DashSlash","HollowMod:HornetsHelp","HollowMod:DoubleDash","Hallownest:curseDreamersLament","HollowMod:SoulShaman"],"relics":["HollowMod:VesselMask","EVO:Axolotl","Prayer Wheel","Hallownest:DreamNailRelic","Hallownest:TeacherSealRelic","Runesmith:Nanobots","Hallownest:BankAccountRelic"],"acts_visited":["Exordium"],"potions_floor_usage":[11,16],"damage_taken":[{"damage":7,"enemies":"Hallownest:2_Baldur","floor":1,"turns":3},{"damage":1,"enemies":"Hallownest:2_MossCreeps","floor":2,"turns":3},{"damage":1,"enemies":"Hallownest:monsterHuskWarrior","floor":3,"turns":3},{"damage":25,"enemies":"Hallownest:Guard_and_Warrior","floor":4,"turns":5},{"damage":17,"enemies":"Hallownest:MossCreep_and_Mosskin","floor":5,"turns":5},{"damage":0,"enemies":"Hallownest:monsterMossCharger","floor":10,"turns":3},{"damage":7,"enemies":"Hallownest:1_Ooma_and_2_Uuma","floor":11,"turns":7},{"damage":12,"enemies":"Hallownest:eliteMossKnight","floor":13,"turns":10},{"damage":49,"enemies":"Hallownest:BossHornet","floor":16,"turns":8}],"seed_played":"-4681304606563690800","potions_obtained":[{"floor":4,"key":"blueLaboratory:AbyssPotion"},{"floor":10,"key":"blueLaboratory:BubblePotion"},{"floor":11,"key":"blueLaboratory:BubblePotion"}],"is_trial":false,"path_per_floor":["M","M","M","M","M","R","?","?","T","M","M","?","E","?","R","B"],"character_chosen":"THE_BUGKNIGHT","items_purchased":[],"campfire_rested":1,"item_purchase_floors":[],"current_hp_per_floor":[67,66,65,46,39,39,39,39,39,39,32,32,20,20,40,0,0],"gold":0,"neow_bonus":"ONE_RARE_RELIC","is_daily":false,"chose_seed":false,"campfire_upgraded":1,"win_rate":0.0,"timestamp":1613266893,"path_taken":["M","M","M","M","M","R","?","?","T","?","M","?","E","?","R","BOSS"],"items_purchased_type":[],"build_version":"2020-12-22","purchased_purges":0,"victory":false,"max_hp_per_floor":[68,68,68,68,68,68,68,68,68,68,68,68,68,68,68,68,68],"relic_stats":{"counters":[9,47],"Prayer Wheel":7,"obtain_stats":[{"Runesmith:Nanobots":13,"Hallownest:BankAccountRelic":14,"HollowMod:VesselMask":0,"Prayer Wheel":0,"DemoMod:GlassGuonStoneRelic":4,"Hallownest:DreamNailRelic":8,"EVO:Axolotl":0,"Hallownest:TeacherSealRelic":12},{"Runesmith:Nanobots":8,"Hallownest:BankAccountRelic":8,"HollowMod:VesselMask":0,"Prayer Wheel":0,"DemoMod:GlassGuonStoneRelic":4,"Hallownest:DreamNailRelic":5,"EVO:Axolotl":0,"Hallownest:TeacherSealRelic":7},{"Runesmith:Nanobots":39,"Hallownest:BankAccountRelic":39,"HollowMod:VesselMask":0,"Prayer Wheel":0,"DemoMod:GlassGuonStoneRelic":14,"Hallownest:DreamNailRelic":19,"EVO:Axolotl":0,"Hallownest:TeacherSealRelic":29}]},"card_choices":[{"not_picked":["HollowMod:SiblingsSouls","HollowMod:HowlingWraiths"],"picked":"HollowMod:ChannelNail","floor":1},{"not_picked":["HollowMod:SoulStrike","HollowMod:SiblingsSouls"],"picked":"HollowMod:RecoilStrike","floor":1},{"not_picked":["HollowMod:HeavyBlow","HollowMod:TaintedHusks"],"picked":"HollowMod:AwokenDreamNail","floor":2},{"not_picked":["HollowMod:HowlingWraiths","HollowMod:SiblingsShadow","HollowMod:VengefulVoid"],"picked":"SKIP","floor":2},{"not_picked":["HollowMod:NewInfectedGuardian","HollowMod:DescendingDark"],"picked":"HollowMod:CornifersMapStart","floor":3},{"not_picked":["HollowMod:TaintedHusks","HollowMod:InfectedCysts","HollowMod:LifebloodCocoon"],"picked":"SKIP","floor":3},{"not_picked":["HollowMod:BrokenVessel","HollowMod:DoubleDash"],"picked":"HollowMod:CornifersMapStart","floor":4},{"not_picked":["HollowMod:VengefulVoid","HollowMod:ShadowDash"],"picked":"HollowMod:MidwifesHunger","floor":4},{"not_picked":["HollowMod:CloakDash","HollowMod:MonarchWings"],"picked":"HollowMod:ChannelNail","floor":5},{"not_picked":["HollowMod:SiblingsSouls","HollowMod:SharpenedNail","HollowMod:InfectedCysts"],"picked":"SKIP","floor":5},{"not_picked":["HollowMod:SiblingsSouls","HollowMod:WraithStrike"],"picked":"HollowMod:DashSlash","floor":10},{"not_picked":["HollowMod:SoulEater","HollowMod:Grubsong"],"picked":"HollowMod:HornetsHelp","floor":10},{"not_picked":["HollowMod:VengefulVoid","HollowMod:SiblingsSouls"],"picked":"HollowMod:DoubleDash","floor":11},{"not_picked":["HollowMod:ShadowDash","HollowMod:NewGlowingWomb","HollowMod:SharpenedShadows"],"picked":"SKIP","floor":11},{"not_picked":["HollowMod:MothsMistake","HollowMod:SoulSplash"],"picked":"HollowMod:SoulShaman","floor":13}],"player_experience":260223,"relics_obtained":[{"floor":13,"key":"Runesmith:Nanobots"}],"event_choices":[],"is_beta":false,"boss_relics":[],"items_purged_floors":[],"is_endless":false,"potions_floor_spawned":[4,10,11],"killed_by":"Hallownest:BossHornet","ascension_level":0}}