{"host":"p7cjtxxrilhp4dw7","time":1613264310,"event":{"mods":["BaseMod","Block Reminder","Colored Map","Curses Come First","Highlight Path","Minty Spire (QoL Compilation)","Replay The Spire","StSLib"],"gold_per_floor":[110,56,73,73,148,177,177,195,218,218,251,99,50,81,81,158,158,170,170,170],"floor_reached":19,"language":"ENG","playtime":1003,"items_purged":[],"score":354,"play_id":"1abad032-2513-45c4-95ee-6c9f494748e5","local_time":"20210213175830","is_ascension_mode":true,"campfire_choices":[{"floor":7,"key":"REST"},{"data":"Hologram","floor":10,"key":"SMITH"},{"data":"Zap","floor":15,"key":"SMITH"}],"circlet_count":0,"master_deck":["AscendersBane","Strike_B","Strike_B","Strike_B","Strike_B","Defend_B","Defend_B","Defend_B","Defend_B","Zap+1","Dualcast","Cold Snap","Blizzard+1","Ball Lightning","Hologram+1","Thunder Strike","Conserve Battery+1"],"relics":["Cracked Core","NeowsBlessing","Regal Pillow","MealTicket","Art of War","Tiny Chest","Ancient Tea Set","Black Star"],"acts_visited":["Exordium","TheCity"],"potions_floor_usage":[14,16,18],"damage_taken":[{"damage":0,"enemies":"Cultist","floor":1,"turns":1},{"damage":0,"enemies":"Jaw Worm","floor":3,"turns":1},{"damage":0,"enemies":"Gremlin Nob","floor":6,"turns":1},{"damage":0,"enemies":"Small Slimes","floor":8,"turns":3},{"damage":16,"enemies":"Replay:BlueRogue","floor":11,"turns":10},{"damage":8,"enemies":"Gremlin Nob","floor":14,"turns":4},{"damage":48,"enemies":"Slime Boss","floor":16,"turns":9},{"damage":5,"enemies":"3 Byrds","floor":18,"turns":2},{"damage":13,"enemies":"Masked Bandits","floor":19,"turns":3}],"seed_played":"-7610249902310978759","potions_obtained":[{"floor":3,"key":"Milkshake"},{"floor":6,"key":"Block Potion"},{"floor":16,"key":"Toxic Potion"},{"floor":18,"key":"PowerPotion"}],"is_trial":false,"path_per_floor":["M","$","M","?","?","E","R","M","T","R","E","$","$","E","R","B",null,"M","?"],"character_chosen":"DEFECT","items_purchased":["Blizzard+1","Tiny Chest","PowerPotion"],"campfire_rested":1,"item_purchase_floors":[2,12,13],"current_hp_per_floor":[64,64,64,69,58,58,76,76,76,76,60,75,76,68,68,20,62,57,44,44],"gold":170,"neow_bonus":"THREE_ENEMY_KILL","is_daily":false,"chose_seed":false,"campfire_upgraded":2,"win_rate":0.0,"timestamp":1613264310,"path_taken":["M","?","M","?","?","E","R","M","T","R","E","?","$","E","R","BOSS","M","?"],"items_purchased_type":["Card","Relic","Potion"],"build_version":"2020-12-22","purchased_purges":0,"victory":false,"max_hp_per_floor":[71,71,71,76,76,76,76,76,76,76,76,76,76,76,76,76,76,76,76,76],"card_choices":[{"not_picked":["Hologram","BasicCrystalCard"],"picked":"Cold Snap","floor":1},{"not_picked":["Gash","BasicCrystalCard","Darkness"],"picked":"SKIP","floor":3},{"not_picked":["Darkness","Amplify"],"picked":"Ball Lightning","floor":6},{"not_picked":["Lockon","ReplayTheSpireMod:System Scan"],"picked":"Hologram","floor":8},{"not_picked":["Recycle","Hologram","FTL"],"picked":"SKIP","floor":11},{"not_picked":["Sunder","ReplaySort","Go for the Eyes"],"picked":"SKIP","floor":14},{"not_picked":["Fission","Amplify"],"picked":"Thunder Strike","floor":16},{"not_picked":["Double Energy","Panic Button"],"picked":"Conserve Battery+1","floor":18}],"player_experience":648179,"relics_obtained":[{"floor":6,"key":"Regal Pillow"},{"floor":9,"key":"MealTicket"},{"floor":11,"key":"Art of War"},{"floor":14,"key":"Ancient Tea Set"}],"event_choices":[{"damage_healed":0,"gold_gain":0,"player_choice":"Donut","damage_taken":0,"max_hp_gain":5,"max_hp_loss":0,"event_name":"Big Fish","floor":4,"gold_loss":0},{"damage_healed":0,"gold_gain":75,"player_choice":"Gather Gold","damage_taken":11,"max_hp_gain":0,"max_hp_loss":0,"event_name":"World of Goop","floor":5,"gold_loss":0},{"damage_healed":0,"gold_gain":0,"player_choice":"Fought Bandits","damage_taken":0,"max_hp_gain":0,"max_hp_loss":0,"event_name":"Masked Bandits","floor":19,"gold_loss":0}],"is_beta":false,"boss_relics":[{"not_picked":["FrozenCore","Kintsugi"],"picked":"Black Star"}],"items_purged_floors":[],"is_endless":false,"potions_floor_spawned":[3,6,16,18],"killed_by":"Masked Bandits","ascension_level":14}}