{"host":"q5l3nirlejh5mn15","time":1613301325,"event":{"mods":["BaseMod","Bossed Relics","Downfall","Energized Spire","FoggyMod","Hermit","Koishi","Lobotomy","LobotomyExtend","Marisa（F雨　魔理沙）","Minty Spire (QoL Compilation)","MostiFishMod","Reimu（博丽灵梦）","Relic Filter Mod","Reliquary","Remilia（蕾米莉亚）","RumiaBox-露米娅的神秘盒子","Spicy Shops","StSLib","TestMod","The Hierophant","The Servant 0.9.4","UnlockEverythingMod","【功能Mod】混沌之环修复补丁","【遗物卡牌】REMEMod"],"gold_per_floor":[110,110,110,125,125,125,168,240,240,271,18,34,34,34,34,158,158,176,176,176,100,116,149,149,213,213,213,291,318,243,252,252,415,415,473,491,491,515,542,542,612,621,681,681,690,690,709,783,783,813],"floor_reached":51,"language":"ZHS","playtime":2278,"items_purged":["Injury","Bite","downfall:Bewildered","Bite"],"score":906,"play_id":"461cde93-2a35-417e-bc40-b3bd80c7601a","local_time":"20210214191525","is_ascension_mode":false,"campfire_choices":[{"data":"hermit:Feint","floor":6,"key":"SMITH"},{"floor":15,"key":"REST"},{"data":"hermit:FlashPowder","floor":24,"key":"SMITH"},{"data":"hermit:Magnum","floor":27,"key":"SMITH"},{"data":"hermit:Dive","floor":32,"key":"SMITH"},{"floor":40,"key":"RECALL"},{"data":"Trip","floor":49,"key":"SMITH"}],"circlet_count":0,"master_deck":["hermit:Defend_Hermit","hermit:Defend_Hermit","hermit:Defend_Hermit","hermit:Snapshot","hermit:Covet","hexamod:WildfireWeapon+1","hermit:Feint+1","hermit:RoundhouseKick+1","hermit:PistolWhip","hermit:FlashPowder","hermit:Glare+1","hermit:Magnum+1","hermit:Ricochet","Bite+1","Bite","hermit:Magnum+1","hermit:Brawl+1","hermit:GhostlyPresence","hermit:FlashPowder+1","hermit:Dive+1","hermit:Roughhouse+1","Bandage Up","hermit:Determination+1","REME_PuzzleBox+1","hermit:FinalCanter+1","hermit:Feint+1","Madness","Madness","hermit:EyeOfTheStorm","hermit:Horror","REME_FirmDetermination+1","Trip+1","testmod-Recap+1","hermit:Glare+1"],"relics":["hermit:Momento","DaveBox","REME_ComplimentaryCards","testmod-Alchemist","SynthV","RabbitCall","SynthV:TestCard","LetterFromLob","DaveBox","SynthV","Golden Idol","GodSword7","Frozen Egg 2","testmod-IntensifyImprint","Eternal Feather","Membership Card","MagicDraw1","Cursed Key","DiscerningMonocle","BrkXgEgg","testmod-Antiphasic","GodSword3","testmod-AssaultLearning","WingedGreaves","testmod-CasingShield","REME_PuzzleBoxRelic","CeramicFish","Meat on the Bone","Incense Burner","Frozen Eye","Bag of Marbles","Bottled Flame","ImprovedEquipment","testmod-BatchProcessingSystem","REME_HandOfSuture","Shuriken","reliquary:BrokenClock","Whetstone","Orrery","reliquary:TuningFork","testmod-RealStoneCalender","PlanX","GodSword5","OrangePellets","hermit:RyeStalk","Centennial Puzzle","InkBottle","reliquary:IridiumChain","reliquary:JackalopeAntler","MostiFishMod:AdaptiveDefenses","testmod-Justice","MoreBug"],"acts_visited":["Exordium","TheCity","TheBeyond"],"potions_floor_usage":[25,33,33,33,35,39,41,48,50],"damage_taken":[{"damage":5,"enemies":"Cultist","floor":1,"turns":4},{"damage":2,"enemies":"Small Slimes","floor":4,"turns":3},{"damage":29,"enemies":"Gremlin Nob","floor":7,"turns":5},{"damage":16,"enemies":"Lagavulin","floor":10,"turns":5},{"damage":0,"enemies":"2 Louse","floor":12,"turns":1},{"damage":10,"enemies":"The Guardian","floor":16,"turns":6},{"damage":0,"enemies":"3 Byrds","floor":18,"turns":2},{"damage":0,"enemies":"2 Thieves","floor":22,"turns":2},{"damage":22,"enemies":"Book of Stabbing","floor":23,"turns":4},{"damage":20,"enemies":"Slavers","floor":25,"turns":2},{"damage":0,"enemies":"Book of Stabbing","floor":28,"turns":4},{"damage":11,"enemies":"Collector","floor":33,"turns":5},{"damage":0,"enemies":"Orb Walker","floor":35,"turns":3},{"damage":23,"enemies":"3 Darklings","floor":38,"turns":5},{"damage":0,"enemies":"Reptomancer","floor":41,"turns":3},{"damage":0,"enemies":"4 Shapes","floor":47,"turns":2},{"damage":0,"enemies":"2 Orb Walkers","floor":48,"turns":2},{"damage":9,"enemies":"Awakened One","floor":50,"turns":4},{"damage":0,"enemies":"Malkuth","floor":51,"turns":2},{"damage":0,"enemies":"Hod","floor":51,"turns":2},{"damage":54,"enemies":"Chesed","floor":51,"turns":1},{"damage":1,"enemies":"Binah","floor":51,"turns":8},{"damage":17,"enemies":"Angela","floor":51,"turns":4}],"seed_played":"-6946792677774089869","potions_obtained":[{"floor":16,"key":"Fire Potion"},{"floor":23,"key":"Energy Potion"},{"floor":33,"key":"Fire Potion"},{"floor":38,"key":"Block Potion"},{"floor":41,"key":"Regen Potion"}],"is_trial":false,"path_per_floor":["M","?","?","M","?","R","E","T","T","E","$","M","?","?","R","B",null,"M","?","?","$","M","E","R","E","T","R","E","$","?","T","R","B",null,"M","?","?","M","$","R","E","$","T","?","$","?","M","?","R","B",null],"character_chosen":"HERMIT","items_purchased":["Membership Card","MagicDraw1","DiscerningMonocle","BrkXgEgg","testmod-Antiphasic","GodSword3","testmod-AssaultLearning","WingedGreaves","hermit:Magnum+1","hermit:Brawl+1","hermit:GhostlyPresence","REME_GoldPotion","testmod-TestPotion","AttackPotion","Meat on the Bone","Incense Burner","Frozen Eye","Bag of Marbles","Bottled Flame","Bandage Up","hermit:Determination+1","REME_PuzzleBox+1","REME_HandOfSuture","Shuriken","reliquary:BrokenClock","Whetstone","Orrery","REME_FirmDetermination+1","testmod-SpacePotion","Block Potion","Dexterity Potion","EssenceOfSteel","testmod-RealStoneCalender","PlanX","GodSword5","OrangePellets","hermit:RyeStalk","Trip","InkBottle","reliquary:IridiumChain","reliquary:JackalopeAntler","MostiFishMod:AdaptiveDefenses","testmod-Justice","testmod-Recap+1"],"campfire_rested":1,"item_purchase_floors":[11,11,21,21,21,21,21,21,21,21,21,21,21,21,29,29,29,29,29,29,29,29,39,39,39,39,39,39,39,39,39,39,42,42,42,42,42,42,45,45,45,45,45,45],"current_hp_per_floor":[70,70,70,68,68,68,24,24,24,8,8,8,5,10,43,33,80,80,56,56,56,56,34,46,26,26,38,47,47,47,47,56,45,56,56,49,44,39,39,56,56,56,56,56,56,50,50,50,50,48],"gold":814,"neow_bonus":"","is_daily":false,"chose_seed":false,"campfire_upgraded":5,"win_rate":0.0,"timestamp":1613301325,"path_taken":["M","?","?","?","?","R","E","?","T","E","?","?","?","?","R","BOSS","M","?","?","$","?","E","R","E","T","R","E","$","?","?","R","BOSS","M","?","?","?","$","R","E","?","T","?","?","?","?","?","R","BOSS"],"items_purchased_type":["Relic","Relic","Relic","Relic","Relic","Relic","Relic","Relic","Card","Card","Card","Potion","Potion","Potion","Relic","Relic","Relic","Relic","Relic","Card","Card","Card","Relic","Relic","Relic","Relic","Relic","Card","Potion","Potion","Potion","Potion","Relic","Relic","Relic","Relic","Relic","Card","Relic","Relic","Relic","Relic","Relic","Card"],"build_version":"2020-12-22","purchased_purges":4,"victory":true,"max_hp_per_floor":[75,75,75,75,75,75,75,75,75,75,75,75,75,80,80,80,80,80,56,56,56,56,56,56,56,56,56,56,56,56,56,56,56,56,56,56,56,56,56,56,56,56,56,56,56,50,50,50,50,50],"card_choices":[{"not_picked":["hermit:TakeAim","hermit:LowProfile"],"picked":"hermit:Feint","floor":1},{"not_picked":["hermit:Dive","hermit:Manifest","hermit:HoleUp","hermit:Ricochet"],"picked":"hermit:RoundhouseKick","floor":4},{"not_picked":["hermit:LowProfile","hermit:Adapt","hermit:HighCaliber","hermit:Quickdraw"],"picked":"hermit:PistolWhip","floor":7},{"not_picked":["hermit:CalledShot","hermit:Desperado","hermit:SprayPray","hermit:Virtue"],"picked":"hermit:FlashPowder","floor":10},{"not_picked":["hermit:TrackingShot","hermit:Manifest","hermit:ShadowCloak+1","hermit:Desperado"],"picked":"hermit:Glare","floor":12},{"not_picked":["hermit:Adapt+1","hermit:Dissolve","hermit:Gambit","hermit:Roughhouse"],"picked":"hermit:Magnum","floor":16},{"not_picked":["hermit:Virtue","hermit:HighCaliber","hermit:Showdown","hermit:Misfire"],"picked":"hermit:Ricochet","floor":18},{"not_picked":["hermit:Misfire","hermit:ItchyTrigger","hermit:Quickdraw","hermit:Deadeye"],"picked":"hermit:FlashPowder","floor":22},{"not_picked":["hermit:FatalDesire+1","hermit:TrackingShot","hermit:Ricochet","hermit:Vantage","hermit:Scavenge"],"picked":"SKIP","floor":23},{"not_picked":["hermit:Coalescence","hermit:HighCaliber","hermit:BodyArmor+1","hermit:PistolWhip+1"],"picked":"hermit:Dive","floor":25},{"not_picked":["hermit:BigShot+1","hermit:BodyArmor","hermit:Horror","hermit:Ricochet"],"picked":"hermit:Roughhouse+1","floor":28},{"not_picked":["hermit:FatalDesire+1","hermit:RoundhouseKick+1","hermit:Magnum+1","hermit:HeroicBravado+1"],"picked":"hermit:FinalCanter+1","floor":33},{"not_picked":["hermit:Maintenance+1","hermit:Vantage","hermit:Combo+1","hermit:DeadMansHand"],"picked":"hermit:Feint+1","floor":35},{"not_picked":["hermit:Dive","hermit:Midnight+1","hermit:Brawl+1","hermit:Snipe","hermit:SprayPray+1"],"picked":"SKIP","floor":38},{"not_picked":["hermit:Scavenge","hermit:GhostlyPresence+1","hermit:HoleUp","hermit:TrackingShot+1"],"picked":"hermit:EyeOfTheStorm","floor":39},{"not_picked":["hermit:PistolWhip+1","hermit:NoHoldsBarred","hermit:LuckOfTheDraw+1","hermit:GhostlyPresence+1"],"picked":"hermit:Horror","floor":39},{"not_picked":["hermit:CalledShot","hermit:Misfire+1","hermit:Glare+1","hermit:Desperado+1","hermit:LowProfile"],"picked":"SKIP","floor":41},{"not_picked":["hermit:BodyArmor+1","hermit:SprayPray","hermit:LuckOfTheDraw+1","hermit:Cheat+1","hermit:TrackingShot+1"],"picked":"SKIP","floor":47},{"not_picked":["hermit:Dissolve+1","hermit:Coalescence","hermit:LuckOfTheDraw","hermit:CalledShot"],"picked":"hermit:Glare+1","floor":48}],"player_experience":271797,"relics_obtained":[{"floor":1,"key":"SynthV:TestCard"},{"floor":1,"key":"LetterFromLob"},{"floor":7,"key":"GodSword7"},{"floor":8,"key":"Frozen Egg 2"},{"floor":9,"key":"testmod-IntensifyImprint"},{"floor":10,"key":"Eternal Feather"},{"floor":23,"key":"testmod-CasingShield"},{"floor":25,"key":"REME_PuzzleBoxRelic"},{"floor":28,"key":"CeramicFish"},{"floor":31,"key":"ImprovedEquipment"},{"floor":41,"key":"reliquary:TuningFork"},{"floor":43,"key":"Centennial Puzzle"},{"floor":48,"key":"MoreBug"}],"event_choices":[{"damage_healed":0,"gold_gain":0,"player_choice":"Swap Relic","damage_taken":0,"relics_obtained":["DaveBox"],"max_hp_gain":0,"max_hp_loss":0,"event_name":"给自己的盒子","floor":2,"relics_lost":["testmod-TestBox"],"gold_loss":0},{"damage_healed":0,"gold_gain":0,"player_choice":"Upgraded","damage_taken":0,"max_hp_gain":0,"max_hp_loss":0,"event_name":"Upgrade Shrine","floor":3,"gold_loss":0,"cards_upgraded":["hexamod:WildfireWeapon"]},{"damage_healed":0,"gold_gain":0,"player_choice":"Take Wound","damage_taken":0,"relics_obtained":["Golden Idol"],"max_hp_gain":0,"max_hp_loss":0,"event_name":"Golden Idol","floor":5,"gold_loss":0,"cards_obtained":["Injury"]},{"damage_healed":0,"gold_gain":0,"player_choice":"Fled","damage_taken":3,"max_hp_gain":0,"max_hp_loss":0,"event_name":"Scrap Ooze","floor":13,"gold_loss":0},{"damage_healed":0,"gold_gain":0,"player_choice":"Donut","damage_taken":0,"max_hp_gain":5,"max_hp_loss":0,"event_name":"Big Fish","floor":14,"gold_loss":0},{"damage_healed":0,"gold_gain":0,"player_choice":"Became a vampire","damage_taken":0,"max_hp_gain":0,"max_hp_loss":24,"event_name":"Vampires","floor":19,"gold_loss":0,"cards_obtained":["Bite","Bite","Bite","Bite","Bite"]},{"damage_healed":0,"gold_gain":0,"player_choice":"Forge","damage_taken":0,"max_hp_gain":0,"max_hp_loss":0,"event_name":"Accursed Blacksmith","floor":20,"gold_loss":0,"cards_upgraded":["hermit:Glare"]},{"cards_removed":["hermit:Defend_Hermit"],"damage_healed":0,"gold_gain":0,"player_choice":"Gave Gold","damage_taken":0,"max_hp_gain":0,"max_hp_loss":0,"event_name":"Beggar","floor":30,"gold_loss":75},{"damage_healed":0,"gold_gain":0,"player_choice":"Embrace Madness","damage_taken":7,"max_hp_gain":0,"max_hp_loss":0,"event_name":"Winding Halls","floor":36,"gold_loss":0,"cards_obtained":["Madness","Madness"]},{"damage_healed":0,"gold_gain":0,"player_choice":"Damaged","damage_taken":5,"max_hp_gain":0,"max_hp_loss":0,"event_name":"Wheel of Change","floor":37,"gold_loss":0},{"cards_removed":["Bite"],"damage_healed":0,"gold_gain":0,"player_choice":"Removed Attack","damage_taken":0,"max_hp_gain":0,"max_hp_loss":0,"event_name":"Falling","floor":44,"gold_loss":0},{"cards_removed":["Parasite","Parasite"],"damage_healed":0,"gold_gain":0,"player_choice":"Removed Curses","damage_taken":0,"max_hp_gain":0,"max_hp_loss":0,"event_name":"Fountain of Cleansing","floor":46,"gold_loss":0},{"damage_healed":0,"gold_gain":0,"player_choice":"Fight","damage_taken":0,"max_hp_gain":0,"max_hp_loss":0,"event_name":"Mysterious Sphere","floor":48,"gold_loss":0}],"is_beta":false,"boss_relics":[{"not_picked":["REME_LowDesire","reliquary:RedCape"],"picked":"Cursed Key"},{"not_picked":["xbg","RhineCircuit"],"picked":"testmod-BatchProcessingSystem"}],"items_purged_floors":[11,21,29,39],"is_endless":false,"potions_floor_spawned":[16,23,33,38,41,47],"ascension_level":0}}