{"host":"lnnm69al9x392px5","time":1613281050,"event":{"mods":["BaseMod","Downfall","Minty Spire (QoL Compilation)","Reliquary","Replay The Spire","StSLib"],"gold_per_floor":[99,114,134,148,148,178,226,245,245,245,266,266,287,310,326,431,431,431,450,300,68,87,100,100,118,151,88,88,117,117,256,273,372,372,372,392,440,145,145,162,233,133,148,148,166,200,204,204,204],"floor_reached":47,"language":"ENG","playtime":2152,"items_purged":["downfall:Bewildered","downfall:Aged"],"score":599,"play_id":"5b63fc0a-96b4-4dd3-be1f-fc748624ac90","local_time":"20210213213730","is_ascension_mode":false,"campfire_choices":[{"data":"Slimebound:Split","floor":1,"key":"SMITH"},{"data":"Slimebound:Darklings","floor":10,"key":"SMITH"},{"data":"Slimebound:GoopSpray","floor":12,"key":"SMITH"},{"floor":28,"key":"REST"},{"data":"Slimebound:SlimeBarrage","floor":30,"key":"SMITH"},{"floor":35,"key":"RECALL"}],"circlet_count":0,"master_deck":["Slimebound:Tackle","Slimebound:Defend_Slimebound","Slimebound:Defend_Slimebound","Slimebound:Split+1","Slimebound:CorrosiveSpit","Slimebound:SlimeSpikes","Slimebound:Schlurp","Slimebound:SamplingLick","Slimebound:Darklings+1","Slimebound:GoopSpray+1","Slimebound:RejuvenatingLick+1","Slimebound:LivingWall","Slimebound:Overexert+1","Slimebound:AcidTongue+1","Slimebound:SelfFormingGoo+1","Slimebound:FlameTackle+1","Ghostly","Slimebound:MassFeed","Slimebound:SplitMire","Slimebound:LeechingTouch+1","Slimebound:SplitBruiser","Slimebound:LivingWall","Slimebound:SlimeBarrage+1","Slimebound:Replication","Apotheosis","Slimebound:SplitBruiser","Slimebound:Recycling","Slimebound:SplitLeeching+1","Decay","Slimebound:RainOfGoop","Slimebound:LeechingTouch+1","Slimebound:RallyTheTroops","Slimebound:PressTheAttack","Slimebound:SplitMire","Slimebound:SplitLeeching+1"],"relics":["reliquary:RedCape","reliquary:WeakTea","Replay:Bandana","Astrolabe","sneckomod:BabySnecko","Guide Book","Mercury Hourglass","Darkstone Periapt","White Beast Statue","Cursed Key","Kunai","Slimebound:PotencyRelic","Molten Egg 2"],"acts_visited":["Exordium","TheCity","TheBeyond"],"potions_floor_usage":[16,31,33],"damage_taken":[{"damage":0,"enemies":"Cultist","floor":2,"turns":3},{"damage":6,"enemies":"Small Slimes","floor":3,"turns":4},{"damage":0,"enemies":"Jaw Worm","floor":4,"turns":3},{"damage":14,"enemies":"Lagavulin","floor":6,"turns":6},{"damage":4,"enemies":"2 Fungi Beasts","floor":8,"turns":3},{"damage":6,"enemies":"Blue Slaver","floor":11,"turns":4},{"damage":5,"enemies":"Exordium Thugs","floor":13,"turns":4},{"damage":5,"enemies":"Exordium Wildlife","floor":14,"turns":4},{"damage":0,"enemies":"Large Slime","floor":15,"turns":5},{"damage":14,"enemies":"DF_ARCHETYPE_STREAMLINE","floor":16,"turns":14},{"damage":0,"enemies":"Shell Parasite","floor":19,"turns":4},{"damage":0,"enemies":"downfall:FleeingMerchant","floor":21,"turns":4},{"damage":7,"enemies":"3 Byrds","floor":22,"turns":3},{"damage":3,"enemies":"Snake Plant","floor":23,"turns":3},{"damage":11,"enemies":"Cultist and Chosen","floor":25,"turns":5},{"damage":0,"enemies":"Slavers","floor":26,"turns":4},{"damage":0,"enemies":"downfall:FleeingMerchant","floor":27,"turns":4},{"damage":20,"enemies":"Book of Stabbing","floor":29,"turns":5},{"damage":3,"enemies":"downfall:FleeingMerchant","floor":31,"turns":4},{"damage":13,"enemies":"Centurion and Healer","floor":32,"turns":3},{"damage":14,"enemies":"IC_MUSHROOM_ARCHETYPE","floor":33,"turns":6},{"damage":27,"enemies":"3 Darklings","floor":36,"turns":4},{"damage":1,"enemies":"Orb Walker","floor":40,"turns":2},{"damage":14,"enemies":"Spire Growth","floor":43,"turns":4},{"damage":0,"enemies":"Transient","floor":45,"turns":5},{"damage":43,"enemies":"Nemesis","floor":46,"turns":5},{"damage":23,"enemies":"Jaw Worm Horde","floor":47,"turns":1}],"seed_played":"7716776875083152870","potions_obtained":[{"floor":2,"key":"Block Potion"},{"floor":8,"key":"Adrenaline Potion"},{"floor":13,"key":"FairyPotion"},{"floor":16,"key":"LifebloodPotion"},{"floor":31,"key":"FearPotion"},{"floor":33,"key":"Strength Potion"},{"floor":46,"key":"Guardian:BlockOnCardUsePotion"}],"is_trial":false,"path_per_floor":["R","M","M","M","?","E","T","M","?","R","M","R","M","M","M","B",null,"R","M","?","$","M","M","T","M","E","$","R","E","R","$","M","B",null,"R","M","?","$","?","M","T","$","M","T","M","E","M"],"character_chosen":"SLIMEBOUND","items_purchased":["Guide Book","Slimebound:LivingWall","Apotheosis","Slimebound:PotencyRelic"],"campfire_rested":1,"item_purchase_floors":[21,27,31,38],"current_hp_per_floor":[65,65,59,59,59,45,45,41,41,41,35,35,30,25,25,11,65,65,65,65,65,58,55,55,44,44,44,63,43,43,40,27,13,65,65,38,44,44,44,43,49,49,35,35,35,23,0,0,0],"gold":204,"neow_bonus":"BOSS_RELIC","is_daily":false,"chose_seed":false,"campfire_upgraded":4,"win_rate":0.0,"timestamp":1613281050,"path_taken":["R","M","M","M","?","E","T","M","?","R","M","R","M","M","M","BOSS","R","M","?","$","M","M","T","M","E","$","R","E","R","?","M","BOSS","R","M","?","$","?","?","T","$","M","?","M","E","M"],"items_purchased_type":["Relic","Card","Card","Relic"],"build_version":"2020-12-22","purchased_purges":2,"victory":false,"max_hp_per_floor":[65,65,65,65,65,65,65,65,65,65,65,65,65,65,65,65,65,65,65,65,65,65,65,65,65,65,65,65,65,65,65,65,65,65,65,65,71,71,71,71,77,77,77,77,77,77,77,77,77],"card_choices":[{"not_picked":["Slimebound:LeadByExample","Slimebound:LeechEnergy"],"picked":"Slimebound:SlimeSpikes","floor":2},{"not_picked":["Slimebound:Recollect","Slimebound:SplitAcid"],"picked":"Slimebound:Schlurp","floor":3},{"not_picked":["Slimebound:DivideAndConquer","Slimebound:SplitAcid"],"picked":"Slimebound:SamplingLick","floor":4},{"not_picked":["Slimebound:ProtectTheBoss","Slimebound:SpikyOuterGoop","Slimebound:ComboTackle"],"picked":"SKIP","floor":6},{"not_picked":["Slimebound:ProtectTheBoss","Slimebound:ServeAndProtect"],"picked":"Slimebound:Darklings","floor":8},{"not_picked":["Slimebound:ItLooksTasty","Slimebound:FinishingTackle"],"picked":"Slimebound:GoopSpray","floor":11},{"not_picked":["Slimebound:ViciousTackle","Slimebound:LeechEnergy"],"picked":"Slimebound:RejuvenatingLick","floor":13},{"not_picked":["Slimebound:SplitAcid","Slimebound:DuplicatedForm","Slimebound:Schlurp"],"picked":"SKIP","floor":14},{"not_picked":["Slimebound:FinishingTackle","Slimebound:GoopTackle"],"picked":"Slimebound:LivingWall","floor":15},{"not_picked":["Slimebound:MinionMaster","Slimebound:PrepareCrush"],"picked":"Slimebound:Overexert","floor":16},{"not_picked":["Slimebound:Prepare","Slimebound:LivingWall","Slimebound:AcidTongue+1"],"picked":"SKIP","floor":19},{"not_picked":["Slimebound:GoopSpray","Slimebound:HauntingLick+1","Slimebound:LivingWall"],"picked":"SKIP","floor":21},{"not_picked":["Slimebound:SlimeTap+1","Slimebound:SplitLeeching","Slimebound:LivingWall"],"picked":"SKIP","floor":22},{"not_picked":["Slimebound:Dissolve","Slimebound:Chomp+1"],"picked":"Slimebound:MassFeed","floor":23},{"not_picked":["Slimebound:ItLooksTasty","Slimebound:HauntingLick"],"picked":"Slimebound:SplitMire","floor":25},{"not_picked":["Slimebound:SlimeSpikes","Slimebound:HauntingLick+1"],"picked":"Slimebound:LeechingTouch+1","floor":26},{"not_picked":["Slimebound:ViciousTackle+1","Slimebound:ItLooksTasty+1"],"picked":"Slimebound:SplitBruiser","floor":27},{"not_picked":["Slimebound:ProtectTheBoss","Slimebound:LivingWall+1"],"picked":"Slimebound:SlimeBarrage","floor":29},{"not_picked":["Slimebound:ComboTackle","Slimebound:LivingWall"],"picked":"Slimebound:Replication","floor":31},{"not_picked":["Slimebound:ProtectTheBoss","Slimebound:Nibble+1"],"picked":"Slimebound:SplitBruiser","floor":32},{"not_picked":["Slimebound:DuplicatedForm","Slimebound:WasteNot"],"picked":"Slimebound:Recycling","floor":33},{"not_picked":["Slimebound:Nibble","Slimebound:SplitBruiser"],"picked":"Slimebound:SplitLeeching+1","floor":36},{"not_picked":["Slimebound:FlameTackle","Slimebound:LeechEnergy"],"picked":"Slimebound:RainOfGoop","floor":37},{"not_picked":["Slimebound:SplitLeeching","Slimebound:SlimeSpikes"],"picked":"Slimebound:LeechingTouch+1","floor":37},{"not_picked":["Slimebound:LeadByExample+1","Slimebound:SlimeSpikes"],"picked":"Slimebound:RallyTheTroops","floor":40},{"not_picked":["Slimebound:Recollect","Slimebound:Repurpose+1"],"picked":"Slimebound:PressTheAttack","floor":43},{"not_picked":["Slimebound:Prepare","Slimebound:LeechingTouch"],"picked":"Slimebound:SplitMire","floor":45},{"not_picked":["Slimebound:Recycling","Slimebound:Prepare+1"],"picked":"Slimebound:SplitLeeching+1","floor":46}],"player_experience":296380,"relics_obtained":[{"floor":6,"key":"reliquary:WeakTea"},{"floor":7,"key":"Replay:Bandana"},{"floor":24,"key":"Mercury Hourglass"},{"floor":26,"key":"Darkstone Periapt"},{"floor":29,"key":"White Beast Statue"},{"floor":37,"key":"Kunai"},{"floor":46,"key":"Molten Egg 2"}],"event_choices":[{"cards_removed":["Slimebound:Strike_Slimebound"],"damage_healed":0,"gold_gain":0,"player_choice":"Card Removal","damage_taken":0,"max_hp_gain":0,"max_hp_loss":0,"event_name":"The Cleric","floor":5,"gold_loss":0},{"damage_healed":0,"gold_gain":0,"player_choice":"Got Potions","damage_taken":0,"max_hp_gain":0,"max_hp_loss":0,"event_name":"Lab","floor":39,"gold_loss":0}],"is_beta":false,"boss_relics":[{"not_picked":["reliquary:KinkedSpring","Busted Crown"],"picked":"Astrolabe"},{"not_picked":["Replay:Wanted Poster","Sozu"],"picked":"Cursed Key"}],"items_purged_floors":[21,42],"is_endless":false,"potions_floor_spawned":[2,8,13,14,16,22,29,31,32,33,36,40,43,45,46],"killed_by":"Jaw Worm Horde","ascension_level":0}}