{"host":"u1aszu5qu1q3zw6m","time":1613297647,"event":{"mods":["Act Like it!","BaseMod","BetterRewards","Colored Map","Colored Powertips","Downfall","Hermit","Infinite Spire","Jorbs\u0027s Wanderer Trilogy","Marisa????????","Minty Spire (QoL Compilation)","Quick Restart","Replay The Spire","StSLib","The Cursed","The Necromancer"],"gold_per_floor":[99,4,23,8,8,8,8,21,21,33,67,86,86,86,96,197,197,97,108,125,35,35,35,114,114,14,28,28,28,81,120,166,202,202,202],"floor_reached":33,"language":"ENG","playtime":2148,"items_purged":["Regret"],"score":292,"play_id":"4ea32c46-ae6f-4ce0-a5ca-58d581c54654","local_time":"20210214051407","is_ascension_mode":false,"campfire_choices":[{"floor":1.0,"key":"DIG"},{"floor":6.0,"key":"RECALL"},{"data":"bronze:Goto","floor":9.0,"key":"SMITH"},{"data":"bronze:GetLatest","floor":13.0,"key":"SMITH"},{"floor":18,"key":"DIG"},{"floor":23,"key":"REST"},{"data":"bronze:DigitalCarnage","floor":26,"key":"SMITH"}],"circlet_count":0,"master_deck":["bronze:Strike","bronze:Strike","bronze:Strike","bronze:Strike","bronze:Defend","bronze:Defend+1","bronze:Defend","bronze:Defend","bronze:Replicate","bronze:Goto+1","bronze:ClassDefault","bronze:DelayedGuard","bronze:DigitalCarnage+1","bronze:Branch+1","bronze:GetLatest+1","bronze:Assembly","bronze:DelayedSlice+1","bronze:Backtrace+1","bronze:HyperBeam+1","bronze:Turbo","bronze:Turbo","bronze:MaxOutput+1","bronze:Allocate+1","bronze:CloningBeam+1","bronze:Optimize+1","bronze:ChildClass+1"],"relics":["bronze:PlatinumCore","Counterbalance","Replay:Wax Seal","Molten Egg 2","Frozen Egg 2","Blue Doll","downfall:HeartBlessingRed","Replay:Baseball","Replay:Towering Pillar of Hats","downfall:HeartBlessingBlue","Replay:Bandana","ReplayTheSpireMod:Lightbulb"],"acts_visited":["Exordium","TheCity"],"potions_floor_usage":[15,16,25,30,30,30,30,30,32,33],"damage_taken":[{"damage":0.0,"enemies":"downfall:FleeingMerchant","floor":2.0,"turns":4.0},{"damage":2.0,"enemies":"2 Louse","floor":3.0,"turns":4.0},{"damage":0.0,"enemies":"downfall:FleeingMerchant","floor":4.0,"turns":4.0},{"damage":6.0,"enemies":"Jaw Worm","floor":8.0,"turns":2.0},{"damage":0.0,"enemies":"Cultist","floor":10.0,"turns":2.0},{"damage":19.0,"enemies":"3 Sentries","floor":11.0,"turns":6.0},{"damage":0.0,"enemies":"Large Slime","floor":12.0,"turns":3.0},{"damage":0,"enemies":"downfall:LooterAlt","floor":15,"turns":2},{"damage":34,"enemies":"SI_SHIV_ARCHETYPE","floor":16,"turns":8},{"damage":12,"enemies":"3 Byrds","floor":19,"turns":4},{"damage":5,"enemies":"Spheric Guardian","floor":20,"turns":3},{"damage":15,"enemies":"downfall:FleeingMerchant","floor":21,"turns":4},{"damage":0,"enemies":"Centurion and Healer","floor":25,"turns":1},{"damage":10,"enemies":"Chosen and Byrds","floor":27,"turns":4},{"damage":19,"enemies":"Nightmare","floor":30,"turns":9},{"damage":4,"enemies":"3 Cultists","floor":31,"turns":3},{"damage":0,"enemies":"Sentry and Sphere","floor":32,"turns":3},{"damage":51,"enemies":"IC_MUSHROOM_ARCHETYPE","floor":33,"turns":4}],"seed_played":"1984552196138471783","potions_obtained":[{"floor":11.0,"key":"Dexterity Potion"},{"floor":12.0,"key":"SkillPotion"},{"floor":16,"key":"SmokeBomb"},{"floor":20,"key":"Dexterity Potion"},{"floor":27,"key":"EntropicBrew"},{"floor":31,"key":"PowerPotion"},{"floor":32,"key":"Milkshake"}],"is_trial":false,"path_per_floor":["R_BF","$","M","$","?","R","T","M","R","M","E","M","R","?","M","B",null,"R_BF","M","M","$","?","R","T","M","R","M","?","AVR","NM","M","M","B"],"character_chosen":"THE_AUTOMATON","items_purchased":["Replay:Wax Seal"],"campfire_rested":1,"item_purchase_floors":[2],"current_hp_per_floor":[77,77,75,75,75,75,75,69,69,69,50,50,50,50,50,16,77,77,65,60,45,45,68,68,68,78,68,60,60,41,37,37,0,0,0],"gold":202,"neow_bonus":"TEN_PERCENT_HP_BONUS","is_daily":false,"chose_seed":false,"campfire_upgraded":3,"win_rate":0.0,"timestamp":1613297647,"path_taken":["R_BF","$","M","$","?","R","T","M","R","M","E","M","R","?","M","BOSS","R_BF","M","M","?","?","R","T","M","R","M","?","AVR","NM","M","M","BOSS"],"items_purchased_type":["Relic"],"build_version":"2020-12-22","purchased_purges":1,"victory":false,"max_hp_per_floor":[77,77,77,77,77,77,77,77,77,77,77,77,77,77,77,77,77,77,77,77,77,77,77,77,77,87,87,87,87,87,87,87,87,87,87],"card_choices":[{"not_picked":["bronze:Iterate","bronze:DelayedGuard"],"picked":"bronze:ClassDefault","floor":2.0},{"not_picked":["bronze:NullPointer","bronze:Repulsor"],"picked":"bronze:DelayedGuard","floor":3.0},{"not_picked":["bronze:Shield","bronze:BugBarrage"],"picked":"bronze:DigitalCarnage","floor":4.0},{"not_picked":["bronze:Iterate+1","bronze:Shield"],"picked":"bronze:Branch+1","floor":8.0},{"not_picked":["bronze:Invalidate","bronze:ItsAFeature+1"],"picked":"bronze:GetLatest","floor":10.0},{"not_picked":["bronze:BronzeArmor","bronze:BuggyMess"],"picked":"bronze:Assembly","floor":11.0},{"not_picked":["bronze:DarkDash+1","bronze:Frontload"],"picked":"bronze:DelayedSlice+1","floor":12.0},{"not_picked":["bronze:BuggyMess","bronze:WhirlingStrike+1"],"picked":"bronze:Backtrace+1","floor":15},{"not_picked":["bronze:FindAndReplace","bronze:Format"],"picked":"bronze:HyperBeam+1","floor":16},{"not_picked":["bronze:Philosophize","bronze:FineTuning"],"picked":"bronze:Turbo","floor":19},{"not_picked":["bronze:Safeguard","bronze:ItsAFeature+1"],"picked":"bronze:Turbo","floor":20},{"not_picked":["bronze:DelayedGuard","bronze:ClassDefault+1"],"picked":"bronze:MaxOutput+1","floor":21},{"not_picked":["bronze:BitShift","bronze:Frontload"],"picked":"bronze:Allocate+1","floor":27},{"not_picked":["bronze:Flail+1","bronze:ChildClass"],"picked":"bronze:CloningBeam+1","floor":30},{"not_picked":["bronze:Safeguard","bronze:Overload+1"],"picked":"bronze:Optimize+1","floor":31},{"not_picked":["bronze:WildBeam+1","bronze:Deprecate"],"picked":"bronze:ChildClass+1","floor":32}],"player_experience":191121,"relics_obtained":[{"floor":1.0,"key":"Counterbalance"},{"floor":7.0,"key":"Frozen Egg 2"},{"floor":11.0,"key":"Blue Doll"},{"floor":18,"key":"Replay:Baseball"},{"floor":30,"key":"ReplayTheSpireMod:Lightbulb"}],"event_choices":[{"damage_healed":0.0,"max_hp_gain":0.0,"max_hp_loss":0.0,"gold_gain":0.0,"event_name":"Big Fish","player_choice":"Box","floor":5.0,"gold_loss":0.0,"damage_taken":0.0,"relics_obtained":["Molten Egg 2"],"cards_obtained":["Regret"]},{"damage_healed":0,"gold_gain":0,"player_choice":"Stole Relic","damage_taken":0,"relics_obtained":["Replay:Towering Pillar of Hats"],"max_hp_gain":0,"max_hp_loss":0,"event_name":"Addict","floor":22,"gold_loss":0,"cards_obtained":["Pride"]}],"is_beta":false,"boss_relics":[{"not_picked":["Replay:Wanted Poster","Fusion Hammer"],"picked":"bronze:PlatinumCore"}],"items_purged_floors":[21],"is_endless":true,"potions_floor_spawned":[11,12,16,20,27,31,32],"killed_by":"IC_MUSHROOM_ARCHETYPE","ascension_level":0}}