{"host":"3twtdwjpiqhvvn5s","time":1613312917,"event":{"mods":["AchievementEnabler","Act Like it!","Aspiration","BaseMod","BetterRewards","Colored Map","Colored Powertips","Downfall","Duelist Mod","Friendly Minions","GifTheSpireLib","Hermit","Hubris","Infinite Spire","Jorbs\u0027s Wanderer Trilogy","Koishi","KomeijiMod","Marisa????????","Minty Spire (QoL Compilation)","Quick Restart","Rare Cards Sparkle","Replay The Spire","Shop Mod","StSLib","Td1madao Mod","The Administrix","The Animator","The Bug Knight","The Caster","The Cursed","The Disciple","The Hierophant","The Necromancer","The Poker Player","The Runesmith","The Servant 0.9.4"],"gold_per_floor":[114,127,50,50,50,50,69,97,109,109,184,165,196,212,247,247,247,351,351,371,386,402,402,417,417,417],"floor_reached":25,"language":"ENG","playtime":39313,"items_purged":[],"score":250,"play_id":"8c24ef1f-93e0-4e59-8aca-abec83af466c","local_time":"20210214082837","daily_mods":["Elite Swarm"],"is_ascension_mode":false,"campfire_choices":[{"floor":10,"key":"REST"},{"floor":17,"key":"REST"}],"circlet_count":0,"master_deck":["Strike_Komeiji","Strike_Komeiji","Defend_Komeiji+1","Defend_Komeiji+1","Defend_Komeiji+1","Defend_Komeiji+1","Dash_Komeiji","HagoromoKu","KinbakuJin+1","GasuOrimono","Normality","HagoromoMizu","PokerPlayerMod:ChangeRules","SeekerWire+1","hubris:DuctTapeCard","PokerPlayerMod:ChangeRules","PokerPlayerMod:ChangeRules","AbyssNova","KinbakuJin+1","MajikuruSanhai+1","GasuOrimono"],"relics":["KomeijisEye","SpellCardsRule","MusicBox","Ring of Chaos","Ring of Panic","CrystalOfMemory","MigarariNingyou","hubris:DuctTape","Replay:Bottled Eggs","aspiration:MobileForge","hubris:BottledHeart"],"acts_visited":["Exordium","TheCity"],"potions_floor_usage":[13,14,15,18,22,22,25],"damage_taken":[{"damage":9,"enemies":"Cultist","floor":1,"turns":9},{"damage":0,"enemies":"Small Slimes","floor":2,"turns":4},{"damage":0,"enemies":"2 Louse","floor":7,"turns":4},{"damage":8,"enemies":"3 Sentries","floor":8,"turns":9},{"damage":23,"enemies":"Large Slime","floor":9,"turns":7},{"damage":2,"enemies":"Exordium Thugs","floor":12,"turns":4},{"damage":0,"enemies":"Lagavulin","floor":13,"turns":7},{"damage":3,"enemies":"2 Fungi Beasts","floor":14,"turns":5},{"damage":3,"enemies":"3 Sentries","floor":15,"turns":7},{"damage":32,"enemies":"The Guardian","floor":18,"turns":9},{"damage":2,"enemies":"3 Byrds","floor":20,"turns":5},{"damage":3,"enemies":"Spheric Guardian","floor":21,"turns":3},{"damage":0,"enemies":"Snecko","floor":22,"turns":3},{"damage":0,"enemies":"Cultist and Chosen","floor":24,"turns":5},{"damage":5,"enemies":"Book of Stabbing","floor":25,"turns":4}],"seed_played":"-2257695873446941256","potions_obtained":[{"floor":12,"key":"LifebloodPotion"},{"floor":13,"key":"BlessingOfTheForge"},{"floor":14,"key":"RedTea"},{"floor":15,"key":"BlessingOfTheForge"},{"floor":18,"key":"Languid Potion"},{"floor":21,"key":"LiquidBronze"},{"floor":24,"key":"Swift Potion"}],"is_trial":true,"path_per_floor":["M","M","$","?","PTL","PTL","M","E","M","R","T","M","E","M","E","?","R","B",null,"M","M","M","?","M","E"],"character_chosen":"KomeijiSatori","items_purchased":["GasuOrimono"],"campfire_rested":2,"item_purchase_floors":[3],"current_hp_per_floor":[41,41,41,41,41,41,41,33,10,25,25,24,34,31,28,33,49,17,55,53,50,50,1,1,0,0],"gold":417,"neow_bonus":"","is_daily":false,"chose_seed":false,"campfire_upgraded":0,"win_rate":0.0,"timestamp":1613312917,"path_taken":["M","M","$","?","PTL","PTL","M","E","M","R","T","M","E","M","E","?","R","BOSS","M","M","M","?","M","E"],"items_purchased_type":["Card"],"build_version":"2020-12-22","purchased_purges":0,"victory":false,"max_hp_per_floor":[50,50,50,50,50,50,50,50,50,50,50,50,50,50,50,55,55,55,55,55,55,55,1,1,1,1],"card_choices":[{"not_picked":["NingyouShinki+1","SeishiRoten+1"],"picked":"HagoromoKu","floor":1},{"not_picked":["PokerPlayerMod:DartThrow","PokerPlayerMod:FlyingCard"],"picked":"KinbakuJin+1","floor":2},{"not_picked":["PokerPlayerMod:ItsShowtime","DochyakuKami+1"],"picked":"HagoromoMizu","floor":7},{"not_picked":["YuumeiNoKurin","PokerPlayerMod:RoyalStrike"],"picked":"PokerPlayerMod:ChangeRules","floor":8},{"not_picked":["NingyouShinki+1","PokerPlayerMod:Manipulation","PokerPlayerMod:Raise"],"picked":"SKIP","floor":9},{"not_picked":["PokerPlayerMod:CloakAndDiamond","PokerPlayerMod:Raise"],"picked":"SeekerWire+1","floor":12},{"not_picked":["MusouMyousyu","SemiAutomaton"],"picked":"PokerPlayerMod:ChangeRules","floor":13},{"not_picked":["PokerPlayerMod:CardBurn","PokerPlayerMod:ClubsClub","NingyouShinki+1"],"picked":"SKIP","floor":14},{"not_picked":["PokerPlayerMod:WildCard","PokerPlayerMod:RoyalStrike"],"picked":"PokerPlayerMod:ChangeRules","floor":15},{"not_picked":["LunaDial","PokerPlayerMod:TheDieIsCast"],"picked":"AbyssNova","floor":18},{"not_picked":["EnMu+1","ArtfulChanter+1"],"picked":"KinbakuJin+1","floor":20},{"not_picked":["DochyakuKami+1","NingyouFukuhei+1"],"picked":"MajikuruSanhai+1","floor":21},{"not_picked":["Mishyaguji+1","YuumeiNoKurin","MissingPower"],"picked":"SKIP","floor":22},{"not_picked":["DemonLordCradle","NingyouSP+1"],"picked":"GasuOrimono","floor":24}],"player_experience":2935191,"relics_obtained":[{"floor":4,"key":"Ring of Panic"},{"floor":8,"key":"CrystalOfMemory"},{"floor":11,"key":"MigarariNingyou"},{"floor":13,"key":"hubris:DuctTape"},{"floor":15,"key":"Replay:Bottled Eggs"}],"event_choices":[{"damage_healed":0,"gold_gain":0,"player_choice":"Donut","damage_taken":0,"max_hp_gain":5,"max_hp_loss":0,"event_name":"Big Fish","floor":16,"gold_loss":0}],"is_beta":false,"boss_relics":[{"not_picked":["hubris:HollowSoul","Philosopher\u0027s Stone"],"picked":"aspiration:MobileForge"}],"items_purged_floors":[],"is_endless":false,"potions_floor_spawned":[12,13,14,15,18,21,24],"killed_by":"Book of Stabbing","ascension_level":0}}