{"host":"n2havra2dgtcizuw","time":1613288598,"event":{"mods":["100% Spire Juice","ATMod(阿瑾Mod)","Bard","BaseMod","Downfall","Marisa（F雨　魔理沙）","Minty Spire (QoL Compilation)","Permanent Neow","Reliquary","Remilia（蕾米莉亚）","Replay The Spire","RumiaBox-露米娅的神秘盒子","StSLib","TestMod","The Alterego","The Animator","The Servant 0.9.4","[IsaacMod]以撒尖塔"],"gold_per_floor":[359,359,371,371,371,371,398,410,436,48,49,68,100,111,111,213,213,219,236,236,72,90,121,121,140,140,156,175,175,175],"floor_reached":29,"language":"ZHS","playtime":1431,"items_purged":[],"score":438,"play_id":"076c3161-cb76-4ed5-874b-376b24d1f52a","local_time":"20210214154318","is_ascension_mode":true,"campfire_choices":[{"data":"AT_BreakingExtremeWeapon","floor":6,"key":"SMITH"},{"floor":24,"key":"REST"}],"circlet_count":0,"master_deck":["Strike_P","Strike_P","Strike_P","Strike_P","Defend_P","Defend_P","Defend_P","Defend_P","Eruption","Vigilance","DoctorFetus","bard:Strike","animator:Defend_Overlord","AT_BreakingExtremeWeapon+1","JustLucky","JustLucky+1","WindmillStrike+1","Devotion","TalkToTheHand","JustLucky","EmptyFist+1","DevaForm","Consecrate","ReplayTheSpireMod:Faulty Equipment","LessonLearned","FlurryOfBlows","Judgement","EmptyBody","Replay:Battleflow","Fasting2","testmod-DeathImprint","FlyingSleeves","AT_ChampionKick","Consecrate","Wireheading","ThirdEye"],"relics":["PureWater","testmod-TestBox","HushsDoor","AT_ATBox","testmod-AscensionHeart","YumHeart","Baka","Ccalipers","AT_EbonyIvory","AT_ArchangelStaff","Habit","TheBible","Replay:Mystery Machine","ChewingGum","Pen Nib","TuHaoJin"],"acts_visited":["Exordium","TheCity"],"potions_floor_usage":[25,28],"damage_taken":[{"damage":0,"enemies":"2 Louse","floor":1,"turns":1},{"damage":0,"enemies":"Jaw Worm","floor":3,"turns":3},{"damage":0,"enemies":"Small Slimes","floor":4,"turns":3},{"damage":28,"enemies":"Lagavulin","floor":7,"turns":4},{"damage":15,"enemies":"3 Louse","floor":8,"turns":3},{"damage":20,"enemies":"3 Sentries","floor":11,"turns":3},{"damage":0,"enemies":"Lots of Slimes","floor":12,"turns":3},{"damage":44,"enemies":"Lagavulin","floor":13,"turns":3},{"damage":3,"enemies":"Large Slime","floor":14,"turns":4},{"damage":31,"enemies":"Fading Forest","floor":16,"turns":11},{"damage":0,"enemies":"Spheric Guardian","floor":18,"turns":1},{"damage":22,"enemies":"Shell Parasite","floor":19,"turns":3},{"damage":23,"enemies":"Sentry and Sphere","floor":22,"turns":4},{"damage":66,"enemies":"Slavers","floor":23,"turns":5},{"damage":56,"enemies":"3 Cultists","floor":25,"turns":4},{"damage":21,"enemies":"Snake Plant","floor":27,"turns":3},{"damage":15,"enemies":"Centurion and Healer","floor":28,"turns":3},{"damage":35,"enemies":"Shelled Parasite and Fungi","floor":29,"turns":3}],"seed_played":"996395195076766157","potions_obtained":[{"floor":1,"key":"Ambrosia"},{"floor":8,"key":"Elixir"},{"floor":11,"key":"Swift Potion"},{"floor":16,"key":"Fire Potion"},{"floor":27,"key":"Ambrosia"},{"floor":28,"key":"Adrenaline Potion"}],"is_trial":false,"path_per_floor":["M","?","M","M","?","R","E","M","T","$","E","M","E","M","R","B",null,"M","M","?","$","M","E","R","M","T","M","M","M"],"character_chosen":"WATCHER","items_purchased":["AT_ArchangelStaff","Habit","JustLucky","EmptyFist+1","Fasting2","testmod-DeathImprint"],"campfire_rested":1,"item_purchase_floors":[10,10,10,10,21,21],"current_hp_per_floor":[66,66,67,68,68,68,41,42,42,42,48,49,6,4,58,47,90,91,70,70,70,73,33,64,9,9,14,25,0,0],"gold":175,"neow_bonus":"TWO_FIFTY_GOLD","is_daily":false,"chose_seed":false,"campfire_upgraded":1,"win_rate":0.0,"timestamp":1613288598,"path_taken":["M","?","M","M","?","R","E","M","T","$","E","M","E","M","R","BOSS","M","M","?","$","M","E","R","M","T","?","M","M"],"items_purchased_type":["Relic","Relic","Card","Card","Card","Card"],"build_version":"2020-12-22","purchased_purges":0,"victory":false,"max_hp_per_floor":[72,72,102,102,102,102,102,99,99,99,99,99,99,99,99,104,104,104,104,104,104,104,104,104,104,104,104,104,104,104],"card_choices":[{"not_picked":[],"picked":"DoctorFetus","floor":0},{"not_picked":["FollowUp","Evaluate"],"picked":"JustLucky","floor":1},{"not_picked":["ThirdEye","Halt"],"picked":"JustLucky","floor":3},{"not_picked":["ClearTheMind","Replay:AtTheReady"],"picked":"WindmillStrike","floor":4},{"not_picked":["Alpha","Omniscience"],"picked":"Devotion","floor":7},{"not_picked":["WindmillStrike","CrushJoints"],"picked":"TalkToTheHand","floor":8},{"not_picked":["Alpha","Replay:AllIn"],"picked":"DevaForm","floor":11},{"not_picked":["SashWhip","ThirdEye"],"picked":"Consecrate","floor":12},{"not_picked":["AT_IrregularMenstruation","Replay:AllIn"],"picked":"LessonLearned","floor":13},{"not_picked":["JustLucky","Sanctity"],"picked":"FlurryOfBlows","floor":14},{"not_picked":["Scrawl","Establishment"],"picked":"Judgement","floor":16},{"not_picked":["Crescendo","Replay:DivineShield+1"],"picked":"EmptyBody","floor":18},{"not_picked":["ThirdEye","ForeignInfluence"],"picked":"Replay:Battleflow","floor":19},{"not_picked":["Protect","PathToVictory"],"picked":"FlyingSleeves","floor":22},{"not_picked":["Vault","Brilliance"],"picked":"AT_ChampionKick","floor":23},{"not_picked":["EmptyFist","Vault"],"picked":"Consecrate","floor":25},{"not_picked":["Halt","Swivel+1"],"picked":"Wireheading","floor":27},{"not_picked":["WreathOfFlame+1","Replay:Cycle"],"picked":"ThirdEye","floor":28}],"player_experience":758200,"relics_obtained":[{"floor":1,"key":"Baka"},{"floor":7,"key":"Ccalipers"},{"floor":9,"key":"AT_EbonyIvory"},{"floor":11,"key":"TheBible"},{"floor":13,"key":"Replay:Mystery Machine"},{"floor":23,"key":"Pen Nib"},{"floor":26,"key":"TuHaoJin"}],"event_choices":[{"damage_healed":0,"gold_gain":0,"player_choice":"Ignored","damage_taken":0,"max_hp_gain":0,"max_hp_loss":0,"event_name":"Golden Wing","floor":2,"gold_loss":0},{"damage_healed":0,"gold_gain":0,"player_choice":"Ignored","damage_taken":0,"max_hp_gain":0,"max_hp_loss":0,"event_name":"给自己的盒子","floor":20,"gold_loss":0}],"is_beta":false,"boss_relics":[{"not_picked":["testmod-Nine","testmod-Temperance"],"picked":"ChewingGum"},{"not_picked":[]}],"items_purged_floors":[],"is_endless":false,"potions_floor_spawned":[1,8,11,16,23,27,28],"killed_by":"Shelled Parasite and Fungi","ascension_level":7}}