{"host":"dm4yvegl9um2tlqd","time":1613299613,"event":{"mods":["2.2 Compatiblity","AchievementEnabler","BaseMod","Colored Map","DeckTracker","Highlight Path","KOR Keyword Fix","Keyboard Shortcuts","Minty Spire (QoL Compilation)","Permanent Neow","Quick Restart","Random Character Button","StSLib","SuperFastMode","everything is the same but u backflip on backflip"],"gold_per_floor":[219,219,231,247,264,264,292,191,191,203,220,220,240,265,265,361,361,379,379,391,89,101,101,119,146,199,74,74,174,192,211,211,315,315,328,328,342,342,360,360,360],"floor_reached":40,"language":"KOR","playtime":1800,"items_purged":["Strike_B","Strike_B","Defend_B"],"score":646,"play_id":"948a53a1-af3e-4f37-9914-8a74633b1391","local_time":"20210214194653","is_ascension_mode":true,"campfire_choices":[{"data":"Blizzard","floor":6,"key":"SMITH"},{"data":"Defragment","floor":12,"key":"SMITH"},{"data":"Chill","floor":15,"key":"SMITH"},{"data":"Fission","floor":23,"key":"SMITH"},{"data":"Defragment","floor":28,"key":"SMITH"},{"data":"Defragment","floor":32,"key":"SMITH"}],"circlet_count":0,"master_deck":["Defend_B","Defend_B","Defend_B","Zap","Dualcast","Steam","BootSequence","Ball Lightning+1","Glacier","Blizzard+1","Defragment+1","Conserve Battery","Chill+1","Compile Driver+1","Fission+1","CurseOfTheBell","Defragment+1","Defragment+1","Hologram","Seek","Go for the Eyes+1","Defragment+1","Chill+1","Electrodynamics","Chaos"],"relics":["Cracked Core","FossilizedHelix","Letter Opener","HornCleat","Calling Bell","Regal Pillow","Meat on the Bone","Emotion Chip","Happy Flower","Whetstone","Ancient Tea Set","Peace Pipe","Molten Egg 2","Nuclear Battery"],"acts_visited":["Exordium","TheCity","TheBeyond"],"potions_floor_usage":[29,33,40],"damage_taken":[{"damage":0,"enemies":"Small Slimes","floor":1,"turns":2},{"damage":0,"enemies":"Cultist","floor":3,"turns":4},{"damage":0,"enemies":"Jaw Worm","floor":4,"turns":2},{"damage":0,"enemies":"2 Fungi Beasts","floor":5,"turns":4},{"damage":8,"enemies":"Lagavulin","floor":7,"turns":9},{"damage":0,"enemies":"Exordium Wildlife","floor":10,"turns":4},{"damage":0,"enemies":"Gremlin Gang","floor":11,"turns":3},{"damage":0,"enemies":"Looter","floor":13,"turns":3},{"damage":0,"enemies":"3 Sentries","floor":14,"turns":5},{"damage":0,"enemies":"The Guardian","floor":16,"turns":12},{"damage":0,"enemies":"Shell Parasite","floor":18,"turns":7},{"damage":0,"enemies":"Spheric Guardian","floor":20,"turns":6},{"damage":0,"enemies":"Snake Plant","floor":22,"turns":5},{"damage":0,"enemies":"Shelled Parasite and Fungi","floor":24,"turns":5},{"damage":9,"enemies":"Book of Stabbing","floor":25,"turns":9},{"damage":0,"enemies":"Colosseum Slavers","floor":29,"turns":3},{"damage":0,"enemies":"Colosseum Nobs","floor":29,"turns":5},{"damage":0,"enemies":"Snecko","floor":30,"turns":6},{"damage":0,"enemies":"Centurion and Healer","floor":31,"turns":6},{"damage":27,"enemies":"Champ","floor":33,"turns":12},{"damage":0,"enemies":"3 Shapes","floor":35,"turns":2},{"damage":0,"enemies":"3 Darklings","floor":37,"turns":3},{"damage":12,"enemies":"Transient","floor":39,"turns":5},{"damage":96,"enemies":"Giant Head","floor":40,"turns":11}],"seed_played":"-1371767166150464701","potions_obtained":[{"floor":3,"key":"PowerPotion"},{"floor":7,"key":"Strength Potion"},{"floor":10,"key":"FocusPotion"},{"floor":29,"key":"BlessingOfTheForge"},{"floor":30,"key":"LiquidMemories"},{"floor":33,"key":"EssenceOfDarkness"}],"is_trial":false,"path_per_floor":["M","?","M","M","M","R","E","$","T","M","M","R","M","E","R","B",null,"M","?","M","$","M","R","M","E","T","$","R","?","M","M","R","B",null,"M","?","M","?","M","E"],"character_chosen":"DEFECT","items_purchased":["Conserve Battery","Hologram","Happy Flower"],"campfire_rested":0,"item_purchase_floors":[8,21,21],"current_hp_per_floor":[75,75,75,75,75,75,67,67,67,67,67,67,67,67,67,67,73,73,73,73,73,73,73,73,64,64,64,64,64,64,64,64,49,69,69,69,69,69,57,0,0],"gold":360,"neow_bonus":"HUNDRED_GOLD","is_daily":false,"chose_seed":false,"campfire_upgraded":6,"win_rate":0.0,"timestamp":1613299613,"path_taken":["M","?","M","?","M","R","E","$","T","M","M","R","M","E","R","BOSS","M","?","?","$","M","R","M","E","T","$","R","?","M","M","R","BOSS","M","?","M","?","?","E"],"items_purchased_type":["Card","Card","Relic"],"build_version":"2020-12-22","purchased_purges":3,"victory":false,"max_hp_per_floor":[75,75,75,75,75,75,75,75,75,75,75,75,75,75,75,75,75,75,75,75,75,75,75,75,75,75,75,75,75,75,75,75,75,75,75,75,75,75,75,75,75],"card_choices":[{"not_picked":["Streamline","Beam Cell"],"picked":"Steam","floor":1},{"not_picked":["Steam","Go for the Eyes"],"picked":"Ball Lightning","floor":3},{"not_picked":["Auto Shields","Hologram"],"picked":"Glacier","floor":4},{"not_picked":["Leap","Auto Shields"],"picked":"Blizzard","floor":5},{"not_picked":["Buffer","Blizzard"],"picked":"Defragment","floor":7},{"not_picked":["Scrape","Self Repair","Sweeping Beam"],"picked":"SKIP","floor":10},{"not_picked":["Barrage","Turbo"],"picked":"White Noise","floor":11},{"not_picked":["Turbo","Redo"],"picked":"Chill","floor":13},{"not_picked":["Conserve Battery","FTL"],"picked":"Compile Driver","floor":14},{"not_picked":["Meteor Strike","Core Surge"],"picked":"Fission","floor":16},{"not_picked":["Heatsinks+1","Redo"],"picked":"Defragment+1","floor":18},{"not_picked":["Go for the Eyes","Turbo"],"picked":"Defragment","floor":20},{"not_picked":["Stack+1","Beam Cell"],"picked":"Seek","floor":22},{"not_picked":["Stack+1","Auto Shields"],"picked":"Go for the Eyes+1","floor":24},{"not_picked":["Rebound","Hologram","Steam Power"],"picked":"SKIP","floor":25},{"not_picked":["Consume+1","Hologram+1"],"picked":"Defragment","floor":30},{"not_picked":["Ball Lightning+1","Cold Snap+1"],"picked":"Chill+1","floor":31},{"not_picked":["Multi-Cast","Meteor Strike+1"],"picked":"Electrodynamics","floor":33},{"not_picked":["Conserve Battery+1","Scrape+1","Gash+1"],"picked":"SKIP","floor":35},{"not_picked":["Conserve Battery+1","Ball Lightning+1"],"picked":"Chaos","floor":37},{"not_picked":["Hologram+1","Go for the Eyes+1","Barrage+1"],"picked":"SKIP","floor":39}],"player_experience":107241,"relics_obtained":[{"floor":7,"key":"FossilizedHelix"},{"floor":9,"key":"Letter Opener"},{"floor":14,"key":"HornCleat"},{"floor":17,"key":"Regal Pillow"},{"floor":17,"key":"Meat on the Bone"},{"floor":17,"key":"Emotion Chip"},{"floor":25,"key":"Whetstone"},{"floor":26,"key":"Ancient Tea Set"},{"floor":29,"key":"Peace Pipe"},{"floor":29,"key":"Molten Egg 2"}],"event_choices":[{"damage_healed":0,"gold_gain":0,"cards_transformed":["Strike_B"],"player_choice":"Transformed","damage_taken":0,"max_hp_gain":0,"max_hp_loss":0,"event_name":"Transmorgrifier","floor":2,"gold_loss":0,"cards_obtained":["BootSequence"]},{"cards_removed":["Strike_B"],"damage_healed":0,"gold_gain":0,"player_choice":"Purged","damage_taken":0,"max_hp_gain":0,"max_hp_loss":0,"event_name":"Purifier","floor":19,"gold_loss":0},{"damage_healed":0,"gold_gain":0,"player_choice":"Fight","damage_taken":0,"max_hp_gain":0,"max_hp_loss":0,"event_name":"Colosseum","floor":29,"gold_loss":0},{"damage_healed":0,"gold_gain":0,"player_choice":"Fought Nobs","damage_taken":0,"max_hp_gain":0,"max_hp_loss":0,"event_name":"Colosseum","floor":29,"gold_loss":0},{"cards_removed":["White Noise"],"damage_healed":0,"gold_gain":0,"player_choice":"Removed Skill","damage_taken":0,"max_hp_gain":0,"max_hp_loss":0,"event_name":"Falling","floor":36,"gold_loss":0},{"damage_healed":0,"gold_gain":0,"player_choice":"Ignored","damage_taken":0,"max_hp_gain":0,"max_hp_loss":0,"event_name":"SecretPortal","floor":38,"gold_loss":0}],"is_beta":false,"boss_relics":[{"not_picked":["Tiny House","Runic Dome"],"picked":"Calling Bell"},{"not_picked":["Velvet Choker","Cursed Key"],"picked":"Nuclear Battery"}],"items_purged_floors":[8,21,27],"is_endless":false,"potions_floor_spawned":[3,7,10,11,13,20,29,30,33,35,37],"killed_by":"Giant Head","ascension_level":5}}