{"host":"ggy1mjjy92c62u6a","time":1613300336,"event":{"mods":["10 clothes from DAL","ATMod(∞¢Ë™Mod)","Act Like it!","BaseMod","Colored Powertips","GifTheSpireLib","Library of Ruina","Library of Ruina Extra","Lobotomy","LobotomyExtend","Minty Spire (QoL Compilation)","Quick Restart","Relic Filter Mod","Relic Stats","Reliquary","Replay The Spire","Shop Mod","Spicy Shops","StSLib","SuperFastMode","TestMod","°æπ¶ƒ‹Mod°øªÏ„Á÷Æª∑–ﬁ∏¥≤π∂°","°æ“≈ŒÔMod°øÀ¿¡È∑® ¶NEW","°æ“≈ŒÔø®≈∆°øREMEMod"],"gold_per_floor":[114,114,189,208,223,258,258,258,258],"floor_reached":8,"language":"ZHS","playtime":763,"items_purged":[],"score":81,"play_id":"4e4e8bc8-cac1-4691-afa9-0449c9298d1c","local_time":"20210214185856","is_ascension_mode":true,"campfire_choices":[{"data":"Suppress","floor":7,"key":"SMITH"}],"circlet_count":0,"master_deck":["Dodge","LightDefense","LightAttack","LightAttack","LightAttack","LightDefense","LightDefense","LightDefense","ChargeAndCover","FocusedStrikes","Preparation","LightAttack","QueenBee","Suppress+1"],"relics":["PageOfLibrarian","REME_ComplimentaryCards","AT_ATBox","testmod-TestBox","CogitoBucket","RabbitCall","testmod-IWantAll","LetterFromLob","Vajra"],"acts_visited":["Exordium"],"potions_floor_usage":[],"damage_taken":[{"damage":12.0,"enemies":"Jaw Worm","floor":1.0,"turns":3.0},{"damage":0.0,"enemies":"2 Louse","floor":4.0,"turns":4.0},{"damage":6,"enemies":"Cultist","floor":5,"turns":3},{"damage":18,"enemies":"Replay:BlueRogue","floor":6,"turns":8},{"damage":27,"enemies":"Gremlin Nob","floor":8,"turns":3}],"seed_played":"7342223387360098642","potions_obtained":[{"floor":5,"key":"Fire Potion"}],"is_trial":false,"path_per_floor":["M","?","?","M","M","E","R","E"],"character_chosen":"Librarian","items_purchased":[],"campfire_rested":0,"item_purchase_floors":[],"current_hp_per_floor":[42,42,36,38,34,18,18,0,0],"gold":258,"neow_bonus":"","is_daily":false,"chose_seed":false,"campfire_upgraded":1,"win_rate":0.0,"timestamp":1613300336,"path_taken":["M","?","?","M","M","E","R","E"],"items_purchased_type":[],"build_version":"2020-12-22","purchased_purges":0,"victory":false,"max_hp_per_floor":[67,67,67,67,67,67,67,67,67],"relic_stats":{"counters":[5,21],"obtain_stats":[{"PageOfLibrarian":0,"RabbitCall":0,"CogitoBucket":0,"AT_ATBox":0,"testmod-TestBox":0,"Vajra":6,"testmod-IWantAll":0,"LetterFromLob":1,"REME_ComplimentaryCards":0},{"PageOfLibrarian":0,"RabbitCall":0,"CogitoBucket":0,"AT_ATBox":0,"testmod-TestBox":0,"Vajra":4,"testmod-IWantAll":0,"LetterFromLob":1,"REME_ComplimentaryCards":0},{"PageOfLibrarian":0,"RabbitCall":0,"CogitoBucket":0,"AT_ATBox":0,"testmod-TestBox":0,"Vajra":18,"testmod-IWantAll":0,"LetterFromLob":3,"REME_ComplimentaryCards":0}]},"card_choices":[{"not_picked":["UnavoidableGaze","Overpower","StrongStrike","SteelKnuckles","GaleKick","DeepDrag","Thrust","TendonChords"],"picked":"Preparation","floor":1.0},{"not_picked":["VoidDream","PunishingBird","RedShoes"],"picked":"Singing Bowl","floor":1.0},{"not_picked":["Variant","Wellcheers"],"picked":"QueenBee","floor":4.0},{"not_picked":["ScratchThat","Execute_lor","GuidanceOfTheGears","HardRehearsal","HighKick","Quickness","Multislash","Leap_lor","ButterflySlash"],"picked":"SKIP","floor":4.0},{"not_picked":["SunsetBlade","MultiBlock","DeepDrag","Riposte","ViolentFlame","RhinoRam","Crush","Multislash","SpearedSweep"],"picked":"SKIP","floor":5},{"not_picked":["SunsetBlade","MultiBlock","DeepDrag","Riposte","ViolentFlame","RhinoRam","Crush","Multislash","SpearedSweep"],"picked":"SKIP","floor":5},{"not_picked":["StartinOutLightly","SuppressingShot","QuickSuppression","UnavoidableGaze","SteelKnuckles","EnergyBeam","Unlock1","FaintMemories"],"picked":"Suppress","floor":6}],"player_experience":112622,"relics_obtained":[{"floor":1.0,"key":"LetterFromLob"},{"floor":6,"key":"Vajra"}],"event_choices":[{"damage_healed":0.0,"max_hp_gain":0.0,"max_hp_loss":0.0,"gold_gain":75.0,"event_name":"FaceTrader","player_choice":"Touch","floor":3.0,"gold_loss":0.0,"damage_taken":6.0}],"is_beta":false,"boss_relics":[],"items_purged_floors":[],"is_endless":false,"potions_floor_spawned":[5],"killed_by":"Gremlin Nob","ascension_level":9}}