{"host":"dmtlrev5pkc1867p","time":1613304020,"event":{"mods":["A Magickal Journey","AchievementEnabler","BaseMod","Colored Map","Colored Powertips","Downfall","Hermit","Highlight Path","Hubris","Infinite Spire","Marisa¡]Ãú«B¡@Å]²z¨F¡^","Minty Spire (QoL Compilation)","Permanent Neow","Quick Restart","Rare Cards Sparkle","Relic Sorter","Relic Stats","Replay The Spire","StSLib","SuperFastMode","The Construct","The Cursed","The Disciple","The Hierophant","The Necromancer","The Runesmith","The Servant 0.9.4"],"gold_per_floor":[99,12,68,53,73,107,134,34,34,34,19,38,38,57,67,164,164,64,75,88,101,17,17,17],"floor_reached":23,"language":"ZHS","playtime":830,"items_purged":[],"score":284,"play_id":"7888a62f-a2c2-4a7b-bf56-93781921e220","local_time":"20210214200020","daily_mods":["Blue Cards","Heirloom","Flight","Elite Swarm"],"is_ascension_mode":true,"campfire_choices":[{"floor":1.0,"key":"RECALL"},{"floor":8.0,"key":"REST"},{"floor":9.0,"key":"REST"},{"data":"Machine Learning","floor":13.0,"key":"SMITH"},{"data":"FIFO Queue","floor":18.0,"key":"SMITH"}],"circlet_count":0,"master_deck":["AscendersBane","Strike_B","Strike_B","Strike_B","Strike_B","Defend_B","Defend_B","Defend_B","Defend_B","Zap","Dualcast","Stack","FIFO Queue+1","Steam+1","Turbo","hubris:Ukulele","Glacier","Machine Learning+1","BootSequence","Streamline","Aggregate","FIFO Queue","Electrodynamics","Hologram","Rebound","Cold Snap","Steam+1","hubris:PowerSurge"],"relics":["Cracked Core","replay:Trail_Library","hubris:64BitClover","Replay:Bottled Eggs","Darkstone Periapt","downfall:HeartBlessingBlue","Black Star","downfall:HeartBlessingGreen","infinitespire:SolderingIron"],"acts_visited":["Exordium","TheCity"],"potions_floor_usage":[],"damage_taken":[{"damage":5.0,"enemies":"downfall:FleeingMerchant","floor":2.0,"turns":4.0},{"damage":0.0,"enemies":"downfall:FleeingMerchant","floor":4.0,"turns":4.0},{"damage":0.0,"enemies":"Cultist","floor":5.0,"turns":2.0},{"damage":46.0,"enemies":"Gremlin Nob","floor":6.0,"turns":5.0},{"damage":10.0,"enemies":"downfall:FleeingMerchant","floor":11.0,"turns":4.0},{"damage":0.0,"enemies":"2 Louse","floor":12.0,"turns":2.0},{"damage":3.0,"enemies":"Small Slimes","floor":14.0,"turns":4.0},{"damage":1.0,"enemies":"Red Slaver","floor":15.0,"turns":4.0},{"damage":25.0,"enemies":"DF_ARCHETYPE_STREAMLINE","floor":16.0,"turns":12.0},{"damage":29.0,"enemies":"3 Byrds","floor":19.0,"turns":5.0},{"damage":11.0,"enemies":"Spheric Guardian","floor":20.0,"turns":3.0},{"damage":12.0,"enemies":"3 Cultists","floor":21.0,"turns":4.0},{"damage":7.0,"enemies":"downfall:FleeingMerchant","floor":22.0,"turns":4.0},{"damage":0,"enemies":"Snecko","floor":23,"turns":1}],"seed_played":"-3315236076444006577","potions_obtained":[{"floor":5.0,"key":"Languid Potion"},{"floor":12.0,"key":"LiquidBronze"},{"floor":15.0,"key":"Adrenaline Potion"},{"floor":19.0,"key":"SteroidPotion"}],"is_trial":true,"path_per_floor":["R","$","?","$","M","E","T","R","R","?","$","M","R","M","M","B",null,"R","M","M","M","$","M"],"character_chosen":"DEFECT","items_purchased":["FIFO Queue","hubris:PowerSurge"],"campfire_rested":2,"item_purchase_floors":[2,22],"current_hp_per_floor":[68,63,63,63,63,17,17,52,77,77,67,67,67,64,63,38,73,73,44,33,21,14,14,14],"gold":17,"neow_bonus":"","is_daily":false,"chose_seed":false,"campfire_upgraded":2,"win_rate":0.0,"timestamp":1613304020,"path_taken":["R","?","?","$","M","E","T","R","R","?","$","?","R","M","M","BOSS","R","M","M","?","$","?"],"items_purchased_type":["Card","Card"],"build_version":"2020-12-22","purchased_purges":0,"victory":false,"max_hp_per_floor":[75,75,75,75,75,75,75,85,85,85,85,85,85,85,85,85,85,85,85,85,85,85,85,85],"relic_stats":{"Darkstone Periapt":0,"counters":[14,58],"Black Star":0,"obtain_stats":[{"Darkstone Periapt":6,"infinitespire:SolderingIron":20,"hubris:64BitClover":0,"downfall:HeartBlessingBlue":8,"downfall:HeartBlessingGreen":18,"Black Star":17,"Replay:Bottled Eggs":3,"Cracked Core":0,"replay:Trail_Library":0},{"Darkstone Periapt":4,"infinitespire:SolderingIron":11,"hubris:64BitClover":0,"downfall:HeartBlessingBlue":4,"downfall:HeartBlessingGreen":9,"Black Star":9,"Replay:Bottled Eggs":1,"Cracked Core":0,"replay:Trail_Library":0},{"Darkstone Periapt":15,"infinitespire:SolderingIron":49,"hubris:64BitClover":0,"downfall:HeartBlessingBlue":15,"downfall:HeartBlessingGreen":41,"Black Star":41,"Replay:Bottled Eggs":4,"Cracked Core":0,"replay:Trail_Library":0}]},"card_choices":[{"not_picked":["Chaos","ReplayTheSpireMod:Repulse"],"picked":"Stack","floor":2.0},{"not_picked":["Chaos","Rebound"],"picked":"Steam","floor":3.0},{"not_picked":["Cold Snap","Sweeping Beam"],"picked":"Turbo","floor":3.0},{"not_picked":["Conserve Battery","Fusion"],"picked":"hubris:Ukulele","floor":4.0},{"not_picked":["Tempest","Coolheaded"],"picked":"Glacier","floor":5.0},{"not_picked":["Core Surge","Thunder Strike"],"picked":"Machine Learning","floor":6.0},{"not_picked":["Amplify","Beam Cell"],"picked":"Streamline","floor":11.0},{"not_picked":["Turbo","Time Bomb"],"picked":"Aggregate","floor":12.0},{"not_picked":["Steam","Reprogram"],"picked":"FIFO Queue","floor":14.0},{"not_picked":["Time Bomb","Go for the Eyes","Sweeping Beam"],"picked":"SKIP","floor":15.0},{"not_picked":["Machine Learning","Thunder Strike"],"picked":"Electrodynamics","floor":16.0},{"not_picked":["Darkness","Redo"],"picked":"Hologram","floor":19.0},{"not_picked":["Gash","Sweeping Beam"],"picked":"Rebound","floor":20.0},{"not_picked":["Go for the Eyes+1","Redo"],"picked":"Cold Snap","floor":21.0},{"not_picked":["Go for the Eyes","Ball Lightning"],"picked":"Steam","floor":22}],"player_experience":704790,"relics_obtained":[{"floor":3.0,"key":"Replay:Bottled Eggs"},{"floor":6.0,"key":"Darkstone Periapt"},{"floor":20.0,"key":"infinitespire:SolderingIron"}],"event_choices":[{"damage_healed":0.0,"max_hp_gain":0.0,"max_hp_loss":0.0,"gold_gain":0.0,"event_name":"NoteForYourself","player_choice":"Ignored","floor":10.0,"gold_loss":0.0,"damage_taken":0.0}],"is_beta":false,"boss_relics":[{"not_picked":["hubris:BlackHole","sneckomod:SneckoTalon"],"picked":"Black Star"}],"items_purged_floors":[],"is_endless":false,"potions_floor_spawned":[5,12,15,19],"killed_by":"Snecko","ascension_level":10}}