{"host":"a70birb7gb03c330","time":1613322946,"event":{"mods":["Act Like it!","Aspiration","BaseMod","Better Vampires","Disable Question Mark Monsters","Hubris","Infinite Spire","Minty Spire (QoL Compilation)","Permanent Neow","Replay The Spire","StSLib"],"gold_per_floor":[112,287,237,15,15,48,66,66,66,66,66],"floor_reached":10,"language":"ENG","playtime":333,"items_purged":[],"score":67,"play_id":"45f2894c-4222-4903-89b7-4739d34488b9","local_time":"20210214091546","is_ascension_mode":true,"campfire_choices":[{"data":"Scorching Beam","floor":8,"key":"SMITH"}],"circlet_count":0,"master_deck":["Strike_R","Strike_R","Strike_R","Strike_R","Strike_R","Defend_R","Defend_R","Defend_R","Defend_R","Bash","hubris:DuctTapeCard"],"relics":["Burning Blood","aspiration:Nostalgia","Iron Core","DollysMirror","hubris:Towel","Eternal Feather","hubris:DuctTape"],"acts_visited":["Exordium"],"potions_floor_usage":[],"damage_taken":[{"damage":3,"enemies":"Jaw Worm","floor":1,"turns":4},{"damage":20,"enemies":"Gremlin Nob","floor":6,"turns":4},{"damage":7,"enemies":"2 Louse","floor":7,"turns":2},{"damage":39,"enemies":"3 Sentries","floor":10,"turns":9}],"seed_played":"-8163555895357830645","potions_obtained":[{"floor":7,"key":"Block Potion"}],"is_trial":false,"path_per_floor":["M","?","?","$","?","E","M","R","T","E"],"character_chosen":"IRONCLAD","items_purchased":["Scorching Beam","DollysMirror"],"campfire_rested":0,"item_purchase_floors":[4,4],"current_hp_per_floor":[80,80,80,80,80,66,65,71,71,32,32],"gold":66,"neow_bonus":"NOSTALGIA","is_daily":false,"chose_seed":false,"campfire_upgraded":1,"win_rate":0.0,"timestamp":1613322946,"path_taken":["M","?","?","$","?","E","M","R","T","E"],"items_purchased_type":["Card","Relic"],"build_version":"2020-12-22","purchased_purges":0,"victory":false,"max_hp_per_floor":[80,80,80,80,80,80,80,80,80,80,80],"card_choices":[{"not_picked":["Shockwave","True Grit","Dark Embrace"],"picked":"SKIP","floor":1},{"not_picked":["Shrug It Off","Combust","Burning Pact"],"picked":"SKIP","floor":6},{"not_picked":["Hemogenesis","Flex","Evolve"],"picked":"SKIP","floor":7}],"player_experience":6074,"relics_obtained":[{"floor":6,"key":"Eternal Feather"},{"floor":9,"key":"hubris:DuctTape"}],"event_choices":[{"damage_healed":0,"gold_gain":175,"player_choice":"AGREE","damage_taken":0,"max_hp_gain":0,"max_hp_loss":0,"event_name":"Liars Game","floor":2,"gold_loss":0,"cards_obtained":["Doubt"]},{"cards_removed":["Doubt"],"damage_healed":0,"gold_gain":0,"player_choice":"Card Removal","damage_taken":0,"max_hp_gain":0,"max_hp_loss":0,"event_name":"The Cleric","floor":3,"gold_loss":50}],"is_beta":false,"boss_relics":[],"items_purged_floors":[],"is_endless":false,"potions_floor_spawned":[7],"killed_by":"3 Sentries","ascension_level":1}}