{"host":"gh97pv908ci4ql26","time":1613263749,"event":{"mods":["AchievementEnabler","BaseMod","Beaked The Cultist","Better Altar","Better Match","Better Note","Better Sensory Stone","Better Skull","Better Third Choice","Block Reminder","Colored Powertips","Curses Come First","Disable Question Mark Monsters","Displayed Cursed Tome","Emptier Cage","Googly Eyes","Highlight Path","Ironclad Rager","Minty Spire (QoL Compilation)","Permanent Neow","Poor People Problems","Quick Restart","Rare Cards Sparkle","Relic Sorter","Shop Mod","Smile Girya","StSLib","TheVacant","everything is the same but u backflip on backflip","slay the spire mod where everything is the same but ironclad has a cowboy hat"],"gold_per_floor":[13,13,24,24,24,64,29,29,29,2,36,36,50,64,64,192,192,205,205,225,6,6,42,42,83,83,83,83,83,83,8,8,139,139,153,153,153,63,87,87,102,102,102,102,116,160,160,183,183,183,183,183,35,73,73],"floor_reached":56,"language":"ENG","playtime":7337,"items_purged":["Burn"],"score":1292,"play_id":"1598d9d5-9eb9-44bd-ba8d-2a4c8b60e4f5","local_time":"20210213164909","is_ascension_mode":false,"campfire_choices":[{"floor":15.0,"key":"REST"},{"data":"Sunder","floor":24.0,"key":"SMITH"},{"data":"Dualcast","floor":27.0,"key":"SMITH"},{"data":"Zap","floor":30.0,"key":"SMITH"},{"data":"Skim","floor":32.0,"key":"SMITH"},{"floor":40.0,"key":"RECALL"},{"data":"Capacitor","floor":42.0,"key":"SMITH"},{"data":"Self Repair","floor":44.0,"key":"SMITH"},{"data":"Beam Cell","floor":49.0,"key":"SMITH"},{"data":"Echo Form","floor":52.0,"key":"SMITH"}],"circlet_count":0,"master_deck":["Defend_B","Defend_B","Zap+1","Dualcast+1","Sunder+1","Skim+1","Darkness+1","Conserve Battery+1","Echo Form+1","Turbo+1","Conserve Battery+1","Seek+1","Hologram+1","Capacitor+1","All For One","Enlightenment+1","Beam Cell+1","Hologram+1","Seek+1","beaked:DarkTribute+1","Go for the Eyes+1","Madness+1","Madness+1","Self Repair+1","Gash+1","Skim+1","Gash","Double Energy+1"],"relics":["Cracked Core","Bronze Scales","Golden Idol","Toxic Egg 2","Incense Burner","Lantern","Coffee Dripper","Shuriken","PreservedInsect","Calipers","Mercury Hourglass","Mummified Hand","Gambling Chip","beaked:SacredDeck","StoneCalendar","Sundial"],"acts_visited":["Exordium","TheCity","TheBeyond","TheEnding"],"potions_floor_usage":[55],"damage_taken":[{"damage":0.0,"enemies":"Cultist","floor":1.0,"turns":5.0},{"damage":1.0,"enemies":"Jaw Worm","floor":3.0,"turns":3.0},{"damage":26.0,"enemies":"Lagavulin","floor":6.0,"turns":8.0},{"damage":18.0,"enemies":"Gremlin Nob","floor":11.0,"turns":4.0},{"damage":0.0,"enemies":"2 Louse","floor":13.0,"turns":3.0},{"damage":0.0,"enemies":"2 Fungi Beasts","floor":14.0,"turns":3.0},{"damage":11.0,"enemies":"Hexaghost","floor":16.0,"turns":5.0},{"damage":0.0,"enemies":"2 Thieves","floor":18.0,"turns":4.0},{"damage":0.0,"enemies":"Chosen","floor":20.0,"turns":4.0},{"damage":33.0,"enemies":"Gremlin Leader","floor":23.0,"turns":6.0},{"damage":4.0,"enemies":"Slavers","floor":25.0,"turns":5.0},{"damage":0.0,"enemies":"Automaton","floor":33.0,"turns":6.0},{"damage":0.0,"enemies":"Orb Walker","floor":35.0,"turns":2.0},{"damage":18.0,"enemies":"3 Darklings","floor":39.0,"turns":4.0},{"damage":20.0,"enemies":"Sphere and 2 Shapes","floor":41.0,"turns":4.0},{"damage":46.0,"enemies":"Writhing Mass","floor":45.0,"turns":7.0},{"damage":0.0,"enemies":"Nemesis","floor":46.0,"turns":1.0},{"damage":5.0,"enemies":"Maw","floor":48.0,"turns":3.0},{"damage":127.0,"enemies":"Time Eater","floor":50.0,"turns":12.0},{"damage":0.0,"enemies":"Shield and Spear","floor":54.0,"turns":1.0},{"damage":112,"enemies":"The Heart","floor":55,"turns":6}],"seed_played":"6279867989545296246","potions_obtained":[{"floor":1.0,"key":"SpeedPotion"},{"floor":14.0,"key":"Explosive Potion"},{"floor":18.0,"key":"Dexterity Potion"},{"floor":20.0,"key":"SkillPotion"},{"floor":35.0,"key":"Explosive Potion"},{"floor":41.0,"key":"Fruit Juice"},{"floor":48.0,"key":"DistilledChaos"}],"is_trial":false,"path_per_floor":["M","$","M","?","?","E","?","$","T","$","E","?","M","M","R","B",null,"M","?","M","$","?","E","R","E","T","R","$","T","R","?","R","B",null,"M","?","?","?","M","R","M","R","T","R","M","E","?","M","R","B",null,"R","$","E","B",null],"character_chosen":"DEFECT","items_purchased":["Conserve Battery+1","All For One","PreservedInsect","Double Energy+1"],"campfire_rested":1,"item_purchase_floors":[10,21,21,53],"current_hp_per_floor":[75,75,74,56,38,12,30,30,30,30,12,12,12,12,34,23,75,75,75,75,75,75,42,42,38,38,38,38,38,38,38,38,38,75,75,66,66,66,48,48,55,55,55,55,50,60,60,80,80,53,80,80,80,80,80],"gold":73,"neow_bonus":"REMOVE_TWO","is_daily":false,"chose_seed":false,"campfire_upgraded":8,"win_rate":0.0,"timestamp":1613263749,"path_taken":["M","?","?","?","?","E","?","?","T","$","E","?","M","M","R","BOSS","M","?","?","$","?","E","R","E","T","R","$","?","R","?","R","BOSS","M","?","?","?","M","R","?","R","T","R","M","E","?","?","R","BOSS","R","$","E","BOSS"],"items_purchased_type":["Card","Card","Relic","Card"],"build_version":"2020-12-22","purchased_purges":1,"victory":true,"max_hp_per_floor":[75,75,75,75,75,75,75,75,75,75,75,75,75,75,75,75,75,75,75,75,75,75,75,75,75,75,75,75,75,75,75,75,75,75,75,75,75,75,75,75,75,75,75,75,75,75,75,80,80,80,80,80,80,80,80],"card_choices":[{"not_picked":["Stack","Sweeping Beam"],"picked":"Sunder","floor":1.0},{"not_picked":["Go for the Eyes","Force Field"],"picked":"Skim","floor":3.0},{"not_picked":["Barrage","Melter"],"picked":"Darkness+1","floor":6.0},{"not_picked":["Melter","Beam Cell"],"picked":"Echo Form","floor":11.0},{"not_picked":["Gash","Leap+1"],"picked":"Turbo+1","floor":13.0},{"not_picked":["White Noise+1","Ball Lightning"],"picked":"Conserve Battery+1","floor":14.0},{"not_picked":["Meteor Strike","Echo Form"],"picked":"Seek+1","floor":16.0},{"not_picked":["Storm","Rip and Tear"],"picked":"Hologram+1","floor":18.0},{"not_picked":["Leap+1","Compile Driver"],"picked":"Capacitor","floor":20.0},{"not_picked":["Ball Lightning","Rebound+1"],"picked":"Beam Cell","floor":23.0},{"not_picked":["Aggregate+1","Auto Shields+1"],"picked":"Hologram+1","floor":25.0},{"not_picked":["All For One","Electrodynamics"],"picked":"Seek+1","floor":33.0},{"not_picked":["Hologram+1","Storm"],"picked":"Go for the Eyes","floor":35.0},{"not_picked":["Compile Driver","Blizzard","Melter"],"picked":"SKIP","floor":39.0},{"not_picked":["Lockon+1","Leap+1"],"picked":"Self Repair","floor":41.0},{"not_picked":["Steam+1","Leap+1"],"picked":"Gash+1","floor":45.0},{"not_picked":["Ball Lightning+1","Hologram+1"],"picked":"Skim+1","floor":46.0},{"not_picked":["Steam+1","Rebound"],"picked":"Gash","floor":48.0},{"not_picked":["Undo+1","Compile Driver+1","Ball Lightning"],"picked":"SKIP","floor":54.0}],"player_experience":135435,"relics_obtained":[{"floor":6.0,"key":"Toxic Egg 2"},{"floor":9.0,"key":"Incense Burner"},{"floor":11.0,"key":"Lantern"},{"floor":23.0,"key":"Calipers"},{"floor":25.0,"key":"Mercury Hourglass"},{"floor":26.0,"key":"Mummified Hand"},{"floor":29.0,"key":"Gambling Chip"},{"floor":46.0,"key":"StoneCalendar"},{"floor":54.0,"key":"Sundial"}],"event_choices":[{"damage_healed":0.0,"max_hp_gain":0.0,"max_hp_loss":0.0,"gold_gain":0.0,"event_name":"betterThird:BetterScrap","player_choice":"Relic ","floor":4.0,"gold_loss":0.0,"damage_taken":18.0,"cards_obtained":["Bullet Time"]},{"damage_healed":0.0,"max_hp_gain":0.0,"max_hp_loss":0.0,"gold_gain":0.0,"event_name":"Golden Idol","player_choice":"Take Damage","floor":5.0,"gold_loss":0.0,"damage_taken":18.0,"relics_obtained":["Golden Idol"]},{"damage_healed":18.0,"max_hp_gain":0.0,"max_hp_loss":0.0,"gold_gain":0.0,"event_name":"The Cleric","player_choice":"Healed","floor":7.0,"gold_loss":35.0,"damage_taken":0.0},{"damage_healed":12.0,"max_hp_gain":0.0,"max_hp_loss":75.0,"gold_gain":0.0,"event_name":"betterThird:BetterShining","player_choice":"Embrace Burn","floor":12.0,"gold_loss":0.0,"damage_taken":0.0},{"damage_healed":0.0,"max_hp_gain":0.0,"max_hp_loss":0.0,"gold_gain":0.0,"event_name":"WeMeetAgain","player_choice":"Gave Potion","floor":19.0,"gold_loss":0.0,"damage_taken":0.0,"relics_obtained":["Shuriken"]},{"cards_removed":["Seek"],"damage_healed":0.0,"max_hp_gain":0.0,"max_hp_loss":0.0,"gold_gain":0.0,"event_name":"betterNote:BetterNote","player_choice":"Take \u0026 Give","floor":22.0,"gold_loss":0.0,"damage_taken":0.0,"cards_obtained":["Enlightenment"]},{"cards_removed":["Strike_B"],"damage_healed":0.0,"max_hp_gain":0.0,"max_hp_loss":0.0,"gold_gain":0.0,"event_name":"Beggar","player_choice":"Gave Gold","floor":31.0,"gold_loss":75.0,"damage_taken":0.0},{"damage_healed":0.0,"max_hp_gain":0.0,"max_hp_loss":0.0,"gold_gain":0.0,"event_name":"Winding Halls","player_choice":"Embrace Madness","floor":36.0,"gold_loss":0.0,"damage_taken":9.0,"cards_obtained":["Madness","Madness"]},{"cards_removed":["Strike_B"],"damage_healed":0.0,"max_hp_gain":0.0,"max_hp_loss":0.0,"gold_gain":0.0,"event_name":"Falling","player_choice":"Removed Attack","floor":37.0,"gold_loss":0.0,"damage_taken":0.0},{"cards_removed":["Defend_B"],"damage_healed":0.0,"max_hp_gain":0.0,"max_hp_loss":0.0,"gold_gain":0.0,"event_name":"Designer","player_choice":"Upgrade and Remove","floor":38.0,"gold_loss":90.0,"damage_taken":0.0,"cards_upgraded":["Go for the Eyes"]},{"cards_removed":["Defend_B"],"damage_healed":0.0,"max_hp_gain":0.0,"max_hp_loss":0.0,"gold_gain":0.0,"event_name":"Bonfire Elementals","player_choice":"Offered Basic","floor":47.0,"gold_loss":0.0,"damage_taken":0.0}],"is_beta":false,"boss_relics":[{"not_picked":["Snecko Eye","Astrolabe"],"picked":"Coffee Dripper"},{"not_picked":["Cursed Key","Velvet Choker"],"picked":"beaked:SacredDeck"}],"items_purged_floors":[53],"is_endless":false,"potions_floor_spawned":[1,14,18,20,35,41,48],"ascension_level":0}}