{"host":"Fun","time":1613328922,"event":{"mods":["BaseMod","Colored Map","Minty Spire (QoL Compilation)","Relic Stats","StSLib"],"gold_per_floor":[111,137,156,47,47,47,122,152,152,185,185,202,202,224,224,301,301,315,334,314,239,239,267,281,295,295,295,295,313,313,313],"floor_reached":30,"language":"ENG","playtime":1148,"items_purged":["Strike_B"],"score":474,"play_id":"0f132d39-a322-44c1-a41e-ae861d8adb73","local_time":"20210214135522","is_ascension_mode":true,"campfire_choices":[{"data":"Sweeping Beam","floor":6.0,"key":"SMITH"},{"data":"Creative AI","floor":11.0,"key":"SMITH"},{"data":"Cold Snap","floor":13,"key":"SMITH"},{"data":"Zap","floor":15,"key":"SMITH"},{"floor":28,"key":"REST"}],"circlet_count":0,"master_deck":["AscendersBane","Strike_B","Strike_B","Strike_B","Defend_B","Defend_B","Defend_B","Defend_B","Zap+1","Dualcast","Compile Driver","Reinforced Body","Sweeping Beam+1","Cold Snap+1","Self Repair","Creative AI+1","Echo Form","Turbo","Electrodynamics","Recycle","Genetic Algorithm","Leap","Decay","Cold Snap"],"relics":["Cracked Core","WarpedTongs","Bag of Marbles","Gambling Chip","InkBottle","Turnip","Incense Burner","Odd Mushroom","Philosopher\u0027s Stone","Calipers","StoneCalendar"],"acts_visited":["Exordium","TheCity"],"potions_floor_usage":[24,30,30],"damage_taken":[{"damage":1.0,"enemies":"Cultist","floor":1.0,"turns":3.0},{"damage":3.0,"enemies":"Small Slimes","floor":3.0,"turns":2.0},{"damage":12.0,"enemies":"3 Sentries","floor":8.0,"turns":7.0},{"damage":21.0,"enemies":"Lagavulin","floor":10.0,"turns":6.0},{"damage":0.0,"enemies":"2 Louse","floor":12.0,"turns":1.0},{"damage":6,"enemies":"The Mushroom Lair","floor":14,"turns":3},{"damage":11,"enemies":"Hexaghost","floor":16,"turns":9},{"damage":0,"enemies":"Spheric Guardian","floor":18,"turns":3},{"damage":3,"enemies":"Chosen","floor":19,"turns":6},{"damage":36,"enemies":"Gremlin Leader","floor":23,"turns":7},{"damage":21,"enemies":"Snecko","floor":24,"turns":6},{"damage":38,"enemies":"Cultist and Chosen","floor":25,"turns":8},{"damage":13,"enemies":"Centurion and Healer","floor":29,"turns":7},{"damage":50,"enemies":"Book of Stabbing","floor":30,"turns":6}],"seed_played":"5648336897059484446","potions_obtained":[{"floor":3.0,"key":"SteroidPotion"},{"floor":16,"key":"Strength Potion"},{"floor":18,"key":"Weak Potion"},{"floor":25,"key":"DuplicationPotion"},{"floor":29,"key":"Fruit Juice"}],"is_trial":false,"path_per_floor":["M","T","M","$","?","R","?","E","T","E","R","M","R","?","R","B",null,"M","M","?","$","?","E","M","M","T","?","R","M","E"],"character_chosen":"DEFECT","items_purchased":["Cold Snap","Self Repair"],"campfire_rested":1,"item_purchase_floors":[4,4],"current_hp_per_floor":[63,63,60,60,49,49,38,36,36,22,22,22,22,30,30,33,62,62,66,66,66,66,50,49,18,18,18,39,40,0,0],"gold":313,"neow_bonus":"THREE_CARDS","is_daily":false,"chose_seed":false,"campfire_upgraded":4,"win_rate":0.0,"timestamp":1613328922,"path_taken":["M","?","?","$","?","R","?","E","T","E","R","M","R","?","R","BOSS","M","M","?","$","?","E","M","M","T","?","R","M","E"],"items_purchased_type":["Card","Card"],"build_version":"2020-12-18","purchased_purges":1,"victory":false,"max_hp_per_floor":[71,71,71,71,71,71,71,71,71,71,71,71,71,71,71,71,71,71,71,71,71,71,71,71,71,71,71,71,71,76,76],"relic_stats":{"counters":[14,74],"Gambling Chip":[32],"StoneCalendar":[20],"Turnip":[10],"obtain_stats":[{"Calipers":23,"Gambling Chip":5,"Philosopher\u0027s Stone":17,"StoneCalendar":26,"Turnip":9,"Bag of Marbles":2,"Incense Burner":10,"Odd Mushroom":14,"Cracked Core":0,"InkBottle":8,"WarpedTongs":0},{"Calipers":10,"Gambling Chip":2,"Philosopher\u0027s Stone":7,"StoneCalendar":12,"Turnip":3,"Bag of Marbles":1,"Incense Burner":4,"Odd Mushroom":6,"Cracked Core":0,"InkBottle":3,"WarpedTongs":0},{"Calipers":47,"Gambling Chip":5,"Philosopher\u0027s Stone":31,"StoneCalendar":61,"Turnip":12,"Bag of Marbles":3,"Incense Burner":18,"Odd Mushroom":22,"Cracked Core":0,"InkBottle":12,"WarpedTongs":0}],"InkBottle":[21],"WarpedTongs":[74]},"card_choices":[{"not_picked":["Rebound","Sweeping Beam"],"picked":"Compile Driver","floor":0.0},{"not_picked":["Redo","Heatsinks"],"picked":"Reinforced Body","floor":1.0},{"not_picked":["Tempest","Loop"],"picked":"Sweeping Beam","floor":3.0},{"not_picked":["Cold Snap","Barrage"],"picked":"Creative AI","floor":8.0},{"not_picked":["Coolheaded","Conserve Battery"],"picked":"Echo Form","floor":10.0},{"not_picked":["Heatsinks","Barrage","Gash"],"picked":"SKIP","floor":12},{"not_picked":["Fusion","Rebound"],"picked":"Turbo","floor":14},{"not_picked":["Seek","Core Surge"],"picked":"Electrodynamics","floor":16},{"not_picked":["Steam","White Noise"],"picked":"Recycle","floor":18},{"not_picked":["Double Energy","Scrape","Turbo+1"],"picked":"SKIP","floor":19},{"not_picked":["Go for the Eyes","Double Energy"],"picked":"Genetic Algorithm","floor":23},{"not_picked":["Gash","Static Discharge","Stack"],"picked":"SKIP","floor":24},{"not_picked":["Rebound","Scrape"],"picked":"Leap","floor":25},{"not_picked":["Turbo","Rebound"],"picked":"Cold Snap","floor":29}],"player_experience":182590,"relics_obtained":[{"floor":2.0,"key":"Bag of Marbles"},{"floor":8.0,"key":"InkBottle"},{"floor":9.0,"key":"Turnip"},{"floor":10.0,"key":"Incense Burner"},{"floor":14,"key":"Odd Mushroom"},{"floor":23,"key":"Calipers"},{"floor":26,"key":"StoneCalendar"}],"event_choices":[{"damage_healed":0.0,"max_hp_gain":0.0,"max_hp_loss":0.0,"gold_gain":0.0,"event_name":"Scrap Ooze","player_choice":"Success","floor":5.0,"gold_loss":0.0,"damage_taken":11.0,"relics_obtained":["Gambling Chip"]},{"damage_healed":0.0,"max_hp_gain":0.0,"max_hp_loss":0.0,"gold_gain":75.0,"event_name":"World of Goop","player_choice":"Gather Gold","floor":7.0,"gold_loss":0.0,"damage_taken":11.0},{"damage_healed":0,"gold_gain":0,"player_choice":"Fought Mushrooms","damage_taken":0,"max_hp_gain":0,"max_hp_loss":0,"event_name":"Mushrooms","floor":14,"gold_loss":0},{"damage_healed":0,"gold_gain":0,"player_choice":"Bought 1 Potion","damage_taken":0,"max_hp_gain":0,"max_hp_loss":0,"event_name":"The Woman in Blue","floor":20,"gold_loss":0},{"damage_healed":0,"gold_gain":0,"player_choice":"Ignored","damage_taken":0,"max_hp_gain":0,"max_hp_loss":0,"event_name":"The Mausoleum","floor":22,"gold_loss":0},{"damage_healed":0,"gold_gain":0,"player_choice":"Smashed Altar","damage_taken":0,"max_hp_gain":0,"max_hp_loss":0,"event_name":"Forgotten Altar","floor":27,"gold_loss":0,"cards_obtained":["Decay"]}],"is_beta":true,"boss_relics":[{"not_picked":["Black Star","Tiny House"],"picked":"Philosopher\u0027s Stone"}],"items_purged_floors":[21],"is_endless":false,"potions_floor_spawned":[3,16,18,25,29],"killed_by":"Book of Stabbing","ascension_level":17}}