{"host":"djoj10dqzzvtkauc","time":1613314092,"event":{"mods":["2.2 Compatiblity","BaseMod","Colored Map","DeckTracker","Highlight Path","Keyboard Shortcuts","Marisa£¨Ùöéë¡¡Øª×âÞÞ£©","Minty Spire (QoL Compilation)","Permanent Neow","Quick Restart","Random Character Button","StSLib","SuperFastMode","everything is the same but u backflip on backflip"],"gold_per_floor":[109,124,135,151,161,161,161,161],"floor_reached":7,"language":"KOR","playtime":199,"items_purged":[],"score":81,"play_id":"411f7d45-a38a-4474-b534-9b6e7d84da5d","local_time":"20210214234812","is_ascension_mode":true,"campfire_choices":[{"data":"Noxious Fumes","floor":6,"key":"SMITH"}],"circlet_count":0,"master_deck":["AscendersBane","Strike_G","Strike_G","Strike_G","Strike_G","Strike_G","Defend_G","Defend_G","Defend_G","Defend_G","Defend_G","Survivor","Neutralize","Sucker Punch","Noxious Fumes+1","Cloak And Dagger","Dodge and Roll","Riddle With Holes","Blur"],"relics":["Ring of the Snake"],"acts_visited":["Exordium"],"potions_floor_usage":[4,5],"damage_taken":[{"damage":0,"enemies":"Cultist","floor":1,"turns":4},{"damage":3,"enemies":"Small Slimes","floor":2,"turns":3},{"damage":8,"enemies":"Jaw Worm","floor":3,"turns":5},{"damage":0,"enemies":"2 Fungi Beasts","floor":4,"turns":4},{"damage":5,"enemies":"Looter","floor":5,"turns":3},{"damage":42,"enemies":"Gremlin Nob","floor":7,"turns":5}],"seed_played":"-8649620025621694877","potions_obtained":[{"floor":1,"key":"Explosive Potion"},{"floor":3,"key":"Explosive Potion"},{"floor":4,"key":"GamblersBrew"}],"is_trial":false,"path_per_floor":["M","M","M","M","M","R","E"],"character_chosen":"THE_SILENT","items_purchased":[],"campfire_rested":0,"item_purchase_floors":[],"current_hp_per_floor":[59,56,48,48,43,43,1,1],"gold":161,"neow_bonus":"THREE_CARDS","is_daily":false,"chose_seed":false,"campfire_upgraded":1,"win_rate":0.0,"timestamp":1613314092,"path_taken":["M","M","M","M","M","R","E"],"items_purchased_type":[],"build_version":"2020-12-22","purchased_purges":0,"victory":false,"max_hp_per_floor":[66,66,66,66,66,66,66,66],"card_choices":[{"not_picked":["Flechettes","Outmaneuver"],"picked":"Sucker Punch","floor":0},{"not_picked":["Infinite Blades","Quick Slash"],"picked":"Noxious Fumes","floor":1},{"not_picked":["Sucker Punch","Noxious Fumes"],"picked":"Cloak And Dagger","floor":2},{"not_picked":["Reflex","Choke"],"picked":"Dodge and Roll","floor":3},{"not_picked":["Cloak And Dagger","Dodge and Roll"],"picked":"Riddle With Holes","floor":4},{"not_picked":["Acrobatics","Expertise"],"picked":"Blur","floor":5}],"player_experience":248912,"relics_obtained":[],"event_choices":[],"is_beta":false,"boss_relics":[],"items_purged_floors":[],"is_endless":false,"potions_floor_spawned":[1,3,4],"killed_by":"Gremlin Nob","ascension_level":16}}