{"host":"u7bb6mvzuirwfcqo","time":1613322462,"event":{"mods":["2.2 Compatiblity","AchievementEnabler","BaseMod","Card Forge","Downfall","Hermit","Minty Spire (QoL Compilation)","Relic Stats","StSLib"],"gold_per_floor":[115,115,127,146,158,175,192,192,192,208,0,19,19,50,50,147,147,157,172,172,186,186,186,211,211,211,230,119,148,164,164,164],"floor_reached":31,"language":"ENG","playtime":1432,"items_purged":["downfall:Bewildered"],"score":306,"play_id":"a75793ce-b163-47f1-9559-7b1c881e1fe6","local_time":"20210214120742","is_ascension_mode":false,"campfire_choices":[{"floor":8.0,"key":"REST"},{"data":"champ:DancingMaster","floor":13.0,"key":"SMITH"},{"data":"champ:Taunt","floor":15.0,"key":"SMITH"},{"data":"champ:Lariat","floor":23.0,"key":"SMITH"}],"circlet_count":0,"master_deck":["champ:Strike","champ:Strike","champ:Strike","champ:Strike","champ:Defend","champ:Defend","champ:Defend","champ:Defend","champ:Execute+1","champ:Taunt+1","champ:DancingMaster+1","champ:FanOfKnives","champ:GutPunch","champ:FanOfKnives","champ:PreciseThrust","champ:StanceDance","champ:FaceSlap","champ:StanceDance","champ:UltimateStance","champ:Lariat+1","champ:MurderStrike","champ:Endure","champ:StanceDance+1","J.A.X.","champ:BladeFlurry","champ:DancingMaster","champ:GladiatorStyle","champ:ShieldSlam","champ:EnGarde","champ:ShieldWall"],"relics":["champ:ChampionCrown","Hammer of Thor","Seething Fire","Anvil of the Gods","Bottled Tornado","PreservedInsect","Ornamental Fan","Cursed Key","Orichalcum","champ:DefensiveTrainingManual","InkBottle","Molten Egg 2"],"acts_visited":["Exordium","TheCity"],"potions_floor_usage":[30,31],"damage_taken":[{"damage":20.0,"enemies":"Small Slimes","floor":1.0,"turns":5.0},{"damage":22.0,"enemies":"Cultist","floor":3.0,"turns":4.0},{"damage":16.0,"enemies":"2 Louse","floor":4.0,"turns":2.0},{"damage":22.0,"enemies":"Blue Slaver","floor":5.0,"turns":3.0},{"damage":28.0,"enemies":"Exordium Wildlife","floor":6.0,"turns":5.0},{"damage":27.0,"enemies":"Red Slaver","floor":7.0,"turns":4.0},{"damage":7.0,"enemies":"2 Fungi Beasts","floor":10.0,"turns":2.0},{"damage":0.0,"enemies":"3 Louse","floor":12.0,"turns":2.0},{"damage":29.0,"enemies":"Lagavulin","floor":14.0,"turns":4.0},{"damage":47.0,"enemies":"Hexaghost","floor":16.0,"turns":9.0},{"damage":23.0,"enemies":"Shell Parasite","floor":18.0,"turns":3.0},{"damage":47.0,"enemies":"Chosen","floor":19.0,"turns":6.0},{"damage":31.0,"enemies":"Snake Plant","floor":21.0,"turns":4.0},{"damage":25.0,"enemies":"Book of Stabbing","floor":24.0,"turns":4.0},{"damage":53,"enemies":"Centurion and Healer","floor":27,"turns":5},{"damage":28,"enemies":"Gremlin Leader","floor":29,"turns":5},{"damage":19,"enemies":"3 Cultists","floor":30,"turns":7},{"damage":1,"enemies":"Snake Plant","floor":31,"turns":3}],"seed_played":"5024628187450286856","potions_obtained":[{"floor":1.0,"key":"DuplicationPotion"},{"floor":4.0,"key":"SteroidPotion"},{"floor":10.0,"key":"ColorlessPotion"},{"floor":18.0,"key":"champ:OpenerPotion"},{"floor":21.0,"key":"LiquidMemories"},{"floor":27,"key":"Block Potion"},{"floor":30,"key":"sneckomod:MuddlingPotion"}],"is_trial":false,"path_per_floor":["M","?","M","M","M","M","M","R","T","M","$","M","R","E","R","B",null,"M","M","?","M","?","R","E","?","T","M","$","E","M","M"],"character_chosen":"THE_CHAMP","items_purchased":["champ:StanceDance","PreservedInsect","champ:ShieldSlam"],"campfire_rested":1,"item_purchase_floors":[11,11,28],"current_hp_per_floor":[90,90,83,77,65,52,35,62,62,55,55,55,55,41,41,29,90,87,75,75,54,54,54,44,44,44,23,23,20,1,0,0],"gold":164,"neow_bonus":"ONE_RANDOM_RARE_CARD","is_daily":false,"chose_seed":false,"campfire_upgraded":3,"win_rate":0.0,"timestamp":1613322462,"path_taken":["M","?","M","M","?","M","M","R","T","M","$","M","R","E","R","BOSS","M","M","?","M","?","R","E","?","T","M","$","E","M","M"],"items_purchased_type":["Card","Relic","Card"],"build_version":"2020-12-22","purchased_purges":1,"victory":false,"max_hp_per_floor":[90,90,90,90,90,90,90,90,90,90,90,90,90,90,90,90,90,90,90,90,90,90,90,90,90,90,90,90,90,90,90,90],"relic_stats":{"counters":[18,77],"Ornamental Fan":[64],"PreservedInsect":117,"Orichalcum":[0],"Cursed Key":1,"obtain_stats":[{"Anvil of the Gods":0,"Ornamental Fan":14,"champ:DefensiveTrainingManual":25,"champ:ChampionCrown":0,"Molten Egg 2":29,"Hammer of Thor":0,"PreservedInsect":11,"Seething Fire":0,"Bottled Tornado":9,"Orichalcum":24,"Cursed Key":17,"InkBottle":26},{"Anvil of the Gods":0,"Ornamental Fan":9,"champ:DefensiveTrainingManual":14,"champ:ChampionCrown":0,"Molten Egg 2":16,"Hammer of Thor":0,"PreservedInsect":7,"Seething Fire":0,"Bottled Tornado":6,"Orichalcum":14,"Cursed Key":10,"InkBottle":14},{"Anvil of the Gods":0,"Ornamental Fan":31,"champ:DefensiveTrainingManual":57,"champ:ChampionCrown":0,"Molten Egg 2":67,"Hammer of Thor":0,"PreservedInsect":25,"Seething Fire":0,"Bottled Tornado":23,"Orichalcum":57,"Cursed Key":40,"InkBottle":57}],"InkBottle":[9]},"card_choices":[{"not_picked":["champ:PreemptiveStrike","champ:FlashCut"],"picked":"champ:FanOfKnives","floor":1.0},{"not_picked":["champ:Shatter","champ:DeathBlow"],"picked":"champ:GutPunch","floor":3.0},{"not_picked":["champ:BringItOn","champ:CrookedStrike"],"picked":"champ:FanOfKnives","floor":4.0},{"not_picked":["champ:CrookedStrike","champ:EnGarde"],"picked":"champ:PreciseThrust","floor":5.0},{"not_picked":["champ:CrownThrow","champ:ViciousMockery"],"picked":"champ:StanceDance","floor":6.0},{"not_picked":["champ:PerfectedStrike","champ:GutPunch"],"picked":"champ:FaceSlap","floor":7.0},{"not_picked":["champ:CrownThrow","champ:EndlessRage","champ:Shatter"],"picked":"SKIP","floor":10.0},{"not_picked":["champ:Backstep","champ:SkillfulDodge"],"picked":"champ:UltimateStance","floor":12.0},{"not_picked":["champ:Shatter","champ:EndlessRage"],"picked":"champ:Lariat","floor":14.0},{"not_picked":["champ:IgnorePain","champ:CheapShot"],"picked":"champ:MurderStrike","floor":16.0},{"not_picked":["champ:StanceDance","champ:Haymaker"],"picked":"champ:Endure","floor":18.0},{"not_picked":["champ:PerfectedStrike","champ:FanOfKnives"],"picked":"champ:StanceDance+1","floor":19.0},{"not_picked":["champ:Circumvent","champ:EnragedBash"],"picked":"champ:BladeFlurry","floor":21.0},{"not_picked":["champ:EnragedBash+1","champ:EnGarde"],"picked":"champ:DancingMaster","floor":24},{"not_picked":["champ:Shatter","champ:EnragedBash"],"picked":"champ:GladiatorStyle","floor":27},{"not_picked":["champ:Duel+1","champ:SkillfulDodge"],"picked":"champ:EnGarde","floor":29},{"not_picked":["champ:Parry","champ:FocusedDefense"],"picked":"champ:ShieldWall","floor":30}],"player_experience":50269,"relics_obtained":[{"floor":9.0,"key":"Bottled Tornado"},{"floor":14.0,"key":"Ornamental Fan"},{"floor":24,"key":"Orichalcum"},{"floor":26,"key":"InkBottle"},{"floor":29,"key":"Molten Egg 2"}],"event_choices":[{"damage_healed":0.0,"max_hp_gain":0.0,"max_hp_loss":0.0,"gold_gain":0.0,"event_name":"Upgrade Shrine","player_choice":"Upgraded","floor":2.0,"gold_loss":0.0,"damage_taken":0.0,"cards_upgraded":["champ:Execute"]},{"damage_healed":0.0,"max_hp_gain":0.0,"max_hp_loss":0.0,"gold_gain":0.0,"event_name":"Drug Dealer","player_choice":"Obtain J.A.X.","floor":20.0,"gold_loss":0.0,"damage_taken":0.0,"cards_obtained":["J.A.X."]},{"damage_healed":0.0,"max_hp_gain":0.0,"max_hp_loss":0.0,"gold_gain":0.0,"event_name":"Vampires","player_choice":"Ignored","floor":22.0,"gold_loss":0.0,"damage_taken":0.0}],"is_beta":false,"boss_relics":[{"not_picked":["Philosopher\u0027s Stone","SlaversCollar"],"picked":"Cursed Key"}],"items_purged_floors":[28],"is_endless":false,"potions_floor_spawned":[1,4,10,12,18,21,27,30],"killed_by":"Snake Plant","ascension_level":0}}