{"host":"hlz9nytggqnehs39","time":1613325015,"event":{"mods":["BaseMod","Highlight Path","Minty Spire (QoL Compilation)","Relic Stats"],"gold_per_floor":[118,134,153,167,242,270,20,20,95,111,140,3,19,32,32,104,104,115,125,50,50,50,50,61,95,95,95,107,143,163,182,182,269,269,296,296,319,1,24,65,65,109,109,109,129,154,154,170,170,170],"floor_reached":51,"language":"ENG","playtime":3279,"items_purged":["Strike_G","Strike_G"],"score":1555,"play_id":"ec724eb5-46ea-4f0a-9719-8e7138ed47a9","local_time":"20210214185015","is_ascension_mode":true,"campfire_choices":[{"floor":8,"key":"REST"},{"data":"Well Laid Plans","floor":15,"key":"SMITH"},{"data":"Night Terror","floor":23,"key":"SMITH"},{"floor":32,"key":"REST"},{"data":"Accuracy","floor":41,"key":"SMITH"},{"floor":47,"key":"REST"},{"floor":49,"key":"REST"}],"circlet_count":0,"master_deck":["AscendersBane","Strike_G","Strike_G","Defend_G","Defend_G","Defend_G","Defend_G","Defend_G","Survivor","Neutralize","Dagger Spray","Blade Dance","Noxious Fumes","PiercingWail","Backflip","Terror","Dash","Crippling Poison","Well Laid Plans+1","Cloak And Dagger","Escape Plan","Infinite Blades","Night Terror+1","Accuracy+1","Deflect","Blade Dance","Escape Plan+1","Deflect+1","Accuracy+1","Adrenaline","After Image","Acrobatics+1","Backflip","Dodge and Roll","PiercingWail","Corpse Explosion"],"relics":["Ring of the Snake","Du-Vu Doll","ClockworkSouvenir","Kunai","Oddly Smooth Stone","Philosopher\u0027s Stone","Shuriken","Bag of Marbles","Ninja Scroll","CeramicFish","Cursed Key","Anchor","Strawberry","Juzu Bracelet","Pocketwatch"],"acts_visited":["Exordium","TheCity","TheBeyond"],"potions_floor_usage":[6,6,25,25,30,33,39,42,42,46,50],"damage_taken":[{"damage":5,"enemies":"Cultist","floor":1,"turns":4},{"damage":0,"enemies":"Jaw Worm","floor":2,"turns":3},{"damage":0,"enemies":"Small Slimes","floor":3,"turns":2},{"damage":2,"enemies":"2 Fungi Beasts","floor":4,"turns":5},{"damage":19,"enemies":"3 Sentries","floor":6,"turns":7},{"damage":1,"enemies":"Blue Slaver","floor":10,"turns":3},{"damage":0,"enemies":"Gremlin Nob","floor":11,"turns":3},{"damage":1,"enemies":"Looter","floor":13,"turns":3},{"damage":0,"enemies":"2 Fungi Beasts","floor":14,"turns":3},{"damage":15,"enemies":"Hexaghost","floor":16,"turns":9},{"damage":2,"enemies":"Shell Parasite","floor":18,"turns":6},{"damage":6,"enemies":"Spheric Guardian","floor":19,"turns":6},{"damage":0,"enemies":"Snecko","floor":24,"turns":3},{"damage":2,"enemies":"Book of Stabbing","floor":25,"turns":5},{"damage":0,"enemies":"Centurion and Healer","floor":28,"turns":5},{"damage":0,"enemies":"Slavers","floor":29,"turns":6},{"damage":0,"enemies":"3 Cultists","floor":30,"turns":3},{"damage":7,"enemies":"Sentry and Sphere","floor":31,"turns":4},{"damage":0,"enemies":"Champ","floor":33,"turns":6},{"damage":15,"enemies":"3 Darklings","floor":35,"turns":4},{"damage":0,"enemies":"Orb Walker","floor":37,"turns":3},{"damage":0,"enemies":"Transient","floor":39,"turns":5},{"damage":7,"enemies":"Giant Head","floor":40,"turns":4},{"damage":24,"enemies":"Reptomancer","floor":42,"turns":4},{"damage":3,"enemies":"Sphere and 2 Shapes","floor":45,"turns":2},{"damage":0,"enemies":"Mind Bloom Boss Battle","floor":46,"turns":6},{"damage":9,"enemies":"Spire Growth","floor":48,"turns":4},{"damage":7,"enemies":"Awakened One","floor":50,"turns":15}],"seed_played":"-5781865637261203989","potions_obtained":[{"floor":2,"key":"LiquidBronze"},{"floor":3,"key":"SpeedPotion"},{"floor":10,"key":"SpeedPotion"},{"floor":11,"key":"Dexterity Potion"},{"floor":13,"key":"AttackPotion"},{"floor":25,"key":"PowerPotion"},{"floor":29,"key":"CunningPotion"},{"floor":35,"key":"Explosive Potion"},{"floor":39,"key":"AttackPotion"},{"floor":42,"key":"ColorlessPotion"},{"floor":45,"key":"AttackPotion"}],"is_trial":false,"path_per_floor":["M","M","M","M","?","E","$","R","T","M","E","$","M","M","R","B",null,"M","M","$","?","T","R","M","E","T","?","M","E","M","M","R","B",null,"M","?","M","$","M","E","R","E","T","?","M","?","R","M","R","B",null],"character_chosen":"THE_SILENT","items_purchased":["ClockworkSouvenir","Terror","Well Laid Plans","Cloak And Dagger","Anchor","Weak Potion"],"campfire_rested":4,"item_purchase_floors":[7,7,12,12,38,38],"current_hp_per_floor":[54,54,54,52,41,22,22,41,41,40,40,40,39,39,39,24,56,54,48,48,48,48,48,48,46,46,46,46,46,46,39,58,58,64,49,49,49,49,49,49,49,25,25,25,22,22,43,34,55,48],"gold":170,"neow_bonus":"THREE_CARDS","is_daily":false,"chose_seed":false,"campfire_upgraded":3,"win_rate":0.0,"timestamp":1613325015,"path_taken":["M","M","M","?","?","E","$","R","T","M","E","?","?","M","R","BOSS","M","?","$","?","?","R","M","E","T","?","M","E","M","M","R","BOSS","M","?","M","$","M","E","R","E","T","?","M","?","R","M","R","BOSS"],"items_purchased_type":["Relic","Card","Card","Card","Relic","Potion"],"build_version":"2020-12-22","purchased_purges":2,"victory":true,"max_hp_per_floor":[66,66,66,66,66,66,66,66,66,66,66,66,66,66,66,66,66,66,66,66,66,66,66,66,66,66,66,66,66,66,66,66,66,66,66,63,63,63,63,70,70,70,70,70,70,70,70,70,70,70],"relic_stats":{"counters":[28,133],"Shuriken":[62],"CeramicFish":72,"Juzu Bracelet":1,"Kunai":[79],"Cursed Key":0,"obtain_stats":[{"CeramicFish":29,"Oddly Smooth Stone":11,"Juzu Bracelet":42,"Cursed Key":34,"ClockworkSouvenir":7,"Du-Vu Doll":6,"Anchor":38,"Shuriken":22,"Ninja Scroll":26,"Strawberry":40,"Philosopher\u0027s Stone":17,"Bag of Marbles":25,"Kunai":9,"Ring of the Snake":0,"Pocketwatch":46},{"CeramicFish":16,"Oddly Smooth Stone":7,"Juzu Bracelet":24,"Cursed Key":19,"ClockworkSouvenir":5,"Du-Vu Doll":5,"Anchor":21,"Shuriken":12,"Ninja Scroll":14,"Strawberry":23,"Philosopher\u0027s Stone":10,"Bag of Marbles":14,"Kunai":5,"Ring of the Snake":0,"Pocketwatch":26},{"CeramicFish":73,"Oddly Smooth Stone":27,"Juzu Bracelet":106,"Cursed Key":86,"ClockworkSouvenir":21,"Du-Vu Doll":21,"Anchor":93,"Shuriken":54,"Ninja Scroll":62,"Strawberry":102,"Philosopher\u0027s Stone":42,"Bag of Marbles":62,"Kunai":21,"Ring of the Snake":0,"Pocketwatch":114}],"Ring of the Snake":[56],"Pocketwatch":[3]},"card_choices":[{"not_picked":["Distraction","Dodge and Roll"],"picked":"Dagger Spray","floor":0},{"not_picked":["Prepared","Flying Knee"],"picked":"Blade Dance","floor":1},{"not_picked":["Heel Hook","Underhanded Strike","Bane"],"picked":"SKIP","floor":2},{"not_picked":["Bouncing Flask","Slice"],"picked":"Noxious Fumes","floor":3},{"not_picked":["Poisoned Stab","Predator"],"picked":"PiercingWail","floor":4},{"not_picked":["Caltrops","Slice"],"picked":"Backflip","floor":6},{"not_picked":["Terror","Dagger Throw"],"picked":"Dash","floor":10},{"not_picked":["Grand Finale","Escape Plan"],"picked":"Crippling Poison","floor":11},{"not_picked":["Concentrate","Riddle With Holes"],"picked":"Escape Plan","floor":13},{"not_picked":["Crippling Poison","Acrobatics"],"picked":"Infinite Blades","floor":14},{"not_picked":["Glass Knife","Malaise"],"picked":"Night Terror","floor":16},{"not_picked":["Distraction","Quick Slash"],"picked":"Accuracy","floor":18},{"not_picked":["Bouncing Flask","Dagger Spray"],"picked":"Deflect","floor":19},{"not_picked":["Deflect+1","Setup"],"picked":"Blade Dance","floor":24},{"not_picked":["Bane","Flying Knee","Escape Plan+1"],"picked":"SKIP","floor":25},{"not_picked":["Bane","Flying Knee"],"picked":"Escape Plan+1","floor":25},{"not_picked":["Poisoned Stab+1","Noxious Fumes"],"picked":"Deflect+1","floor":28},{"not_picked":["Prepared","Outmaneuver"],"picked":"Accuracy","floor":29},{"not_picked":["Dagger Throw","Deadly Poison"],"picked":"Adrenaline","floor":30},{"not_picked":["Terror","Acrobatics","Calculated Gamble"],"picked":"SKIP","floor":31},{"not_picked":["Malaise","Storm of Steel"],"picked":"After Image","floor":33},{"not_picked":["Dagger Throw+1","Poisoned Stab+1"],"picked":"Acrobatics+1","floor":35},{"not_picked":["Outmaneuver","Concentrate+1"],"picked":"Backflip","floor":37},{"not_picked":["Flying Knee","Crippling Poison"],"picked":"Dodge and Roll","floor":39},{"not_picked":["Sucker Punch","Dagger Spray"],"picked":"PiercingWail","floor":40},{"not_picked":["Wraith Form v2","Crippling Poison"],"picked":"Corpse Explosion","floor":42},{"not_picked":["Flying Knee","Underhanded Strike","Acrobatics"],"picked":"SKIP","floor":45},{"not_picked":["Quick Slash","Deadly Poison","Concentrate"],"picked":"SKIP","floor":48}],"player_experience":445538,"relics_obtained":[{"floor":6,"key":"Du-Vu Doll"},{"floor":9,"key":"Kunai"},{"floor":11,"key":"Oddly Smooth Stone"},{"floor":22,"key":"Shuriken"},{"floor":25,"key":"Bag of Marbles"},{"floor":26,"key":"Ninja Scroll"},{"floor":29,"key":"CeramicFish"},{"floor":40,"key":"Strawberry"},{"floor":42,"key":"Juzu Bracelet"},{"floor":46,"key":"Pocketwatch"}],"event_choices":[{"damage_healed":0,"gold_gain":75,"player_choice":"Gather Gold","damage_taken":11,"max_hp_gain":0,"max_hp_loss":0,"event_name":"World of Goop","floor":5,"gold_loss":0},{"damage_healed":0,"gold_gain":0,"player_choice":"Ignored","damage_taken":0,"max_hp_gain":0,"max_hp_loss":0,"event_name":"Vampires","floor":21,"gold_loss":0},{"damage_healed":0,"gold_gain":0,"player_choice":"Upgraded","damage_taken":0,"max_hp_gain":0,"max_hp_loss":0,"event_name":"Upgrade Shrine","floor":27,"gold_loss":0,"cards_upgraded":["Accuracy"]},{"damage_healed":0,"gold_gain":0,"player_choice":"Max HP","damage_taken":0,"max_hp_gain":0,"max_hp_loss":3,"event_name":"Winding Halls","floor":36,"gold_loss":0},{"cards_removed":["Strike_G"],"damage_healed":0,"gold_gain":0,"player_choice":"Removed Attack","damage_taken":0,"max_hp_gain":0,"max_hp_loss":0,"event_name":"Falling","floor":44,"gold_loss":0},{"damage_healed":0,"gold_gain":0,"player_choice":"Fight","damage_taken":0,"max_hp_gain":0,"max_hp_loss":0,"event_name":"MindBloom","floor":46,"gold_loss":0}],"is_beta":false,"boss_relics":[{"not_picked":["Fusion Hammer","Velvet Choker"],"picked":"Philosopher\u0027s Stone"},{"not_picked":["HoveringKite","Snecko Eye"],"picked":"Cursed Key"}],"items_purged_floors":[20,38],"is_endless":false,"potions_floor_spawned":[2,3,10,11,13,14,18,19,25,29,35,39,42,45],"ascension_level":16}}