{"host":"hpn0uxah5qjr7pa6","time":1613264145,"event":{"mods":["2.2 Compatiblity","Act Like it!","Aspiration","BaseMod","Better Third Choice","BetterRewards","Challenge The Spire","Colored Powertips","Conspire","DeckTracker","Downfall","Energized Spire","Hallownest","Hermit","Highlight Path","Hubris","Infinite Spire","Minty Spire (QoL Compilation)","Permanent Neow","Quick Restart","Rare Cards Sparkle","Replay The Spire","Spicy Shops","StSLib","The Bug Knight","The Jungle"],"gold_per_floor":[213,228,240,340,22,38,107,107,107,122,47,47,75,117,117,241,241,279,317,317,417,455,483,483,483],"floor_reached":23,"language":"ENG","playtime":855,"items_purged":["bronze:Goto"],"score":305,"play_id":"3aef874d-be06-4bf1-b4c9-1c520366fac4","local_time":"20210213165545","is_ascension_mode":true,"campfire_choices":[{"floor":8,"key":"REST"},{"floor":12,"key":"REST"},{"floor":15,"key":"REST"}],"circlet_count":0,"master_deck":["bronze:Strike","bronze:Strike","bronze:Strike","bronze:Strike","bronze:Defend","bronze:Defend","bronze:Defend","bronze:Defend","bronze:Replicate","bronze:DelayedSlice","bronze:OilSpill+1","bronze:BronzeOrb","bronze:OilSpill","bronze:OilSpill","bronze:BronzeOrb+1","bronze:OilSpill+1","bronze:OilSpill"],"relics":["bronze:BronzeCore","hubris:MysteriousPyramids","Replay:Bandana","aspiration:FutureDiary","Replay:Wanted Poster","Replay:Towering Pillar of Hats"],"acts_visited":["Exordium","TheCity"],"potions_floor_usage":[6,10,13,14,16,16,16,22,23],"damage_taken":[{"damage":4,"enemies":"conspire:RoseBush","floor":1,"turns":4},{"damage":19,"enemies":"infinitespire:Voidling","floor":2,"turns":5},{"damage":4,"enemies":"Small Slimes","floor":3,"turns":3},{"damage":0,"enemies":"downfall:FleeingMerchant","floor":5,"turns":4},{"damage":20,"enemies":"conspire:2 RoseBushes","floor":6,"turns":6},{"damage":0,"enemies":"Red Slaver","floor":10,"turns":2},{"damage":0,"enemies":"downfall:FleeingMerchant","floor":11,"turns":4},{"damage":15,"enemies":"Replay:BlueRogue","floor":13,"turns":3},{"damage":0,"enemies":"Gremlin Gang","floor":14,"turns":3},{"damage":33,"enemies":"DF_ARCHETYPE_STREAMLINE","floor":16,"turns":6},{"damage":29,"enemies":"conspire:FuzzyDice","floor":18,"turns":4},{"damage":0,"enemies":"3 Byrds","floor":19,"turns":4},{"damage":21,"enemies":"Snake Plant","floor":22,"turns":3},{"damage":17,"enemies":"conspire:Head Lice","floor":23,"turns":2}],"seed_played":"511564267808212107","potions_obtained":[{"floor":2,"key":"Ancient Potion"},{"floor":9,"key":"Adrenaline Potion"},{"floor":9,"key":"CultistPotion"},{"floor":9,"key":"DuplicationPotion"},{"floor":10,"key":"AttackPotion"},{"floor":13,"key":"bronze:BuildAFunctionPotion"},{"floor":14,"key":"Guardian:BlockOnCardUsePotion"},{"floor":18,"key":"Venom Potion"},{"floor":22,"key":"Adrenaline Potion"}],"is_trial":false,"path_per_floor":["M","M","M","?","$","M","T","R","?","M","$","R","E","M","R","B",null,"M","M","?","AVR","M","E"],"character_chosen":"THE_AUTOMATON","items_purchased":["bronze:OilSpill","Garlic","bronze:BronzeOrb+1"],"campfire_rested":3,"item_purchase_floors":[5,5,11],"current_hp_per_floor":[59,49,45,45,45,25,25,46,46,46,46,67,52,52,70,37,62,33,33,33,33,12,0,0,0],"gold":483,"neow_bonus":"HUNDRED_GOLD","is_daily":false,"chose_seed":false,"campfire_upgraded":0,"win_rate":0.0,"timestamp":1613264145,"path_taken":["M","M","M","?","$","?","T","R","?","?","$","R","E","M","R","BOSS","M","M","?","AVR","M","E"],"items_purchased_type":["Card","Relic","Card"],"build_version":"2020-12-22","purchased_purges":1,"victory":false,"max_hp_per_floor":[70,70,70,70,70,70,70,70,70,70,70,70,70,70,70,70,70,70,70,70,70,70,70,70,70],"card_choices":[{"not_picked":["bronze:WildBeam","bronze:Turbo","bronze:DelayedGuard"],"picked":"SKIP","floor":1},{"not_picked":["bronze:FineTuning","bronze:Overheat"],"picked":"bronze:DelayedSlice","floor":2},{"not_picked":["bronze:FineTuning","bronze:Iterate","bronze:Return"],"picked":"SKIP","floor":3},{"not_picked":["bronze:Refactor","bronze:Philosophize","bronze:Shell"],"picked":"SKIP","floor":5},{"not_picked":["bronze:Deprecate","bronze:BitShift"],"picked":"bronze:BronzeOrb","floor":6},{"not_picked":["bronze:Overheat","bronze:CutThrough"],"picked":"bronze:OilSpill","floor":10},{"not_picked":["bronze:Safeguard","bronze:Deprecate"],"picked":"bronze:OilSpill","floor":11},{"not_picked":["bronze:DelayedGuard","bronze:Mutator","bronze:BitShift"],"picked":"SKIP","floor":13},{"not_picked":["bronze:BitShift","bronze:Constructor","bronze:Deprecate"],"picked":"SKIP","floor":14},{"not_picked":["bronze:Refactor","bronze:GetLatest+1","bronze:Allocate"],"picked":"SKIP","floor":18},{"not_picked":["bronze:Frontload","bronze:BuggyMess"],"picked":"bronze:OilSpill+1","floor":19},{"not_picked":["bronze:Deprecate","bronze:FineTuning"],"picked":"bronze:OilSpill","floor":22}],"player_experience":238535,"relics_obtained":[{"floor":7,"key":"hubris:MysteriousPyramids"},{"floor":13,"key":"Replay:Bandana"}],"event_choices":[],"is_beta":false,"boss_relics":[{"not_picked":["Kintsugi","Empty Cage"],"picked":"aspiration:FutureDiary"}],"items_purged_floors":[21],"is_endless":false,"potions_floor_spawned":[2,10,13,14,18,22],"killed_by":"conspire:Head Lice","ascension_level":9}}