{"host":"v9duy90nce28uent","time":1613346259,"event":{"mods":["BaseMod","Colored Map","Colored Powertips","Conspire","Downfall","Friendly Minions","Hermit","Highlight Path","Hubris","Infinite Spire","Jorbs\u0027s Wanderer Trilogy","Minty Spire (QoL Compilation)","Quick Restart","Rare Cards Sparkle","Replay The Spire","StSLib","The Cursed","The Disciple","The Hierophant","The Jungle","The Mystic","The Runesmith","slay the spire mod where everything is the same but ironclad has a cowboy hat"],"gold_per_floor":[112,32,32,50,95,124,124,139,189,201,201,201,212,224,224,325,325,336,352,367,387,156,156,156,174,198,198,213,226,55,74,74,74,74],"floor_reached":33,"language":"ENG","playtime":4563,"items_purged":["Strike_R","Strike_R"],"score":278,"play_id":"41d6ca1e-4b9c-48bf-beeb-96f3cb1dba6b","local_time":"20210214184419","is_ascension_mode":false,"campfire_choices":[{"data":"Infernal Blade","floor":7,"key":"SMITH"},{"data":"Body Slam","floor":11,"key":"SMITH"},{"data":"Bloodletting","floor":15,"key":"SMITH"},{"floor":23,"key":"REST"},{"floor":27,"key":"REST"},{"floor":32,"key":"REST"}],"circlet_count":0,"master_deck":["Strike_R+1","Strike_R","Strike_R+1","Defend_R","Defend_R","Defend_R","Defend_R","Bash","conspire:ExplosiveBarrier","Infernal Blade+1","Body Slam+1","Bloodletting+1","Offering+1","Amnesia","hermit:Covet","Berserk+1","Trip","infinitespire:Starlight","Entrench+1","Metallicize"],"relics":["Burning Blood","NeowsBlessing","Centennial Puzzle","hubris:TenFootPole","Whetstone","hubris:ToyBattleship","ReplayTheSpireMod:SealedPack","Guide Book","conspire:TopHat","Bag of Marbles"],"acts_visited":["Exordium","Exordium"],"potions_floor_usage":[20],"damage_taken":[{"damage":0,"enemies":"2 Louse","floor":1,"turns":1},{"damage":0,"enemies":"Cultist","floor":4,"turns":1},{"damage":0,"enemies":"Lagavulin","floor":6,"turns":1},{"damage":12,"enemies":"infinitespire:Voidling","floor":8,"turns":3},{"damage":8,"enemies":"Lots of Slimes","floor":10,"turns":5},{"damage":4,"enemies":"Gremlin Gang","floor":13,"turns":3},{"damage":6,"enemies":"Exordium Thugs","floor":14,"turns":4},{"damage":33,"enemies":"Hexaghost","floor":16,"turns":5},{"damage":14,"enemies":"theJungle:5_Spyders","floor":18,"turns":6},{"damage":24,"enemies":"theJungle:Flameango_and_Byrd","floor":19,"turns":5},{"damage":53,"enemies":"theJungle:2_Snecko_Cultists","floor":20,"turns":7},{"damage":12,"enemies":"theJungle:JungleHuntersEncounter","floor":21,"turns":4},{"damage":35,"enemies":"theJungle:Lyon","floor":25,"turns":4},{"damage":22,"enemies":"theJungle:2_Flameangoes","floor":28,"turns":9},{"damage":27,"enemies":"Snake Plant","floor":29,"turns":3},{"damage":47,"enemies":"theJungle:SlimyTreeVines","floor":31,"turns":16},{"damage":55,"enemies":"theJungle:TotemBoss","floor":33,"turns":5}],"seed_played":"5628256602378189676","potions_obtained":[{"floor":8,"key":"Adrenaline Potion"},{"floor":13,"key":"SpeedPotion"},{"floor":14,"key":"BlessingOfTheForge"},{"floor":20,"key":"Dexterity Potion"}],"is_trial":false,"path_per_floor":["M","?","$","M","T","E","R","M","T","M","R","?","M","M","R","B",null,"M","M","M","M","$","R","T","M","T","R","M","M","$","M","R","B"],"character_chosen":"IRONCLAD","items_purchased":["Guide Book","Metallicize"],"campfire_rested":3,"item_purchase_floors":[22,30],"current_hp_per_floor":[80,80,80,80,80,80,80,78,78,76,76,76,78,78,78,51,80,72,64,27,31,31,55,55,36,36,60,54,43,43,18,42,0,0],"gold":74,"neow_bonus":"THREE_ENEMY_KILL","is_daily":false,"chose_seed":false,"campfire_upgraded":3,"win_rate":0.0,"timestamp":1613346259,"path_taken":["M","?","$","?","?","E","R","M","T","M","R","?","M","?","R","BOSS","M","?","?","M","$","R","?","M","T","R","M","M","?","M","R","BOSS"],"items_purchased_type":["Relic","Card"],"build_version":"2020-12-22","purchased_purges":2,"victory":false,"max_hp_per_floor":[80,80,80,80,80,80,80,80,80,80,80,80,80,80,80,80,80,80,80,80,80,80,80,80,80,80,80,80,80,80,80,80,80,80],"card_choices":[{"not_picked":["Cleave","Combust"],"picked":"conspire:ExplosiveBarrier","floor":1},{"not_picked":["True Grit","Armaments"],"picked":"Infernal Blade","floor":4},{"not_picked":["Dropkick","Sword Boomerang","Iron Wave"],"picked":"SKIP","floor":6},{"not_picked":["Sword Boomerang","Twin Strike"],"picked":"Body Slam","floor":8},{"not_picked":["Thunderclap","Cleave"],"picked":"Bloodletting","floor":10},{"not_picked":["Feel No Pain","Carnage","Perfected Strike"],"picked":"SKIP","floor":13},{"not_picked":["Hemogenesis","Thunderclap","Sword Boomerang"],"picked":"SKIP","floor":14},{"not_picked":["Hemogenesis","Feed"],"picked":"Offering","floor":16},{"not_picked":["mysticmod:ShockingGrasp","sneckomod:SnekBite"],"picked":"hermit:Covet","floor":17},{"not_picked":["Corruption","conspire:HitWhereItHurts"],"picked":"Berserk","floor":17},{"not_picked":["ReplayTheSpireMod:Uncanny Aura","Enlightenment"],"picked":"Trip","floor":17},{"not_picked":["infinitespire:UltimateForm","infinitespire:FutureSight"],"picked":"infinitespire:Starlight","floor":17},{"not_picked":["Clash","Replay:Undeath\u0027s Touch","Whirlwind"],"picked":"SKIP","floor":18},{"not_picked":["Clothesline","Anger"],"picked":"Entrench+1","floor":19},{"not_picked":["Headbutt","hubris:StunningStrike","Heavy Blade"],"picked":"SKIP","floor":20},{"not_picked":["Sever Soul","Disarm","hubris:CleavingFinish"],"picked":"SKIP","floor":21},{"not_picked":["ReplayTheSpireMod:Strike From Hell","True Grit","Clothesline+1"],"picked":"SKIP","floor":25},{"not_picked":["Pommel Strike","True Grit","Fire Breathing"],"picked":"SKIP","floor":28},{"not_picked":["Headbutt","Fire Breathing","Warcry"],"picked":"SKIP","floor":29},{"not_picked":["Pommel Strike","Thunderclap+1","Cleave+1"],"picked":"SKIP","floor":31}],"player_experience":109277,"relics_obtained":[{"floor":5,"key":"hubris:TenFootPole"},{"floor":6,"key":"Whetstone"},{"floor":9,"key":"hubris:ToyBattleship"},{"floor":24,"key":"conspire:TopHat"},{"floor":26,"key":"Bag of Marbles"}],"event_choices":[{"damage_healed":0,"gold_gain":0,"player_choice":"Paid Gold","damage_taken":0,"relics_obtained":["Centennial Puzzle"],"max_hp_gain":0,"max_hp_loss":0,"event_name":"WeMeetAgain","floor":2,"gold_loss":80},{"damage_healed":0,"gold_gain":0,"player_choice":"Bought 0 Potions","damage_taken":0,"max_hp_gain":0,"max_hp_loss":0,"event_name":"The Woman in Blue","floor":12,"gold_loss":0}],"is_beta":false,"boss_relics":[{"not_picked":["Abe\u0027s Treasure","Replay:Bronze Core"],"picked":"ReplayTheSpireMod:SealedPack"}],"items_purged_floors":[22,30],"is_endless":false,"potions_floor_spawned":[8,13,14,20,21,31],"killed_by":"theJungle:TotemBoss","ascension_level":0}}