{"host":"krw8blyxua7at9ak","time":1613317507,"event":{"mods":["BaseMod","Highlight Path","Minty Spire (QoL Compilation)","ojb\u0027s Info Mod"],"gold_per_floor":[115,129,204,304,319,354,364,364,364],"floor_reached":8,"language":"ENG","playtime":236,"items_purged":[],"score":116,"play_id":"f599b53a-bdb5-4c67-a9af-79088992de25","local_time":"20210214164507","is_ascension_mode":true,"campfire_choices":[],"circlet_count":0,"master_deck":["AscendersBane","Strike_G","Strike_G","Strike_G","Strike_G","Strike_G","Defend_G","Defend_G","Defend_G","Defend_G","Defend_G","Survivor","Neutralize","Cloak And Dagger","Dagger Throw","Backstab","Dagger Spray","Phantasmal Killer"],"relics":["Ring of the Snake","NeowsBlessing","Bottled Flame"],"acts_visited":["Exordium"],"potions_floor_usage":[6,8],"damage_taken":[{"damage":0,"enemies":"Small Slimes","floor":1,"turns":1},{"damage":0,"enemies":"Jaw Worm","floor":2,"turns":1},{"damage":0,"enemies":"Cultist","floor":5,"turns":1},{"damage":27,"enemies":"3 Sentries","floor":6,"turns":9},{"damage":10,"enemies":"Gremlin Gang","floor":7,"turns":3},{"damage":39,"enemies":"Gremlin Nob","floor":8,"turns":3}],"seed_played":"9140309477560094517","potions_obtained":[{"floor":1,"key":"SteroidPotion"},{"floor":7,"key":"SkillPotion"}],"is_trial":false,"path_per_floor":["M","M","?","?","M","E","M","E"],"character_chosen":"THE_SILENT","items_purchased":[],"campfire_rested":0,"item_purchase_floors":[],"current_hp_per_floor":[59,59,48,48,48,21,11,0,0],"gold":364,"neow_bonus":"THREE_ENEMY_KILL","is_daily":false,"chose_seed":false,"campfire_upgraded":0,"win_rate":0.0,"timestamp":1613317507,"path_taken":["M","M","?","?","?","E","?","E"],"items_purchased_type":[],"build_version":"2020-12-22","purchased_purges":0,"victory":false,"max_hp_per_floor":[66,66,66,66,66,66,66,66,66],"card_choices":[{"not_picked":["Expertise","Deadly Poison"],"picked":"Cloak And Dagger","floor":1},{"not_picked":["Bane","Slice"],"picked":"Dagger Throw","floor":2},{"not_picked":["Caltrops","Deadly Poison"],"picked":"Backstab","floor":5},{"not_picked":["Noxious Fumes","Deflect"],"picked":"Dagger Spray","floor":6},{"not_picked":["Backflip","Concentrate"],"picked":"Phantasmal Killer","floor":7}],"player_experience":412671,"relics_obtained":[{"floor":6,"key":"Bottled Flame"}],"event_choices":[{"damage_healed":0,"gold_gain":75,"player_choice":"Gather Gold","damage_taken":11,"max_hp_gain":0,"max_hp_loss":0,"event_name":"World of Goop","floor":3,"gold_loss":0},{"damage_healed":0,"gold_gain":100,"player_choice":"Gold","damage_taken":0,"max_hp_gain":0,"max_hp_loss":0,"event_name":"Wheel of Change","floor":4,"gold_loss":0}],"is_beta":false,"boss_relics":[],"items_purged_floors":[],"is_endless":false,"potions_floor_spawned":[1,7],"killed_by":"Gremlin Nob","ascension_level":20}}