{"host":"jwpp8hxpigr0nknu","time":1613284962,"event":{"mods":["BaseMod","BetterRewards","Colored Map","Colored Powertips","Minty Spire (QoL Compilation)","Rare Cards Sparkle","Shop Mod","StSLib"],"gold_per_floor":[111,81,91,91,91,418,418,445,471,471,499,6,42,75,75,160,169,169,169],"floor_reached":18,"language":"ENG","playtime":990,"items_purged":["Chaos"],"score":457,"play_id":"d5b62591-3f3e-4748-b89d-a3b7d47d7b44","local_time":"20210214004242","daily_mods":["Draft","Blue Cards","Heirloom","Flight","DeadlyEvents","Elite Swarm"],"is_ascension_mode":true,"campfire_choices":[{"data":"Fusion","floor":7.0,"key":"SMITH"},{"floor":10.0,"key":"REST"},{"data":"Fission","floor":15.0,"key":"SMITH"}],"circlet_count":0,"master_deck":["AscendersBane","Beam Cell","White Noise","Skim","Glacier","Beam Cell","Undo","Leap","Cold Snap","Cold Snap","Cold Snap","Glacier","Defragment","White Noise","Chaos","Fusion+1","Amplify","Echo Form","Creative AI","Capacitor","Capacitor","Hologram","Fission+1","Meteor Strike","CurseOfTheBell"],"relics":["Cracked Core","Du-Vu Doll","Orichalcum","Old Coin","The Courier","Art of War","DataDisk","CeramicFish","MealTicket","Oddly Smooth Stone","Tiny Chest","Calling Bell","Happy Flower","Sundial","Gambling Chip"],"acts_visited":["Exordium","TheCity"],"potions_floor_usage":[],"damage_taken":[{"damage":0.0,"enemies":"2 Louse","floor":1.0,"turns":3.0},{"damage":0.0,"enemies":"Cultist","floor":3.0,"turns":4.0},{"damage":1.0,"enemies":"Lagavulin","floor":6.0,"turns":5.0},{"damage":25.0,"enemies":"Gremlin Nob","floor":8.0,"turns":6.0},{"damage":9.0,"enemies":"3 Sentries","floor":11.0,"turns":9.0},{"damage":4.0,"enemies":"Gremlin Nob","floor":13.0,"turns":5.0},{"damage":0.0,"enemies":"3 Sentries","floor":14.0,"turns":4.0},{"damage":0.0,"enemies":"Slime Boss","floor":16.0,"turns":9.0},{"damage":5,"enemies":"Shell Parasite","floor":18,"turns":3}],"seed_played":"7871061610185254412","potions_obtained":[{"floor":2.0,"key":"FocusPotion"},{"floor":2.0,"key":"EssenceOfDarkness"},{"floor":6.0,"key":"FocusPotion"},{"floor":11.0,"key":"Block Potion"},{"floor":14.0,"key":"EssenceOfDarkness"}],"is_trial":true,"path_per_floor":["M","?","M","?","?","E","R","E","T","R","E","$","E","E","R","B",null,"M"],"character_chosen":"DEFECT","items_purchased":["CeramicFish","Capacitor","Capacitor","Hologram","MealTicket","LiquidMemories"],"campfire_rested":1,"item_purchase_floors":[12,12,12,12,12,12],"current_hp_per_floor":[64,64,64,57,39,38,38,13,13,34,25,25,21,21,21,21,59,54,54],"gold":169,"neow_bonus":"","is_daily":false,"chose_seed":false,"campfire_upgraded":2,"win_rate":0.0,"timestamp":1613284962,"path_taken":["M","?","?","?","?","E","R","E","T","R","E","$","E","E","R","BOSS","M"],"items_purchased_type":["Relic","Card","Card","Card","Relic","Potion"],"build_version":"2020-12-22","purchased_purges":1,"victory":false,"max_hp_per_floor":[71,71,71,71,71,71,71,71,71,71,71,71,71,71,71,71,71,71,71],"card_choices":[{"not_picked":["Gash","Go for the Eyes"],"picked":"Beam Cell","floor":0.0},{"not_picked":["Rebound","Genetic Algorithm"],"picked":"White Noise","floor":0.0},{"not_picked":["Turbo","Recycle"],"picked":"Beam Cell","floor":0.0},{"not_picked":["Genetic Algorithm","Compile Driver"],"picked":"Skim","floor":0.0},{"not_picked":["Barrage","Ball Lightning"],"picked":"Glacier","floor":0.0},{"not_picked":["Stack","Rip and Tear"],"picked":"Beam Cell","floor":0.0},{"not_picked":["Doom and Gloom","Force Field"],"picked":"Undo","floor":0.0},{"not_picked":["Streamline","Self Repair"],"picked":"Leap","floor":0.0},{"not_picked":["Hello World","Reprogram"],"picked":"Cold Snap","floor":0.0},{"not_picked":["Stack","Redo"],"picked":"Cold Snap","floor":0.0},{"not_picked":["Scrape","Tempest"],"picked":"Cold Snap","floor":0.0},{"not_picked":["Cold Snap","Barrage"],"picked":"Glacier","floor":0.0},{"not_picked":["Stack","Beam Cell"],"picked":"Chaos","floor":0.0},{"not_picked":["Glacier","Compile Driver"],"picked":"Defragment","floor":0.0},{"not_picked":["Coolheaded","Streamline"],"picked":"White Noise","floor":0.0},{"not_picked":["Gash","Stack"],"picked":"Chaos","floor":1.0},{"not_picked":["Sweeping Beam","Chaos"],"picked":"Fusion","floor":3.0},{"not_picked":["Reboot","Buffer"],"picked":"Amplify","floor":6.0},{"not_picked":["Machine Learning","Amplify"],"picked":"Echo Form","floor":8.0},{"not_picked":["Amplify","Seek"],"picked":"Creative AI","floor":11.0},{"not_picked":["Amplify","Biased Cognition"],"picked":"Fission","floor":13.0},{"not_picked":["Core Surge","Rainbow","Echo Form"],"picked":"SKIP","floor":14.0},{"not_picked":["Core Surge","All For One"],"picked":"Meteor Strike","floor":16.0}],"player_experience":354713,"relics_obtained":[{"floor":6.0,"key":"Old Coin"},{"floor":8.0,"key":"The Courier"},{"floor":9.0,"key":"Art of War"},{"floor":11.0,"key":"DataDisk"},{"floor":13.0,"key":"Oddly Smooth Stone"},{"floor":14.0,"key":"Tiny Chest"},{"floor":17.0,"key":"Happy Flower"},{"floor":17.0,"key":"Sundial"},{"floor":17.0,"key":"Gambling Chip"}],"event_choices":[{"damage_healed":0.0,"max_hp_gain":0.0,"max_hp_loss":0.0,"gold_gain":0.0,"event_name":"The Woman in Blue","player_choice":"Bought 2 Potions","floor":2.0,"gold_loss":0.0,"damage_taken":0.0},{"cards_removed":["Beam Cell"],"damage_healed":0.0,"max_hp_gain":0.0,"max_hp_loss":0.0,"gold_gain":0.0,"event_name":"Golden Wing","player_choice":"Card Removal","floor":4.0,"gold_loss":0.0,"damage_taken":7.0},{"damage_healed":0.0,"max_hp_gain":0.0,"max_hp_loss":0.0,"gold_gain":0.0,"event_name":"Scrap Ooze","player_choice":"Success","floor":5.0,"gold_loss":0.0,"damage_taken":18.0,"relics_obtained":["Orichalcum"]}],"is_beta":false,"boss_relics":[{"not_picked":["Fusion Hammer","Philosopher\u0027s Stone"],"picked":"Calling Bell"}],"items_purged_floors":[12],"is_endless":true,"potions_floor_spawned":[6,11,14],"killed_by":"Shell Parasite","ascension_level":14}}