{"host":"36qke0usa4c48kdx","time":1613311046,"event":{"mods":["AchievementEnabler","BaseMod","Colored Map","Downfall","Hermit","Hubris","Marisa????????","Minty Spire (QoL Compilation)","READ ME - Guardian Mod","Replay The Spire","Shop Mod","StSLib","The Bug Knight","The Cursed","The Disciple","The Servant 0.9.4"],"gold_per_floor":[366,378,389,42,58,86,86,100,149,149,160,7,7,24,24,126,126,139,139,150,150,163,197,210,239,286,298,310,355,367,392,404,416,416],"floor_reached":33,"language":"ENG","playtime":1875,"items_purged":["Defend_R"],"score":448,"play_id":"d1a706fc-91b7-46d0-9fee-c436b9ff4545","local_time":"20210214145726","is_ascension_mode":true,"campfire_choices":[{"data":"ReplayTheSpireMod:Limb From Limb","floor":7.0,"key":"SMITH"},{"data":"ReplayTheSpireMod:Corrosion Curse","floor":10.0,"key":"SMITH"},{"floor":13.0,"key":"REST"},{"data":"Bash","floor":15.0,"key":"SMITH"},{"floor":28,"key":"REST"},{"floor":30,"key":"REST"},{"data":"Eclipse","floor":32,"key":"SMITH"}],"circlet_count":0,"master_deck":["Strike_R+1","Strike_R+1","Strike_R+1","Strike_R+1","Defend_R+1","Defend_R+1","Bash+1","ReplayTheSpireMod:Corrosion Curse+1","ReplayTheSpireMod:Muscle Training","ReplayTheSpireMod:Limb From Limb+1","Pommel Strike","Replay:Undeath\u0027s Touch","Cleave","Twin Strike","Eclipse+1","Wild Strike","Second Wind+1","Exhume","hubris:StunningStrike","Reckless Charge","Sever Soul"],"relics":["Burning Blood","Membership Card","Replay:Accelerometer","Centennial Puzzle","Nunchaku","Medical Kit","Regal Pillow","hubris:ScarierMask","hubris:ToyBattleship","Ginger","MawBank","Replay:PocketPolymizer"],"acts_visited":["Exordium","TheCity"],"potions_floor_usage":[16,18,22,31,33],"damage_taken":[{"damage":1.0,"enemies":"Cultist","floor":1.0,"turns":3.0},{"damage":12.0,"enemies":"Small Slimes","floor":2.0,"turns":3.0},{"damage":6.0,"enemies":"Jaw Worm","floor":3.0,"turns":3.0},{"damage":16.0,"enemies":"Blue Slaver","floor":5.0,"turns":3.0},{"damage":22.0,"enemies":"Lagavulin","floor":6.0,"turns":4.0},{"damage":16.0,"enemies":"2 Fungi Beasts","floor":8.0,"turns":3.0},{"damage":22.0,"enemies":"Gremlin Gang","floor":11.0,"turns":5.0},{"damage":11.0,"enemies":"Red Slaver","floor":14.0,"turns":2.0},{"damage":37,"enemies":"Slime Boss","floor":16,"turns":5},{"damage":1,"enemies":"Spheric Guardian","floor":18,"turns":3},{"damage":2,"enemies":"3 Byrds","floor":20,"turns":4},{"damage":19,"enemies":"Cultist and Chosen","floor":22,"turns":5},{"damage":20,"enemies":"Slavers","floor":23,"turns":4},{"damage":0,"enemies":"Sentry and Sphere","floor":24,"turns":2},{"damage":51,"enemies":"Book of Stabbing","floor":25,"turns":5},{"damage":33,"enemies":"Slavers","floor":29,"turns":4},{"damage":13,"enemies":"Shelled Parasite and Fungi","floor":31,"turns":4},{"damage":58,"enemies":"Collector","floor":33,"turns":7}],"seed_played":"-4685786960201140022","potions_obtained":[{"floor":1.0,"key":"Fruit Juice"},{"floor":2.0,"key":"Adrenaline Potion"},{"floor":11.0,"key":"BlessingOfTheForge"},{"floor":14.0,"key":"Fire Potion"},{"floor":20,"key":"Block Potion"},{"floor":23,"key":"sneckomod:MuddlingPotion"},{"floor":24,"key":"Guardian:BlockOnCardUsePotion"},{"floor":29,"key":"Block Potion"}],"is_trial":false,"path_per_floor":["M","M","M","$","M","E","R","M","T","R","M","$","R","M","R","B",null,"M","?","M","?","M","E","M","E","T","?","R","E","R","M","R","B"],"character_chosen":"IRONCLAD","items_purchased":["Membership Card","ReplayTheSpireMod:Limb From Limb","Replay:Accelerometer","Medical Kit","Regal Pillow"],"campfire_rested":3,"item_purchase_floors":[4,4,4,12,12],"current_hp_per_floor":[72,71,71,71,61,45,45,35,35,35,19,19,57,52,52,21,63,68,77,77,77,64,50,56,11,11,11,49,22,60,53,53,0,0],"gold":416,"neow_bonus":"TWO_FIFTY_GOLD","is_daily":false,"chose_seed":false,"campfire_upgraded":4,"win_rate":0.0,"timestamp":1613311046,"path_taken":["M","?","?","$","?","E","R","M","T","R","M","$","R","M","R","BOSS","M","?","?","?","M","E","M","E","T","?","R","E","R","M","R","BOSS"],"items_purchased_type":["Relic","Card","Relic","Relic","Relic"],"build_version":"2020-12-22","purchased_purges":1,"victory":false,"max_hp_per_floor":[72,77,77,77,77,77,77,77,77,77,77,77,77,77,77,77,77,77,77,77,77,77,77,77,77,77,77,77,77,77,77,77,77,77],"card_choices":[{"not_picked":["Infernal Blade","Thunderclap"],"picked":"ReplayTheSpireMod:Corrosion Curse","floor":1.0},{"not_picked":["Searing Blow","Headbutt","Clash"],"picked":"SKIP","floor":2.0},{"not_picked":["Carnage","Sword Boomerang"],"picked":"ReplayTheSpireMod:Muscle Training","floor":3.0},{"not_picked":["Iron Wave","Abandon"],"picked":"Dropkick","floor":5.0},{"not_picked":["Perfected Strike","Combust"],"picked":"Pommel Strike","floor":6.0},{"not_picked":["Infernal Blade","Metallicize"],"picked":"Replay:Undeath\u0027s Touch","floor":8.0},{"not_picked":["Shrug It Off","Armaments"],"picked":"Cleave","floor":11.0},{"not_picked":["Havoc","Warcry"],"picked":"Twin Strike","floor":14.0},{"not_picked":["Exhume","Juggernaut"],"picked":"Eclipse","floor":16},{"not_picked":["Feel No Pain","Shrug It Off"],"picked":"Wild Strike","floor":18},{"not_picked":["Abandon","Body Slam+1","Feel No Pain+1"],"picked":"SKIP","floor":20},{"not_picked":["Pommel Strike","Sword Boomerang","ReplayTheSpireMod:Strike From Hell"],"picked":"SKIP","floor":22},{"not_picked":["True Grit+1","Combust"],"picked":"Second Wind+1","floor":23},{"not_picked":["Twin Strike","ReplayTheSpireMod:Strike From Hell"],"picked":"Exhume","floor":24},{"not_picked":["ReplayTheSpireMod:Limb From Limb","Pommel Strike+1","Rupture"],"picked":"SKIP","floor":25},{"not_picked":["Whirlwind","Pommel Strike","Armaments"],"picked":"SKIP","floor":29},{"not_picked":["Shrug It Off","ReplayTheSpireMod:Stacked+1"],"picked":"Reckless Charge","floor":31}],"player_experience":794332,"relics_obtained":[{"floor":6.0,"key":"Centennial Puzzle"},{"floor":9.0,"key":"Nunchaku"},{"floor":23,"key":"hubris:ToyBattleship"},{"floor":25,"key":"Ginger"},{"floor":26,"key":"MawBank"},{"floor":29,"key":"Replay:PocketPolymizer"}],"event_choices":[{"cards_removed":["Dropkick"],"damage_healed":9,"gold_gain":0,"player_choice":"Offered Uncommon","damage_taken":0,"max_hp_gain":0,"max_hp_loss":0,"event_name":"Bonfire Elementals","floor":19,"gold_loss":0},{"damage_healed":0,"gold_gain":0,"player_choice":"Simplicity","damage_taken":0,"max_hp_gain":0,"max_hp_loss":0,"event_name":"Back to Basics","floor":27,"gold_loss":0,"cards_upgraded":["Strike_R","Strike_R","Strike_R","Strike_R","Strike_R","Defend_R","Defend_R","Defend_R"]}],"is_beta":false,"boss_relics":[{"not_picked":["Replay:Wanted Poster","Pandora\u0027s Box"],"picked":"hubris:ScarierMask"}],"items_purged_floors":[4],"is_endless":false,"potions_floor_spawned":[1,2,11,14,20,23,24,29],"killed_by":"Collector","ascension_level":9}}