{"host":"cpsutu8lprjuipd6","time":1613302824,"event":{"mods":["BaseMod","Colored Map","Minty Spire (QoL Compilation)","Permanent Neow","StSLib","SuperFastMode","The Bug Knight","Together in Spire"],"gold_per_floor":[211,228,248,260,8,8,43,43,43,62,80,107,125,105,105,202,202,216,230,249,164,164,198,226,267,267,295,295,295,295,315,315,427,427,447,505,564,83,112,112,156,165,191,225,262,271,271,302,311,311,311],"floor_reached":50,"language":"KOR","playtime":5233,"items_purged":["Strike_R"],"score":662,"play_id":"7e8113c0-a565-43da-900c-aa01436af423","local_time":"20210214204024","is_ascension_mode":true,"campfire_choices":[{"data":"Infernal Blade","floor":6,"key":"SMITH"},{"data":"Heavy Blade","floor":15,"key":"SMITH"},{"floor":28,"key":"REST"},{"floor":32,"key":"RECALL"},{"floor":40,"key":"REST"},{"floor":42,"key":"REST"},{"floor":46,"key":"REST"},{"floor":49,"key":"REST"}],"circlet_count":0,"master_deck":["Strike_R","Strike_R","Strike_R","Strike_R","Defend_R","Defend_R","Defend_R","Defend_R","Bash","Cleave","Anger","Flex","Infernal Blade+1","Iron Wave","Heavy Blade+1","Bloodletting+1","Flex+1","Pommel Strike","Heavy Blade","Pommel Strike+1","Battle Trance+1","Pummel","Sword Boomerang+1","Flex+1","Armaments+1","Thunderclap","Flex+1","Impervious+1","Whirlwind+1","Seeing Red+1","Warcry+1","Flex+1","Warcry+1","Heavy Blade+1","Metallicize+1","Second Wind+1","Pommel Strike+1","Double Tap+1","Armaments+1","Anger+1","Flex+1","Warcry+1","Armaments+1","Cleave+1"],"relics":["Burning Blood","Anchor","Strawberry","Toxic Egg 2","Pen Nib","White Beast Statue","Mark of Pain","Ancient Tea Set","CeramicFish","Peace Pipe","Red Mask","SlaversCollar","Prayer Wheel","Incense Burner","Self Forming Clay","Bronze Scales","Dream Catcher","Omamori","PreservedInsect"],"acts_visited":["Exordium","TheCity","TheBeyond"],"potions_floor_usage":[12,16,18,24,25,33,35,36,37,44,45,45,45,48,50],"damage_taken":[{"damage":1,"enemies":"2 Louse","floor":1,"turns":4},{"damage":1,"enemies":"Cultist","floor":2,"turns":4},{"damage":0,"enemies":"Small Slimes","floor":3,"turns":4},{"damage":0,"enemies":"Exordium Wildlife","floor":4,"turns":3},{"damage":5,"enemies":"HollowMod:MossKnight","floor":7,"turns":9},{"damage":10,"enemies":"Looter","floor":10,"turns":3},{"damage":0,"enemies":"3 Louse","floor":11,"turns":2},{"damage":21,"enemies":"Lagavulin","floor":12,"turns":5},{"damage":0,"enemies":"Blue Slaver","floor":13,"turns":1},{"damage":56,"enemies":"The Guardian","floor":16,"turns":10},{"damage":11,"enemies":"2 Thieves","floor":18,"turns":3},{"damage":7,"enemies":"Cultist and Chosen","floor":19,"turns":4},{"damage":8,"enemies":"Snecko","floor":20,"turns":3},{"damage":27,"enemies":"HollowMod:Nosk","floor":23,"turns":5},{"damage":10,"enemies":"Sentry and Sphere","floor":24,"turns":3},{"damage":11,"enemies":"Masked Bandits","floor":25,"turns":3},{"damage":50,"enemies":"Shelled Parasite and Fungi","floor":27,"turns":5},{"damage":3,"enemies":"Cultist and Chosen","floor":31,"turns":3},{"damage":3,"enemies":"Champ","floor":33,"turns":6},{"damage":14,"enemies":"3 Shapes","floor":35,"turns":4},{"damage":43,"enemies":"2 Orb Walkers","floor":36,"turns":4},{"damage":2,"enemies":"Mind Bloom Boss Battle","floor":37,"turns":5},{"damage":18,"enemies":"Orb Walker","floor":39,"turns":4},{"damage":55,"enemies":"Reptomancer","floor":41,"turns":6},{"damage":36,"enemies":"Nemesis","floor":44,"turns":5},{"damage":5,"enemies":"Spire Growth","floor":45,"turns":4},{"damage":16,"enemies":"3 Darklings","floor":48,"turns":3},{"damage":55,"enemies":"Awakened One","floor":50,"turns":9}],"seed_played":"3359607297500480047","potions_obtained":[{"floor":2,"key":"SmokeBomb"},{"floor":11,"key":"Weak Potion"},{"floor":12,"key":"SkillPotion"},{"floor":13,"key":"Strength Potion"},{"floor":14,"key":"ElixirPotion"},{"floor":16,"key":"SneckoOil"},{"floor":18,"key":"BloodPotion"},{"floor":19,"key":"ColorlessPotion"},{"floor":20,"key":"EssenceOfSteel"},{"floor":23,"key":"Fire Potion"},{"floor":24,"key":"Swift Potion"},{"floor":25,"key":"Explosive Potion"},{"floor":31,"key":"PowerPotion"},{"floor":33,"key":"Swift Potion"},{"floor":35,"key":"ColorlessPotion"},{"floor":36,"key":"Dexterity Potion"},{"floor":37,"key":"Energy Potion"},{"floor":41,"key":"ColorlessPotion"},{"floor":44,"key":"Dexterity Potion"},{"floor":45,"key":"ColorlessPotion"},{"floor":48,"key":"Swift Potion"}],"is_trial":false,"path_per_floor":["M","M","M","M","$","R","E","?","T","M","M","E","M","?","R","B",null,"M","M","M","?","?","E","M","?","T","M","R","?","?","M","R","B",null,"M","?","?","$","M","R","E","R","T","E","M","R","?","M","R","B"],"character_chosen":"IRONCLAD","items_purchased":["Iron Wave","Anchor","Flex+1","Self Forming Clay","Warcry+1","Bronze Scales"],"campfire_rested":5,"item_purchase_floors":[5,5,38,38,38,38],"current_hp_per_floor":[80,80,80,80,80,80,87,87,87,83,87,72,78,78,78,28,87,82,81,79,79,79,58,71,66,66,22,48,77,77,80,80,83,87,79,42,46,46,34,60,11,37,37,7,8,34,34,24,50,0,0],"gold":311,"neow_bonus":"HUNDRED_GOLD","is_daily":false,"chose_seed":false,"campfire_upgraded":2,"win_rate":0.0,"timestamp":1613302824,"path_taken":["M","M","M","M","$","R","E","?","T","M","M","E","?","?","R","BOSS","M","M","?","?","?","E","M","?","T","?","R","?","?","M","R","BOSS","M","?","?","$","M","R","E","R","T","E","M","R","?","M","R","BOSS"],"items_purchased_type":["Card","Relic","Card","Relic","Card","Relic"],"build_version":"2020-12-22","purchased_purges":1,"victory":false,"max_hp_per_floor":[80,80,80,80,80,80,87,87,87,87,87,87,87,87,87,87,87,87,87,87,87,87,87,87,87,87,87,87,87,87,87,87,87,87,87,87,87,87,87,87,87,87,87,87,87,87,87,87,87,87,87],"card_choices":[{"not_picked":["Clothesline","Body Slam"],"picked":"Cleave","floor":1},{"not_picked":["Entrench","Iron Wave"],"picked":"Anger","floor":2},{"not_picked":["Reckless Charge","Rupture"],"picked":"Flex","floor":3},{"not_picked":["Blood for Blood","Twin Strike"],"picked":"Infernal Blade","floor":4},{"not_picked":["Clash","Ghostly Armor"],"picked":"Heavy Blade","floor":7},{"not_picked":["Combust","Carnage"],"picked":"Bloodletting+1","floor":10},{"not_picked":["Impervious+1","Flame Barrier+1"],"picked":"Flex+1","floor":11},{"not_picked":["Feed","Berserk"],"picked":"Pommel Strike","floor":12},{"not_picked":["Pommel Strike","Bloodletting+1"],"picked":"Heavy Blade","floor":13},{"not_picked":["Feed","Corruption"],"picked":"Brutality","floor":16},{"not_picked":["Heavy Blade","True Grit+1"],"picked":"Pommel Strike+1","floor":18},{"not_picked":["Dark Embrace","Body Slam"],"picked":"Battle Trance+1","floor":19},{"not_picked":["Reckless Charge","Heavy Blade"],"picked":"Pummel","floor":20},{"not_picked":["Thunderclap","Pommel Strike"],"picked":"Sword Boomerang+1","floor":23},{"not_picked":["Clothesline","Rage+1"],"picked":"Flex+1","floor":24},{"not_picked":["Headbutt","Twin Strike"],"picked":"Armaments+1","floor":25},{"not_picked":["Body Slam","Feed"],"picked":"Thunderclap","floor":27},{"not_picked":["Armaments+1","Anger"],"picked":"Flex+1","floor":31},{"not_picked":["Brutality","Corruption"],"picked":"Impervious+1","floor":33},{"not_picked":["Pommel Strike","Heavy Blade+1"],"picked":"Whirlwind+1","floor":35},{"not_picked":["Clash+1","Twin Strike+1"],"picked":"Seeing Red+1","floor":36},{"not_picked":["Power Through+1","Sword Boomerang+1"],"picked":"Warcry+1","floor":37},{"not_picked":["Rampage","Perfected Strike"],"picked":"Heavy Blade+1","floor":39},{"not_picked":["Armaments+1","Headbutt+1"],"picked":"Metallicize+1","floor":39},{"not_picked":["Clothesline+1","Hemokinesis+1"],"picked":"Second Wind+1","floor":41},{"not_picked":["Clothesline","Body Slam+1"],"picked":"Pommel Strike+1","floor":42},{"not_picked":["Iron Wave","Second Wind+1"],"picked":"Double Tap+1","floor":44},{"not_picked":["Combust+1","Clothesline+1"],"picked":"Armaments+1","floor":45},{"not_picked":["Pommel Strike","Uppercut"],"picked":"Anger+1","floor":45},{"not_picked":["Shrug It Off+1","Clash"],"picked":"Flex+1","floor":46},{"not_picked":["Body Slam+1","Pommel Strike"],"picked":"Warcry+1","floor":48},{"not_picked":["Intimidate+1","Dual Wield+1"],"picked":"Armaments+1","floor":48},{"not_picked":["Blood for Blood+1","Pommel Strike+1"],"picked":"Cleave+1","floor":49}],"player_experience":59219,"relics_obtained":[{"floor":7,"key":"Strawberry"},{"floor":9,"key":"Pen Nib"},{"floor":12,"key":"White Beast Statue"},{"floor":23,"key":"Peace Pipe"},{"floor":25,"key":"Red Mask"},{"floor":36,"key":"Prayer Wheel"},{"floor":37,"key":"Incense Burner"},{"floor":41,"key":"Dream Catcher"},{"floor":43,"key":"Omamori"},{"floor":44,"key":"PreservedInsect"}],"event_choices":[{"damage_healed":0,"gold_gain":0,"player_choice":"Gave Potion","damage_taken":0,"relics_obtained":["Toxic Egg 2"],"max_hp_gain":0,"max_hp_loss":0,"event_name":"WeMeetAgain","floor":8,"gold_loss":0},{"damage_healed":0,"gold_gain":0,"player_choice":"Bought 1 Potion","damage_taken":0,"max_hp_gain":0,"max_hp_loss":0,"event_name":"The Woman in Blue","floor":14,"gold_loss":0},{"damage_healed":0,"gold_gain":0,"player_choice":"Obtained Relic","damage_taken":0,"relics_obtained":["Ancient Tea Set"],"max_hp_gain":0,"max_hp_loss":0,"event_name":"Addict","floor":21,"gold_loss":85},{"damage_healed":0,"gold_gain":0,"player_choice":"Opened","damage_taken":0,"relics_obtained":["CeramicFish"],"max_hp_gain":0,"max_hp_loss":0,"event_name":"The Mausoleum","floor":22,"gold_loss":0},{"damage_healed":0,"gold_gain":0,"player_choice":"Fought Bandits","damage_taken":0,"max_hp_gain":0,"max_hp_loss":0,"event_name":"Masked Bandits","floor":25,"gold_loss":0},{"damage_healed":29,"gold_gain":0,"player_choice":"Heal","damage_taken":0,"max_hp_gain":0,"max_hp_loss":0,"event_name":"The Library","floor":29,"gold_loss":0},{"damage_healed":0,"gold_gain":0,"player_choice":"Ignored","damage_taken":0,"max_hp_gain":0,"max_hp_loss":0,"event_name":"Vampires","floor":30,"gold_loss":0},{"damage_healed":0,"gold_gain":0,"player_choice":"Fight","damage_taken":0,"max_hp_gain":0,"max_hp_loss":0,"event_name":"Mysterious Sphere","floor":36,"gold_loss":0},{"damage_healed":0,"gold_gain":0,"player_choice":"Fight","damage_taken":0,"max_hp_gain":0,"max_hp_loss":0,"event_name":"MindBloom","floor":37,"gold_loss":0},{"cards_removed":["Brutality"],"damage_healed":0,"gold_gain":0,"player_choice":"Removed Power","damage_taken":0,"max_hp_gain":0,"max_hp_loss":0,"event_name":"Falling","floor":47,"gold_loss":0}],"is_beta":false,"boss_relics":[{"not_picked":["Runic Pyramid","Runic Dome"],"picked":"Mark of Pain"},{"not_picked":["SacredBark","Philosopher\u0027s Stone"],"picked":"SlaversCollar"}],"items_purged_floors":[5],"is_endless":false,"potions_floor_spawned":[2,11,12,13,16,18,19,20,23,24,25,27,31,33,35,36,37,39,41,44,45,48],"killed_by":"Awakened One","ascension_level":1}}