{"host":"zc0hgfo9wozyb2ss","time":1613285474,"event":{"mods":["BaseMod","Minty Spire (QoL Compilation)","StSLib"],"gold_per_floor":[111,122,137,150,164,14,29,29,105,117,131,131,146,166,166,270,270,258,273,134,150,163,163,195,195,195,195,195,215,233,245,245,349,349,363,363,363,282,296,330,330,357,357,357,357,31,49,61,61,61],"floor_reached":51,"language":"ENG","playtime":3131,"items_purged":["Strike_G","Strike_G"],"score":777,"play_id":"42b97c8d-5137-48db-a9c0-969406dd7432","local_time":"20210214175114","is_ascension_mode":false,"campfire_choices":[{"data":"After Image","floor":8,"key":"SMITH"},{"data":"Noxious Fumes","floor":12,"key":"SMITH"},{"floor":15,"key":"REST"},{"data":"Burst","floor":23,"key":"SMITH"},{"data":"Noxious Fumes","floor":27,"key":"SMITH"},{"floor":32,"key":"REST"},{"data":"Crippling Poison","floor":45,"key":"SMITH"},{"data":"Blade Dance","floor":49,"key":"SMITH"}],"circlet_count":0,"master_deck":["Strike_G","Strike_G","Defend_G","Defend_G","Defend_G","Defend_G","Defend_G","Survivor","Neutralize","Blade Dance+1","Backflip","Crippling Poison+1","Noxious Fumes+1","Backflip","Noxious Fumes+1","After Image+1","Endless Agony","Burst+1","Noxious Fumes+1","Blade Dance+1","After Image+1","Madness","Madness","Sadistic Nature+1","Finesse","Bandage Up","Well Laid Plans+1","Regret","Burst+1","Leg Sweep+1","Infinite Blades+1","Blade Dance+1","Blade Dance+1"],"relics":["Ring of the Snake","Frozen Egg 2","Busted Crown","Pocketwatch","Question Card","Cursed Key","Lizard Tail","Strawberry","Toxic Egg 2"],"acts_visited":["Exordium","TheCity","TheBeyond"],"potions_floor_usage":[16,16,29,33,40,50,50,50],"damage_taken":[{"damage":6,"enemies":"Jaw Worm","floor":1,"turns":6},{"damage":0,"enemies":"2 Louse","floor":2,"turns":2},{"damage":0,"enemies":"Cultist","floor":3,"turns":3},{"damage":3,"enemies":"2 Fungi Beasts","floor":4,"turns":4},{"damage":2,"enemies":"Looter","floor":5,"turns":3},{"damage":6,"enemies":"Large Slime","floor":7,"turns":6},{"damage":7,"enemies":"2 Fungi Beasts","floor":10,"turns":4},{"damage":0,"enemies":"Looter","floor":11,"turns":4},{"damage":15,"enemies":"3 Louse","floor":13,"turns":3},{"damage":3,"enemies":"Large Slime","floor":14,"turns":5},{"damage":3,"enemies":"Slime Boss","floor":16,"turns":9},{"damage":5,"enemies":"2 Thieves","floor":18,"turns":5},{"damage":0,"enemies":"Shell Parasite","floor":19,"turns":6},{"damage":9,"enemies":"Shelled Parasite and Fungi","floor":21,"turns":5},{"damage":1,"enemies":"Centurion and Healer","floor":22,"turns":7},{"damage":5,"enemies":"Book of Stabbing","floor":24,"turns":7},{"damage":1,"enemies":"Snake Plant","floor":29,"turns":5},{"damage":17,"enemies":"Chosen and Byrds","floor":30,"turns":6},{"damage":0,"enemies":"Snecko","floor":31,"turns":6},{"damage":45,"enemies":"Automaton","floor":33,"turns":8},{"damage":0,"enemies":"3 Shapes","floor":35,"turns":4},{"damage":0,"enemies":"Orb Walker","floor":39,"turns":5},{"damage":6,"enemies":"Reptomancer","floor":40,"turns":6},{"damage":0,"enemies":"Giant Head","floor":42,"turns":8},{"damage":6,"enemies":"4 Shapes","floor":47,"turns":5},{"damage":1,"enemies":"Writhing Mass","floor":48,"turns":7},{"damage":20,"enemies":"Donu and Deca","floor":50,"turns":8}],"seed_played":"-8429189125721827850","potions_obtained":[{"floor":1,"key":"Ancient Potion"},{"floor":10,"key":"BlessingOfTheForge"},{"floor":13,"key":"BlessingOfTheForge"},{"floor":16,"key":"Block Potion"},{"floor":21,"key":"GhostInAJar"},{"floor":24,"key":"ColorlessPotion"},{"floor":29,"key":"LiquidBronze"},{"floor":33,"key":"SteroidPotion"},{"floor":42,"key":"Poison Potion"},{"floor":48,"key":"DuplicationPotion"}],"is_trial":false,"path_per_floor":["M","M","M","M","M","$","M","R","T","M","M","R","M","M","R","B",null,"M","M","$","M","M","R","E","?","T","R","?","M","M","M","R","B",null,"M","?","?","$","M","E","?","E","T","?","R","$","M","M","R","B",null],"character_chosen":"THE_SILENT","items_purchased":["Noxious Fumes","Noxious Fumes+1","Well Laid Plans+1","Burst+1","Leg Sweep+1","Infinite Blades+1"],"campfire_rested":2,"item_purchase_floors":[6,20,38,46,46,46],"current_hp_per_floor":[71,71,71,68,66,66,60,60,60,53,53,53,38,35,58,55,77,72,72,72,63,62,62,57,57,57,57,57,56,39,39,62,17,77,77,67,57,57,65,67,67,78,78,78,78,78,72,79,79,63],"gold":61,"neow_bonus":"TEN_PERCENT_HP_BONUS","is_daily":false,"chose_seed":false,"campfire_upgraded":6,"win_rate":0.0,"timestamp":1613285474,"path_taken":["M","M","M","M","M","$","M","R","T","M","M","R","M","M","R","BOSS","M","M","$","M","M","R","E","?","T","R","?","?","M","M","R","BOSS","M","?","?","$","M","E","?","E","T","?","R","$","M","M","R","BOSS"],"items_purchased_type":["Card","Card","Card","Card","Card","Card"],"build_version":"2020-12-22","purchased_purges":2,"victory":true,"max_hp_per_floor":[77,77,77,77,77,77,77,77,77,77,77,77,77,77,77,77,77,77,77,77,77,77,77,77,77,77,77,77,77,77,77,77,77,77,77,77,77,77,77,77,77,84,84,84,84,84,84,84,84,84],"card_choices":[{"not_picked":["Caltrops","Riddle With Holes"],"picked":"Blade Dance","floor":1},{"not_picked":["Poisoned Stab","Quick Slash"],"picked":"Backflip","floor":2},{"not_picked":["Deadly Poison","Underhanded Strike"],"picked":"Crippling Poison","floor":3},{"not_picked":["Backflip","Distraction"],"picked":"Noxious Fumes","floor":4},{"not_picked":["Expertise","Underhanded Strike"],"picked":"Backflip","floor":5},{"not_picked":["Acrobatics","Blade Dance"],"picked":"After Image","floor":7},{"not_picked":["Poisoned Stab","Prepared","All Out Attack"],"picked":"SKIP","floor":10},{"not_picked":["Backflip","Heel Hook"],"picked":"Endless Agony","floor":11},{"not_picked":["Sucker Punch","Tactician","Prepared"],"picked":"SKIP","floor":13},{"not_picked":["Prepared","Skewer","Expertise"],"picked":"SKIP","floor":14},{"not_picked":["Bullet Time","Phantasmal Killer"],"picked":"Burst","floor":16},{"not_picked":["Deflect+1"],"picked":"SKIP","floor":18},{"not_picked":["Underhanded Strike"],"picked":"SKIP","floor":19},{"not_picked":["Masterful Stab"],"picked":"SKIP","floor":21},{"not_picked":["Heel Hook"],"picked":"SKIP","floor":22},{"not_picked":["Slice"],"picked":"SKIP","floor":24},{"not_picked":["Escape Plan"],"picked":"Blade Dance+1","floor":29},{"not_picked":["Blade Dance","Dodge and Roll"],"picked":"SKIP","floor":30},{"not_picked":["Outmaneuver","Dagger Throw"],"picked":"SKIP","floor":31},{"not_picked":["Glass Knife"],"picked":"After Image+1","floor":33},{"not_picked":["Expertise","Riddle With Holes+1"],"picked":"SKIP","floor":35},{"not_picked":["Dramatic Entrance"],"picked":"Sadistic Nature+1","floor":37},{"not_picked":["Flash of Steel"],"picked":"Finesse","floor":37},{"not_picked":["Thinking Ahead"],"picked":"Bandage Up","floor":37},{"not_picked":["Outmaneuver+1","Acrobatics"],"picked":"SKIP","floor":39},{"not_picked":["Underhanded Strike+1","Flying Knee"],"picked":"SKIP","floor":40},{"not_picked":["Flying Knee","Flechettes"],"picked":"SKIP","floor":42},{"not_picked":["Sucker Punch"],"picked":"Blade Dance+1","floor":47},{"not_picked":["Slice"],"picked":"Blade Dance+1","floor":48}],"player_experience":4529,"relics_obtained":[{"floor":9,"key":"Frozen Egg 2"},{"floor":24,"key":"Pocketwatch"},{"floor":26,"key":"Question Card"},{"floor":40,"key":"Lizard Tail"},{"floor":42,"key":"Strawberry"},{"floor":43,"key":"Toxic Egg 2"}],"event_choices":[{"damage_healed":0,"gold_gain":0,"player_choice":"Ignored","damage_taken":0,"max_hp_gain":0,"max_hp_loss":0,"event_name":"Ghosts","floor":25,"gold_loss":0},{"damage_healed":0,"gold_gain":0,"player_choice":"Bought 0 Potions","damage_taken":0,"max_hp_gain":0,"max_hp_loss":0,"event_name":"The Woman in Blue","floor":28,"gold_loss":0},{"damage_healed":0,"gold_gain":0,"player_choice":"Embrace Madness","damage_taken":10,"max_hp_gain":0,"max_hp_loss":0,"event_name":"Winding Halls","floor":36,"gold_loss":0,"cards_obtained":["Madness","Madness"]},{"damage_healed":0,"gold_gain":0,"player_choice":"Memory 3","damage_taken":10,"max_hp_gain":0,"max_hp_loss":0,"event_name":"SensoryStone","floor":37,"gold_loss":0},{"cards_removed":["Strike_G"],"damage_healed":0,"gold_gain":0,"player_choice":"Removed Attack","damage_taken":0,"max_hp_gain":0,"max_hp_loss":0,"event_name":"Falling","floor":41,"gold_loss":0},{"damage_healed":0,"gold_gain":0,"player_choice":"Ignored","damage_taken":0,"max_hp_gain":0,"max_hp_loss":0,"event_name":"Tomb of Lord Red Mask","floor":44,"gold_loss":0}],"is_beta":false,"boss_relics":[{"not_picked":["SacredBark","WristBlade"],"picked":"Busted Crown"},{"not_picked":["Black Star","Calling Bell"],"picked":"Cursed Key"}],"items_purged_floors":[6,20],"is_endless":false,"potions_floor_spawned":[1,10,13,16,21,24,29,31,33,42,48],"ascension_level":0}}