{"host":"1ftto2vaskemldx8","time":1613339447,"event":{"mods":["BaseMod","Minty Spire (QoL Compilation)","Replay The Spire","StSLib","Together in Spire","[功能]功能增强和修复MOD"],"gold_per_floor":[111,126,142,142,36,36,71,71,71,91,125,141,153,153,153,250,250,262,262,70,85,0,0,33,33,33,73,2,2,30,30,30,131,131,144,144,65,112,55,88,102,102,129,129,145,145,175,175,175,175,175,175,49,81,81],"floor_reached":56,"language":"ZHS","playtime":4304,"items_purged":["Strike_B","Strike_B","Defend_B+1","Defend_B","Parasite","Strike_B","Strike_B","Defend_B","Defend_B","ReplayTheSpireMod:GoodbyeWorld","Dark Shackles","Dualcast","Zap","Spreading Infection","Shame"],"score":1636,"play_id":"1c31bb09-2dfe-41f2-8c5d-1cbce01ddbf9","local_time":"20210215055047","is_ascension_mode":true,"campfire_choices":[{"floor":6.0,"key":"RECALL"},{"data":"Apotheosis","floor":8.0,"key":"SMITH"},{"floor":15.0,"key":"DIG"},{"data":"J.A.X.","floor":23.0,"key":"SMITH"},{"data":"Panic Button","floor":29.0,"key":"SMITH"},{"floor":32.0,"key":"REST"},{"floor":42.0,"key":"REST"},{"floor":44.0,"key":"REST"},{"floor":49,"key":"REST"},{"floor":52,"key":"REST"}],"circlet_count":0,"master_deck":["Gash","All For One","Panic Button+1","Apotheosis+1","Hologram","Streamline","Conserve Battery","White Noise","All For One+1","Beam Cell+1","J.A.X.+1","Scrape+1","Turbo","ReplayGash+1","Gash+1","FTL+1","Panic Button","Echo Form","Steam Power+1","Turbo+1","Hologram+1","Poisoned Strike+1","Gash+1"],"relics":["SlaversCollar","Replay:Mystery Machine","Mango","Molten Egg 2","Runic Pyramid","Blue Candle","White Beast Statue","HandDrill","Replay:Bottled Flurry","Geode","Eternal Feather","MawBank","CaptainsWheel","Ornamental Fan","Onion Ring","Shuriken","Replay:Grab Bag","Fusion Hammer","ChewingGum","SacredBark","Ancient Tea Set","Pantograph","Incense Burner","Mercury Hourglass","Anchor","Happy Flower","ReplayTheSpireMod:Ring of Collecting","Potion Belt","HornCleat","DollysMirror","TungstenRod"],"acts_visited":["Exordium","TheCity","TheBeyond","TheEnding"],"potions_floor_usage":[54,55,55,55,55],"damage_taken":[{"damage":15.0,"enemies":"Cultist","floor":1.0,"turns":5.0},{"damage":0.0,"enemies":"Small Slimes","floor":2.0,"turns":3.0},{"damage":7.0,"enemies":"2 Louse","floor":3.0,"turns":2.0},{"damage":1.0,"enemies":"Replay:BlueRogue","floor":7.0,"turns":3.0},{"damage":10.0,"enemies":"Exordium Thugs","floor":10.0,"turns":3.0},{"damage":15.0,"enemies":"3 Sentries","floor":11.0,"turns":5.0},{"damage":0.0,"enemies":"Large Slime","floor":12.0,"turns":3.0},{"damage":6.0,"enemies":"3 Louse","floor":13.0,"turns":3.0},{"damage":0.0,"enemies":"Fading Forest","floor":16.0,"turns":11.0},{"damage":12.0,"enemies":"2 Thieves","floor":18.0,"turns":2.0},{"damage":3.0,"enemies":"Shell Parasite","floor":21.0,"turns":1.0},{"damage":3.0,"enemies":"Book of Stabbing","floor":24.0,"turns":2.0},{"damage":60.0,"enemies":"Slavers","floor":27.0,"turns":5.0},{"damage":7.0,"enemies":"Gremlin Leader","floor":30.0,"turns":2.0},{"damage":4.0,"enemies":"Collector","floor":33.0,"turns":2.0},{"damage":4.0,"enemies":"3 Shapes","floor":35.0,"turns":2.0},{"damage":3.0,"enemies":"2 Orb Walkers","floor":38.0,"turns":1.0},{"damage":0.0,"enemies":"Reptomancer","floor":40.0,"turns":1.0},{"damage":3.0,"enemies":"Orb Walker","floor":41.0,"turns":1.0},{"damage":5.0,"enemies":"Spire Growth","floor":45.0,"turns":3.0},{"damage":0,"enemies":"Nemesis","floor":47,"turns":3},{"damage":17,"enemies":"Donu and Deca","floor":50,"turns":4},{"damage":12,"enemies":"Shield and Spear","floor":54,"turns":2},{"damage":52,"enemies":"The Heart","floor":55,"turns":4}],"seed_played":"7349487680409780496","potions_obtained":[{"floor":1.0,"key":"PowerPotion"},{"floor":10.0,"key":"Explosive Potion"},{"floor":11.0,"key":"EssenceOfSteel"},{"floor":11.0,"key":"Reflective Coating"},{"floor":12.0,"key":"FocusPotion"},{"floor":13.0,"key":"SpeedPotion"},{"floor":16.0,"key":"ColorlessPotion"},{"floor":16.0,"key":"Swift Potion"},{"floor":18.0,"key":"Explosive Potion"},{"floor":21.0,"key":"Fruit Juice"},{"floor":24.0,"key":"SmokeBomb"},{"floor":24.0,"key":"SteroidPotion"},{"floor":24.0,"key":"LiquidBronze"},{"floor":27.0,"key":"Adrenaline Potion"},{"floor":27.0,"key":"Swift Potion"},{"floor":33.0,"key":"Doom Potion"},{"floor":35.0,"key":"Flashbang"},{"floor":38.0,"key":"DistilledChaos"},{"floor":40.0,"key":"Death Potion"},{"floor":45.0,"key":"Milkshake"},{"floor":47,"key":"Energy Potion"},{"floor":47,"key":"FairyPotion"},{"floor":54,"key":"ColorlessPotion"}],"is_trial":false,"path_per_floor":["M","M","M","?","$","R","E","R","T","M","E","M","M","?","R","B",null,"M","?","$","M","$","R","E","?","T","E","$","R","E","?","R","B",null,"M","?","$","?","$","E","M","R","T","R","M","?","E","?","R","B",null,"R","$","E","B",null],"character_chosen":"DEFECT","items_purchased":["Flash of Steel","Replay:Mystery Machine","Apotheosis","Blue Candle","White Beast Statue","HandDrill","Scrape+1","Turbo","EntropicBrew","ReplayGash+1","Dark Shackles","Replay:Bottled Flurry","FTL+1","Ornamental Fan","Ancient Tea Set","Pantograph","Mercury Hourglass","Poisoned Strike+1","HornCleat","DollysMirror","Toxic Potion"],"campfire_rested":5,"item_purchase_floors":[5,5,5,20,20,20,20,20,20,22,22,22,28,28,37,37,39,53,53,53,53],"current_hp_per_floor":[60,60,53,53,53,53,52,52,52,42,41,41,35,57,57,57,89,77,77,77,79,79,79,76,76,76,16,16,25,18,18,54,50,91,87,87,87,84,84,84,81,91,91,91,86,86,86,86,91,74,91,91,91,79,39],"gold":81,"neow_bonus":"BOSS_RELIC","is_daily":false,"chose_seed":false,"campfire_upgraded":3,"win_rate":0.0,"timestamp":1613339447,"path_taken":["M","?","M","?","$","R","E","R","T","M","E","M","M","?","R","BOSS","M","?","$","M","$","R","E","?","T","E","$","R","E","?","R","BOSS","M","?","$","?","$","E","M","R","T","R","M","?","E","?","R","BOSS","R","$","E","BOSS"],"items_purchased_type":["Card","Relic","Card","Relic","Relic","Relic","Card","Card","Potion","Card","Card","Relic","Card","Relic","Relic","Relic","Relic","Card","Relic","Relic","Potion"],"build_version":"2020-12-22","purchased_purges":15,"victory":true,"max_hp_per_floor":[75,75,75,75,75,75,75,75,75,75,89,89,89,89,89,89,89,89,89,86,91,91,91,91,91,91,91,91,91,91,91,91,91,91,91,91,91,91,91,91,91,91,91,91,91,91,91,91,91,91,91,91,91,91,91],"card_choices":[{"not_picked":["Stack","Steam"],"picked":"Gash","floor":1.0},{"not_picked":["Skim","Compile Driver"],"picked":"All For One","floor":2.0},{"not_picked":["Turbo","Recycle"],"picked":"Panic Button","floor":3.0},{"not_picked":["Turbo","ReplaySolidLightProjector","Stack"],"picked":"SKIP","floor":7.0},{"not_picked":["Sweeping Beam","FTL"],"picked":"Hologram","floor":10.0},{"not_picked":["Genetic Algorithm","Stack"],"picked":"Streamline","floor":11.0},{"not_picked":["Rebound","BasicCrystalCard"],"picked":"Conserve Battery","floor":12.0},{"not_picked":["Conserve Battery","BasicCrystalCard"],"picked":"White Noise","floor":13.0},{"not_picked":["ReplayTheSpireMod:Fabricate Wheel","Amplify"],"picked":"All For One+1","floor":16.0},{"not_picked":["Sunder+1","Streamline+1"],"picked":"Beam Cell+1","floor":18.0},{"not_picked":["Auto Shields+1","Rebound+1"],"picked":"ReplayTheSpireMod:GoodbyeWorld","floor":21.0},{"not_picked":["BasicCrystalCard","Leap+1","Ball Lightning+1"],"picked":"SKIP","floor":24.0},{"not_picked":["Steam","Tempest"],"picked":"Gash+1","floor":27.0},{"not_picked":["Time Bomb","Storm"],"picked":"Panic Button","floor":30.0},{"not_picked":["Multi-Cast","Machine Learning"],"picked":"Echo Form","floor":33.0},{"not_picked":["Ball Lightning+1","Rebound+1","Go for the Eyes+1"],"picked":"SKIP","floor":35.0},{"not_picked":["Compile Driver+1","Cold Snap+1"],"picked":"Steam Power+1","floor":38.0},{"not_picked":["Streamline+1","Leap"],"picked":"Turbo+1","floor":40.0},{"not_picked":["Rip and Tear+1","Blizzard+1","Storm+1"],"picked":"SKIP","floor":41.0},{"not_picked":["Streamline+1","Sweeping Beam+1"],"picked":"Hologram+1","floor":45.0},{"not_picked":["Redo+1","Compile Driver+1","Leap+1"],"picked":"SKIP","floor":47},{"not_picked":["Rebound+1","Beam Cell+1","Crystallizer+1"],"picked":"SKIP","floor":54}],"player_experience":105565,"relics_obtained":[{"floor":11.0,"key":"Mango"},{"floor":15.0,"key":"Molten Egg 2"},{"floor":24.0,"key":"Geode"},{"floor":26.0,"key":"MawBank"},{"floor":27.0,"key":"CaptainsWheel"},{"floor":30.0,"key":"Onion Ring"},{"floor":38.0,"key":"Incense Burner"},{"floor":40.0,"key":"Anchor"},{"floor":43.0,"key":"Happy Flower"},{"floor":46,"key":"ReplayTheSpireMod:Ring of Collecting"},{"floor":47,"key":"Potion Belt"},{"floor":54,"key":"TungstenRod"}],"event_choices":[{"damage_healed":22.0,"max_hp_gain":0.0,"max_hp_loss":0.0,"gold_gain":0.0,"event_name":"Mushrooms","player_choice":"Healed and dodged fight","floor":14.0,"gold_loss":0.0,"damage_taken":0.0,"cards_obtained":["Parasite"]},{"damage_healed":0.0,"max_hp_gain":0.0,"max_hp_loss":0.0,"gold_gain":0.0,"event_name":"Drug Dealer","player_choice":"Obtain J.A.X.","floor":19.0,"gold_loss":0.0,"damage_taken":0.0,"cards_obtained":["J.A.X."]},{"damage_healed":0.0,"max_hp_gain":0.0,"max_hp_loss":0.0,"gold_gain":0.0,"event_name":"Addict","player_choice":"Stole Relic","floor":31.0,"gold_loss":0.0,"damage_taken":0.0,"relics_obtained":["Shuriken"],"cards_obtained":["Shame"]},{"cards_removed":["Flash of Steel"],"damage_healed":0.0,"max_hp_gain":0.0,"max_hp_loss":0.0,"gold_gain":0.0,"event_name":"Falling","player_choice":"Removed Attack","floor":36.0,"gold_loss":0.0,"damage_taken":0.0},{"damage_healed":0.0,"max_hp_gain":0.0,"max_hp_loss":0.0,"gold_gain":0.0,"event_name":"Mysterious Sphere","player_choice":"Fight","floor":38.0,"gold_loss":0.0,"damage_taken":0.0},{"damage_healed":0,"gold_gain":0,"player_choice":"Memory 1","damage_taken":0,"max_hp_gain":0,"max_hp_loss":0,"event_name":"SensoryStone","floor":48,"gold_loss":0}],"is_beta":false,"boss_relics":[{"not_picked":["Cursed Key","Honey Jar"],"picked":"Runic Pyramid"},{"not_picked":["Inserter","Kintsugi"],"picked":"Replay:Grab Bag"},{"not_picked":["Sozu","Runic Dome"],"picked":"Fusion Hammer"},{"not_picked":["Coffee Dripper","Busted Crown"],"picked":"ChewingGum"},{"not_picked":["Empty Cage","Nuclear Battery"],"picked":"SacredBark"}],"items_purged_floors":[5,5,5,5,20,20,20,20,20,28,28,28,28,28,39],"is_endless":false,"potions_floor_spawned":[1,10,11,11,12,13,13,16,16,18,21,24,24,24,27,27,27,27,30,30,30,33,35,35,38,40,40,41,45,45,45,47,47,47,47,54,54],"ascension_level":2}}