{"host":"ty2cix8xj6r3ad26","time":1613329012,"event":{"mods":["AchievementEnabler","BaseMod","BetterRewards","Minty Spire (QoL Compilation)","Quick Restart","StSLib","SuperFastMode"],"gold_per_floor":[119,69,69,84,102,102,134,15,68,68,68,68,95,111,111,214,214,226,226,237,237,255,286,286,297,297,323,323,349,368,17,17,113,113,132,142,191,201,201,229,279,308,333,333,352,382,382,232,232,232,232,232,8,35,35],"floor_reached":56,"language":"ENG","playtime":3018,"items_purged":["Strike_B","Strike_B","Defend_B","Dualcast","Strike_B+1"],"score":2342,"play_id":"ac8ac98f-3a0b-455e-b170-82295ea16876","local_time":"20210214205652","is_ascension_mode":true,"campfire_choices":[{"data":"Defragment","floor":6.0,"key":"SMITH"},{"data":"Storm","floor":10,"key":"SMITH"},{"data":"Zap","floor":12,"key":"SMITH"},{"data":"Static Discharge","floor":15,"key":"SMITH"},{"data":"Amplify","floor":24,"key":"SMITH"},{"data":"Barrage","floor":28,"key":"SMITH"},{"data":"Coolheaded","floor":32,"key":"SMITH"},{"floor":49,"key":"RECALL"},{"data":"Conserve Battery","floor":52,"key":"SMITH"}],"circlet_count":0,"master_deck":["AscendersBane","Strike_B+1","Defend_B","Zap+1","Conserve Battery+1","Defragment+1","Storm+1","Compile Driver","Amplify+1","Static Discharge+1","Electrodynamics+1","Coolheaded+1","Echo Form+1","Barrage+1","Buffer+1","Chill","Undo+1","Defragment+1","Echo Form+1","Capacitor+1","Self Repair+1","Storm+1"],"relics":["Cracked Core","Runic Capacitor","Anchor","Mummified Hand","Oddly Smooth Stone","Whetstone","Frozen Egg 2","Bird Faced Urn","Velvet Choker","Nilry\u0027s Codex","Regal Pillow","Singing Bowl","HornCleat","Potion Belt","OrangePellets","Inserter","Thread and Needle","Gremlin Horn","FossilizedHelix","Bottled Flame","Happy Flower","Sundial","Lantern"],"acts_visited":["Exordium","TheCity","TheBeyond","TheEnding"],"potions_floor_usage":[13,16,23,23,30,46,50,54,55,55,55],"damage_taken":[{"damage":1.0,"enemies":"Jaw Worm","floor":1.0,"turns":5.0},{"damage":0.0,"enemies":"2 Louse","floor":4.0,"turns":3.0},{"damage":4.0,"enemies":"Small Slimes","floor":5.0,"turns":3.0},{"damage":10.0,"enemies":"Gremlin Nob","floor":7.0,"turns":3.0},{"damage":14,"enemies":"3 Sentries","floor":13,"turns":4},{"damage":0,"enemies":"3 Louse","floor":14,"turns":1},{"damage":0,"enemies":"Slime Boss","floor":16,"turns":3},{"damage":0,"enemies":"Spheric Guardian","floor":18,"turns":3},{"damage":8,"enemies":"Shell Parasite","floor":20,"turns":3},{"damage":15,"enemies":"Sentry and Sphere","floor":22,"turns":3},{"damage":19,"enemies":"Gremlin Leader","floor":23,"turns":3},{"damage":0,"enemies":"Centurion and Healer","floor":25,"turns":2},{"damage":7,"enemies":"Book of Stabbing","floor":27,"turns":3},{"damage":0,"enemies":"Gremlin Leader","floor":29,"turns":4},{"damage":0,"enemies":"Cultist and Chosen","floor":30,"turns":3},{"damage":0,"enemies":"Automaton","floor":33,"turns":7},{"damage":0,"enemies":"Orb Walker","floor":35,"turns":2},{"damage":7,"enemies":"3 Darklings","floor":36,"turns":3},{"damage":9,"enemies":"2 Orb Walkers","floor":37,"turns":2},{"damage":0,"enemies":"4 Shapes","floor":38,"turns":2},{"damage":0,"enemies":"Giant Head","floor":40,"turns":5},{"damage":0,"enemies":"Mind Bloom Boss Battle","floor":41,"turns":3},{"damage":0,"enemies":"Nemesis","floor":42,"turns":5},{"damage":0,"enemies":"Sphere and 2 Shapes","floor":45,"turns":3},{"damage":0,"enemies":"Reptomancer","floor":46,"turns":3},{"damage":0,"enemies":"Time Eater","floor":50,"turns":4},{"damage":12,"enemies":"Shield and Spear","floor":54,"turns":4},{"damage":16,"enemies":"The Heart","floor":55,"turns":5}],"seed_played":"5047282219828859691","potions_obtained":[{"floor":5.0,"key":"DistilledChaos"},{"floor":7.0,"key":"Swift Potion"},{"floor":13,"key":"PowerPotion"},{"floor":18,"key":"SpeedPotion"},{"floor":22,"key":"BlessingOfTheForge"},{"floor":30,"key":"Fruit Juice"},{"floor":36,"key":"PowerPotion"},{"floor":41,"key":"Explosive Potion"},{"floor":45,"key":"Dexterity Potion"},{"floor":46,"key":"SkillPotion"},{"floor":54,"key":"AttackPotion"}],"is_trial":false,"path_per_floor":["M","?","?","M","M","R","E","$","T","R","?","R","E","M","R","B",null,"M","?","M","?","M","E","R","M","T","E","R","E","M","$","R","B",null,"M","M","?","M","?","E","?","E","T","?","M","E","T","$","R","B",null,"R","$","E","B",null],"character_chosen":"DEFECT","items_purchased":["Runic Capacitor","Anchor","Conserve Battery","Mummified Hand","Defragment","Static Discharge","Dexterity Potion","Defragment+1","OrangePellets","Block Potion"],"campfire_rested":0,"item_purchase_floors":[0,0,0,0,0,8,8,31,31,53],"current_hp_per_floor":[32,32,57,57,53,53,43,43,43,43,40,40,26,32,32,44,67,75,75,75,59,56,47,47,61,61,68,68,77,82,82,82,82,82,84,81,83,90,85,87,87,89,89,88,93,93,93,93,93,93,93,93,93,95,95],"gold":35,"neow_bonus":"","is_daily":false,"chose_seed":false,"campfire_upgraded":8,"win_rate":0.0,"timestamp":1613329012,"path_taken":["M","?","?","M","M","R","E","?","T","R","?","R","E","M","R","BOSS","M","?","M","?","M","E","R","M","T","E","R","E","M","$","R","BOSS","M","M","?","M","?","E","?","E","T","?","?","E","?","$","R","BOSS","R","$","E","BOSS"],"items_purchased_type":["Relic","Relic","Card","Relic","Card","Card","Potion","Card","Relic","Potion"],"build_version":"2020-12-22","purchased_purges":5,"victory":true,"max_hp_per_floor":[75,75,75,75,75,75,75,75,75,75,75,75,75,75,75,75,75,75,75,75,75,75,75,75,75,75,77,77,77,82,82,82,82,82,84,86,88,90,85,87,87,89,89,93,93,93,93,93,93,93,93,93,93,95,95],"card_choices":[{"not_picked":["Rebound","Conserve Battery"],"picked":"Storm","floor":1.0},{"not_picked":["Rebound","Chaos"],"picked":"Compile Driver","floor":4.0},{"not_picked":["Aggregate","Blizzard"],"picked":"Amplify","floor":5.0},{"not_picked":["Scrape","Turbo","Hologram"],"picked":"SKIP","floor":7.0},{"not_picked":["Sunder","Streamline"],"picked":"Electrodynamics+1","floor":13},{"not_picked":["Hello World+1","Sweeping Beam"],"picked":"Coolheaded","floor":14},{"not_picked":["Electrodynamics+1","Creative AI+1"],"picked":"Echo Form+1","floor":16},{"not_picked":["Hologram","Double Energy","Redo"],"picked":"SKIP","floor":18},{"not_picked":["Ball Lightning","Hologram"],"picked":"Barrage","floor":20},{"not_picked":["Rebound","Scrape","Aggregate"],"picked":"SKIP","floor":22},{"not_picked":["Stack","Rebound"],"picked":"Buffer+1","floor":23},{"not_picked":["Barrage","Blizzard","Sweeping Beam"],"picked":"SKIP","floor":25},{"not_picked":["Hyperbeam","Rebound","Rip and Tear"],"picked":"Singing Bowl","floor":27},{"not_picked":["Beam Cell","Cold Snap"],"picked":"Chill","floor":29},{"not_picked":["Stack","Ball Lightning"],"picked":"Undo+1","floor":30},{"not_picked":["Thunder Strike","Core Surge"],"picked":"Echo Form+1","floor":33},{"not_picked":["Rebound","Compile Driver","White Noise+1"],"picked":"Singing Bowl","floor":35},{"not_picked":["Conserve Battery","Cold Snap","Rebound"],"picked":"Singing Bowl","floor":36},{"not_picked":["Compile Driver+1","Skim","Steam"],"picked":"Singing Bowl","floor":37},{"not_picked":["Turbo","Barrage+1","Go for the Eyes"],"picked":"Singing Bowl","floor":38},{"not_picked":["Genetic Algorithm+1","Multi-Cast","Chaos"],"picked":"Singing Bowl","floor":40},{"not_picked":["Hello World+1","Consume+1"],"picked":"Capacitor+1","floor":41},{"not_picked":["Tempest","Stack","Undo+1"],"picked":"Singing Bowl","floor":42},{"not_picked":["HandOfGreed","Mind Blast","Dramatic Entrance"],"picked":"Singing Bowl","floor":44},{"not_picked":["Apotheosis","Forethought","Dramatic Entrance"],"picked":"Singing Bowl","floor":44},{"not_picked":["FTL+1","Skim"],"picked":"Self Repair+1","floor":45},{"not_picked":["Hello World+1","Blizzard+1"],"picked":"Storm+1","floor":46},{"not_picked":["Sweeping Beam","Auto Shields","Leap"],"picked":"Singing Bowl","floor":54}],"player_experience":569247,"relics_obtained":[{"floor":7.0,"key":"Oddly Smooth Stone"},{"floor":9.0,"key":"Whetstone"},{"floor":13,"key":"Bird Faced Urn"},{"floor":21,"key":"Nilry\u0027s Codex"},{"floor":23,"key":"Regal Pillow"},{"floor":26,"key":"Singing Bowl"},{"floor":27,"key":"HornCleat"},{"floor":29,"key":"Potion Belt"},{"floor":37,"key":"Thread and Needle"},{"floor":40,"key":"Gremlin Horn"},{"floor":41,"key":"FossilizedHelix"},{"floor":42,"key":"Bottled Flame"},{"floor":46,"key":"Happy Flower"},{"floor":47,"key":"Sundial"},{"floor":54,"key":"Lantern"}],"event_choices":[{"cards_removed":["Defend_B"],"damage_healed":0.0,"max_hp_gain":0.0,"max_hp_loss":0.0,"gold_gain":0.0,"event_name":"The Cleric","player_choice":"Card Removal","floor":2.0,"gold_loss":50.0,"damage_taken":0.0},{"damage_healed":25.0,"max_hp_gain":0.0,"max_hp_loss":0.0,"gold_gain":0.0,"event_name":"Big Fish","player_choice":"Banana","floor":3.0,"gold_loss":0.0,"damage_taken":0.0},{"damage_healed":0,"gold_gain":0,"player_choice":"Success","damage_taken":3,"relics_obtained":["Frozen Egg 2"],"max_hp_gain":0,"max_hp_loss":0,"event_name":"Scrap Ooze","floor":11,"gold_loss":0},{"cards_removed":["Defend_B"],"damage_healed":0,"gold_gain":0,"player_choice":"Elegance","damage_taken":0,"max_hp_gain":0,"max_hp_loss":0,"event_name":"Back to Basics","floor":19,"gold_loss":0},{"damage_healed":0,"gold_gain":0,"player_choice":"Obtained Book","damage_taken":16,"max_hp_gain":0,"max_hp_loss":0,"event_name":"Cursed Tome","floor":21,"gold_loss":0},{"damage_healed":0,"gold_gain":0,"player_choice":"Fight","damage_taken":0,"max_hp_gain":0,"max_hp_loss":0,"event_name":"Mysterious Sphere","floor":37,"gold_loss":0},{"damage_healed":0,"gold_gain":0,"player_choice":"Max HP","damage_taken":0,"max_hp_gain":0,"max_hp_loss":5,"event_name":"Winding Halls","floor":39,"gold_loss":0},{"damage_healed":0,"gold_gain":0,"player_choice":"Fight","damage_taken":0,"max_hp_gain":0,"max_hp_loss":0,"event_name":"MindBloom","floor":41,"gold_loss":0},{"damage_healed":0,"gold_gain":0,"player_choice":"Memory 2","damage_taken":5,"max_hp_gain":0,"max_hp_loss":0,"event_name":"SensoryStone","floor":44,"gold_loss":0}],"is_beta":false,"boss_relics":[{"not_picked":["Cursed Key","Runic Pyramid"],"picked":"Velvet Choker"},{"not_picked":["Sozu","Philosopher\u0027s Stone"],"picked":"Inserter"}],"items_purged_floors":[0,0,31,48,53],"is_endless":false,"potions_floor_spawned":[5,7,13,14,18,22,30,36,41,45,46,54],"ascension_level":12}}