{"host":"ex9ev9v5sog028vn","time":1613287915,"event":{"mods":["Act Like it!","BaseMod","Block Reminder","Downfall","Minty Spire (QoL Compilation)","Quick Restart","Relic Stats","StSLib"],"gold_per_floor":[99,99,110,123,141,174,174,4,4,68,94,94,94,107,127,230,230,230,247,258,358,373,373,398,398,408,128,146,46,61,61,85,193,193,193,208,225,247,169,169,169,69,62,79,79,79,107,7,25,25,25,57,18,18,18,18],"floor_reached":57,"language":"ENG","playtime":6699,"items_purged":["downfall:Malfunctioning","hexamod:Strike","hexamod:Strike","hexamod:Defend"],"score":1219,"play_id":"551b975c-4fff-464c-8ba0-be9e098af282","local_time":"20210214043155","is_ascension_mode":false,"campfire_choices":[{"data":"hexamod:Float","floor":1.0,"key":"SMITH"},{"data":"hexamod:HeatShield","floor":9.0,"key":"SMITH"},{"data":"Impatience","floor":13.0,"key":"SMITH"},{"data":"hexamod:CatchUp","floor":18.0,"key":"SMITH"},{"data":"hexamod:GhostflameInferno","floor":23.0,"key":"SMITH"},{"data":"hexamod:TimeOfNeed","floor":29.0,"key":"SMITH"},{"data":"hexamod:HeatShield","floor":35.0,"key":"SMITH"},{"floor":40,"key":"RECALL"},{"data":"hexamod:SearingWound","floor":42,"key":"SMITH"},{"data":"hexamod:ForkedFlame","floor":46,"key":"SMITH"},{"data":"hexamod:ForkedFlame","floor":48,"key":"SMITH"},{"data":"expansioncontent:InvincibleStrength","floor":54,"key":"SMITH"}],"circlet_count":0,"master_deck":["hexamod:Strike+1","hexamod:Strike+1","hexamod:Defend+1","hexamod:Defend+1","hexamod:Defend","hexamod:Sear+1","hexamod:Float+1","hexamod:BacktrackSmack","hexamod:BurningTouch","hexamod:HeatShield+1","hexamod:ExtraCrispy","hexamod:NightmareGuise","hexamod:SoulSteal","Impatience+1","hexamod:CatchUp+1","hexamod:GhostflameInferno+1","hexamod:FastForward+1","hexamod:Rewind","RitualDagger","hexamod:GhostflameBarrier+1","hexamod:Hexaguard+1","hexamod:HeatMetal","hexamod:RecurringNightmare","hexamod:TimeOfNeed+1","hexamod:GhostOfSpirePast","hexamod:HeatShield+1","hexamod:EtherealExpedition+1","hexamod:TimeWarp","hexamod:SearingWound+1","hexamod:PhantomCloak+1","hexamod:InspiringFlames+1","hexamod:Rewind+1","hexamod:EmpoweredFlame+1","hexamod:ForkedFlame+1","hexamod:ForkedFlame+1","Impatience","hexamod:RetreatToShadows+1","expansioncontent:InvincibleStrength+1"],"relics":["hexamod:SpiritBrand","Unceasing Top","Lizard Tail","Membership Card","The Courier","HornCleat","Coffee Dripper","Girya","Bottled Lightning","Orrery","Toolbox","downfall:HeartBlessingBlue","Enchiridion","Sozu","hexamod:TheBrokenSeal","StrikeDummy","downfall:HeartBlessingRed","hexamod:MatchstickCase","Lantern","Calipers","downfall:HeartBlessingGreen","hexamod:InflammatoryLetter"],"acts_visited":["Exordium","TheCity","TheBeyond","TheEnding"],"potions_floor_usage":[47,50],"damage_taken":[{"damage":0.0,"enemies":"Jaw Worm","floor":3.0,"turns":4.0},{"damage":0.0,"enemies":"2 Louse","floor":4.0,"turns":3.0},{"damage":0.0,"enemies":"Small Slimes","floor":5.0,"turns":3.0},{"damage":7.0,"enemies":"3 Sentries","floor":6.0,"turns":8.0},{"damage":5.0,"enemies":"downfall:FleeingMerchant","floor":8.0,"turns":4.0},{"damage":18.0,"enemies":"Lagavulin Event","floor":10.0,"turns":6.0},{"damage":5.0,"enemies":"Lagavulin","floor":11.0,"turns":7.0},{"damage":0.0,"enemies":"Red Slaver","floor":14.0,"turns":3.0},{"damage":4.0,"enemies":"Blue Slaver","floor":15.0,"turns":4.0},{"damage":7.0,"enemies":"SI_SHIV_ARCHETYPE","floor":16.0,"turns":10.0},{"damage":0.0,"enemies":"Shell Parasite","floor":19.0,"turns":5.0},{"damage":0.0,"enemies":"3 Byrds","floor":20.0,"turns":3.0},{"damage":18.0,"enemies":"WA_ARCHETYPE_RETAIN","floor":21.0,"turns":6.0},{"damage":7.0,"enemies":"Cultist and Chosen","floor":22.0,"turns":7.0},{"damage":0.0,"enemies":"Centurion and Healer","floor":26.0,"turns":4.0},{"damage":0.0,"enemies":"downfall:FleeingMerchant","floor":27.0,"turns":4.0},{"damage":0.0,"enemies":"Snake Plant","floor":28.0,"turns":4.0},{"damage":15.0,"enemies":"Snecko","floor":30.0,"turns":6.0},{"damage":4.0,"enemies":"3 Cultists","floor":32.0,"turns":3.0},{"damage":37.0,"enemies":"IC_MUSHROOM_ARCHETYPE","floor":33.0,"turns":15.0},{"damage":16.0,"enemies":"3 Darklings","floor":36.0,"turns":5.0},{"damage":0.0,"enemies":"Orb Walker","floor":37.0,"turns":4.0},{"damage":25,"enemies":"Writhing Mass","floor":38,"turns":7},{"damage":0,"enemies":"downfall:FleeingMerchant","floor":39,"turns":4},{"damage":0,"enemies":"downfall:FleeingMerchant","floor":43,"turns":2},{"damage":0,"enemies":"Maw","floor":44,"turns":4},{"damage":15,"enemies":"Reptomancer","floor":47,"turns":4},{"damage":0,"enemies":"4 Shapes","floor":49,"turns":3},{"damage":28,"enemies":"WA_ARCHETYPE_DIVINITY","floor":50,"turns":15},{"damage":6,"enemies":"downfall:CharBossMerchant","floor":52,"turns":6},{"damage":0,"enemies":"downfall:NeowBoss","floor":55,"turns":17},{"damage":35,"enemies":"downfall:NeowBossFinal","floor":56,"turns":18}],"seed_played":"5256644896310117797","potions_obtained":[{"floor":10.0,"key":"champ:CounterPotion"},{"floor":11.0,"key":"Weak Potion"},{"floor":14.0,"key":"Weak Potion"},{"floor":16.0,"key":"PowerPotion"},{"floor":19.0,"key":"DuplicationPotion"},{"floor":32.0,"key":"hexamod:SoulburnPotion"}],"is_trial":false,"path_per_floor":["R","?","M","M","M","E","T","$","R","?","E","?","R","M","M","B",null,"R","M","M","?","M","R","T","?","M","$","M","R","M","?","M","B",null,"R","M","M","M","$","R","T","R","?","M","?","R","E","R","M","B",null,"E","$","R","B","B",null],"character_chosen":"THE_SPIRIT","items_purchased":["Membership Card","Orrery","hexamod:TimeOfNeed","Toolbox","hexamod:MatchstickCase","Lantern","hexamod:ForkedFlame","hexamod:ForkedFlame","Impatience","expansioncontent:InvincibleStrength"],"campfire_rested":0,"item_purchase_floors":[8,27,27,27,43,43,43,43,43,53],"current_hp_per_floor":[77,77,77,77,77,70,70,65,65,47,42,42,42,42,38,31,77,77,77,77,59,52,52,52,46,46,46,46,56,41,25,21,36,87,87,71,71,82,82,82,82,82,82,82,82,82,67,67,67,39,97,91,91,91,91,56],"gold":18,"neow_bonus":"TEN_PERCENT_HP_BONUS","is_daily":false,"chose_seed":false,"campfire_upgraded":11,"win_rate":0.0,"timestamp":1613287915,"path_taken":["R","?","M","M","M","E","T","$","R","?","E","?","R","?","M","BOSS","R","M","M","?","M","R","T","?","M","?","M","R","M","?","M","BOSS","R","M","M","M","$","R","T","R","?","M","?","R","E","R","M","BOSS","E","$","R","BOSS","BOSS"],"items_purchased_type":["Relic","Relic","Card","Relic","Relic","Relic","Card","Card","Card","Card"],"build_version":"2020-12-22","purchased_purges":4,"victory":true,"max_hp_per_floor":[77,77,77,77,77,77,77,77,77,77,77,77,77,77,77,77,77,77,77,77,77,77,77,77,77,77,77,77,87,87,87,87,87,87,87,87,87,97,97,97,97,97,97,97,97,97,97,97,97,97,97,97,97,97,97,97],"relic_stats":{"Sozu":4,"Lizard Tail":43,"counters":[32,198],"obtain_stats":[{"Girya":21,"Lantern":43,"Calipers":47,"downfall:HeartBlessingRed":42,"Enchiridion":31,"hexamod:TheBrokenSeal":38,"downfall:HeartBlessingGreen":48,"The Courier":10,"hexamod:InflammatoryLetter":52,"hexamod:MatchstickCase":43,"Sozu":34,"Lizard Tail":7,"HornCleat":11,"downfall:HeartBlessingBlue":29,"Orrery":27,"Toolbox":27,"Coffee Dripper":17,"Membership Card":8,"Bottled Lightning":21,"StrikeDummy":41,"hexamod:SpiritBrand":0,"Unceasing Top":6},{"Girya":13,"Lantern":25,"Calipers":27,"downfall:HeartBlessingRed":24,"Enchiridion":18,"hexamod:TheBrokenSeal":23,"downfall:HeartBlessingGreen":27,"The Courier":6,"hexamod:InflammatoryLetter":30,"hexamod:MatchstickCase":25,"Sozu":20,"Lizard Tail":4,"HornCleat":7,"downfall:HeartBlessingBlue":17,"Orrery":16,"Toolbox":16,"Coffee Dripper":10,"Membership Card":5,"Bottled Lightning":13,"StrikeDummy":24,"hexamod:SpiritBrand":0,"Unceasing Top":4},{"Girya":66,"Lantern":131,"Calipers":139,"downfall:HeartBlessingRed":129,"Enchiridion":91,"hexamod:TheBrokenSeal":124,"downfall:HeartBlessingGreen":139,"The Courier":28,"hexamod:InflammatoryLetter":163,"hexamod:MatchstickCase":131,"Sozu":109,"Lizard Tail":18,"HornCleat":35,"downfall:HeartBlessingBlue":85,"Orrery":81,"Toolbox":81,"Coffee Dripper":52,"Membership Card":22,"Bottled Lightning":66,"StrikeDummy":129,"hexamod:SpiritBrand":0,"Unceasing Top":18}],"Unceasing Top":[9]},"card_choices":[{"not_picked":["hexamod:HeatMetal","hexamod:AdvancingGuard"],"picked":"hexamod:BacktrackSmack","floor":3.0},{"not_picked":["hexamod:SwordOfDarkness","hexamod:HauntingEcho"],"picked":"hexamod:BurningTouch","floor":4.0},{"not_picked":["hexamod:Firestarter","hexamod:FourthSeal"],"picked":"hexamod:HeatShield","floor":5.0},{"not_picked":["hexamod:ThermalTransfer","hexamod:ShieldOfDarkness"],"picked":"hexamod:ExtraCrispy","floor":6.0},{"not_picked":["hexamod:BurningTouch","hexamod:RainOfEmbers"],"picked":"hexamod:NightmareGuise","floor":8.0},{"not_picked":["hexamod:SkipABeat","hexamod:SecondSeal"],"picked":"hexamod:SoulSteal","floor":10.0},{"not_picked":["hexamod:SpectersWail","hexamod:HauntingEcho","hexamod:UnleashSpirits"],"picked":"SKIP","floor":11.0},{"not_picked":["hexamod:GhostShield","hexamod:ChargedBarrage","hexamod:NightmareStrike"],"picked":"SKIP","floor":14.0},{"not_picked":["hexamod:NightmareGuise","hexamod:HeatShield"],"picked":"hexamod:CatchUp","floor":15.0},{"not_picked":["hexamod:WildfireWeapon","hexamod:SearingWound"],"picked":"hexamod:GhostflameInferno","floor":16.0},{"not_picked":["hexamod:Again","hexamod:HauntingEcho"],"picked":"hexamod:FastForward+1","floor":19.0},{"not_picked":["hexamod:BurningTouch","hexamod:ThermalTransfer","hexamod:HauntingEcho"],"picked":"SKIP","floor":20.0},{"not_picked":["hexamod:TurnItUp","hexamod:SoulSteal+1"],"picked":"hexamod:Rewind","floor":21.0},{"not_picked":["hexamod:FastForward","hexamod:SkipABeat","hexamod:Haunt"],"picked":"SKIP","floor":22.0},{"not_picked":["hexamod:SoulSteal","hexamod:Firestarter","hexamod:SkipABeat"],"picked":"SKIP","floor":26.0},{"not_picked":["hexamod:FastForward","hexamod:ShieldOfDarkness","hexamod:ThermalTransfer"],"picked":"SKIP","floor":27.0},{"not_picked":["hexamod:SwordOfDarkness","hexamod:InspiringFlames"],"picked":"hexamod:GhostflameBarrier+1","floor":27.0},{"not_picked":["hexamod:GhostLash","hexamod:EtherealExpedition"],"picked":"hexamod:Hexaguard+1","floor":27.0},{"not_picked":["hexamod:HauntingEcho","hexamod:ShieldOfDarkness+1"],"picked":"hexamod:HeatMetal","floor":27.0},{"not_picked":["hexamod:FastForward+1","hexamod:NightmareStrike"],"picked":"hexamod:RecurringNightmare","floor":27.0},{"not_picked":["hexamod:HauntingEcho","hexamod:GhostLash"],"picked":"hexamod:FifthSeal","floor":27.0},{"not_picked":["hexamod:FourthSeal","hexamod:SecondSeal"],"picked":"hexamod:ThirdSeal","floor":28.0},{"not_picked":["hexamod:ChargedBarrage","hexamod:SwordOfDarkness","hexamod:ThermalTransfer+1"],"picked":"SKIP","floor":28.0},{"not_picked":["hexamod:SwordOfDarkness","hexamod:AdvancingGuard"],"picked":"hexamod:GhostOfSpirePast","floor":30.0},{"not_picked":["hexamod:FourthSeal","hexamod:ThirdSeal"],"picked":"hexamod:SecondSeal","floor":30.0},{"not_picked":["hexamod:SpectersWail","hexamod:BurningTouch"],"picked":"hexamod:HeatShield","floor":30.0},{"not_picked":["hexamod:ThirdSeal","hexamod:FirstSeal"],"picked":"hexamod:SixthSeal","floor":32.0},{"not_picked":["hexamod:Haunt","hexamod:GhostShield"],"picked":"hexamod:EtherealExpedition","floor":32.0},{"not_picked":["hexamod:HeatMetal+1","hexamod:SpectersWail","hexamod:Firestarter+1"],"picked":"SKIP","floor":32.0},{"not_picked":["hexamod:ThirdSeal","hexamod:FourthSeal"],"picked":"hexamod:FirstSeal","floor":33.0},{"not_picked":["hexamod:SixthSeal","hexamod:GhostOfSpirePresent"],"picked":"hexamod:TimeWarp","floor":33.0},{"not_picked":["hexamod:SixthSeal","hexamod:FifthSeal"],"picked":"hexamod:SearingWound","floor":33.0},{"not_picked":["hexamod:SpectersWail","hexamod:RainOfEmbers"],"picked":"hexamod:PhantomCloak+1","floor":36.0},{"not_picked":["hexamod:SecondSeal","hexamod:ThirdSeal"],"picked":"hexamod:FourthSeal","floor":36.0},{"not_picked":["hexamod:HeatShield","hexamod:HauntingEcho","hexamod:HeatCrush+1"],"picked":"SKIP","floor":36.0},{"not_picked":["hexamod:GhostOfSpirePast","hexamod:RadiantFlame"],"picked":"hexamod:InspiringFlames+1","floor":37.0},{"not_picked":["hexamod:ThermalTransfer+1","hexamod:SwordOfDarkness+1"],"picked":"hexamod:Rewind+1","floor":37.0},{"not_picked":["hexamod:Firestarter+1","hexamod:HeatMetal+1"],"picked":"hexamod:EmpoweredFlame+1","floor":38},{"not_picked":["hexamod:ThermalTransfer+1","hexamod:PhantomCloak","hexamod:DynamicBlow"],"picked":"SKIP","floor":39},{"not_picked":["hexamod:SpectersWail","hexamod:HeatMetal","hexamod:SecondSeal"],"picked":"SKIP","floor":43},{"not_picked":["hexamod:GhostLash","hexamod:NightmareStrike","hexamod:Firestarter"],"picked":"SKIP","floor":44},{"not_picked":["hexamod:ThermalTransfer","hexamod:EtherealExpedition","hexamod:HauntingEcho"],"picked":"SKIP","floor":47},{"not_picked":["hexamod:FourthSeal","hexamod:ChargedBarrage+1"],"picked":"hexamod:RetreatToShadows+1","floor":49},{"not_picked":["hexamod:GhostLash+1","hexamod:ShieldOfDarkness+1","hexamod:ExtraCrispy"],"picked":"SKIP","floor":52}],"player_experience":717253,"relics_obtained":[{"floor":6.0,"key":"Unceasing Top"},{"floor":7.0,"key":"Lizard Tail"},{"floor":10.0,"key":"The Courier"},{"floor":11.0,"key":"HornCleat"},{"floor":21.0,"key":"Girya"},{"floor":21.0,"key":"Bottled Lightning"},{"floor":31.0,"key":"Enchiridion"},{"floor":41,"key":"StrikeDummy"},{"floor":47,"key":"Calipers"},{"floor":52,"key":"hexamod:InflammatoryLetter"}],"event_choices":[],"is_beta":false,"boss_relics":[{"not_picked":["Snecko Eye","Empty Cage"],"picked":"Coffee Dripper"},{"not_picked":["Pandora\u0027s Box","Calling Bell"],"picked":"Sozu"}],"items_purged_floors":[27,27,39,43],"is_endless":false,"potions_floor_spawned":[10,11,14,16,19,22,26,28,32,37,47,49,52],"ascension_level":0}}