{"host":"0kk91h4bq4kgfj0u","time":1613332027,"event":{"mods":["BaseMod","Bestiary","Block Reminder","Colored Map","Colored Powertips","Curses Come First","Highlight Path","Minty Spire (QoL Compilation)","Relic Stats","StSLib"],"gold_per_floor":[126,158,170,197,209,247,259,328,340,352,379,391,36,62,62,167,167,179,179,193,193,153,182,182,196,196,222,242,256,256,290,290,392,392,411,411,21,21,32,32,60,78,78,78,78,97,0,0,0,0],"floor_reached":51,"language":"ENG","playtime":1777,"items_purged":[],"score":1038,"play_id":"69621949-ef90-4f87-b98f-12f6b83191b9","local_time":"20210214144707","is_ascension_mode":true,"campfire_choices":[{"floor":7.0,"key":"REST"},{"floor":10.0,"key":"REST"},{"floor":12.0,"key":"REST"},{"data":"Survivor","floor":15.0,"key":"SMITH"},{"data":"Cloak And Dagger","floor":24.0,"key":"SMITH"},{"floor":32.0,"key":"REST"},{"data":"Envenom","floor":40.0,"key":"SMITH"},{"floor":44.0,"key":"REST"},{"data":"Accuracy","floor":49,"key":"SMITH"}],"circlet_count":0,"master_deck":["Strike_G+1","Strike_G+1","Strike_G+1","Defend_G+1","Defend_G+1","Defend_G+1","Defend_G+1","Survivor+1","Neutralize","Backflip","Dagger Throw+1","Slice","Blade Dance","Bane","Sucker Punch","Footwork","Backstab","Adrenaline+1","Dodge and Roll+1","Blade Dance+1","Skewer+1","Cloak And Dagger+1","Caltrops+1","Sucker Punch+1","Backflip","Blur","Accuracy+1","Poisoned Stab","Envenom+1","CurseOfTheBell","Distraction+1","HandOfGreed","Underhanded Strike","Footwork","Flying Knee+1","Footwork+1","Parasite","Accuracy+1"],"relics":["Ring of the Snake","MawBank","Sundial","MealTicket","Ornamental Fan","Vajra","Happy Flower","Whetstone","Astrolabe","Juzu Bracelet","Letter Opener","Bottled Lightning","Blood Vial","MutagenicStrength","Pantograph","Calling Bell","Oddly Smooth Stone","Mercury Hourglass","Thread and Needle","Regal Pillow","Art of War","Centennial Puzzle","Molten Egg 2"],"acts_visited":["Exordium","TheCity","TheBeyond"],"potions_floor_usage":[50,50],"damage_taken":[{"damage":0.0,"enemies":"2 Louse","floor":1.0,"turns":4.0},{"damage":6.0,"enemies":"Small Slimes","floor":2.0,"turns":6.0},{"damage":0.0,"enemies":"Jaw Worm","floor":4.0,"turns":3.0},{"damage":23.0,"enemies":"Gremlin Nob","floor":6.0,"turns":5.0},{"damage":36.0,"enemies":"Lagavulin Event","floor":8.0,"turns":6.0},{"damage":4.0,"enemies":"Blue Slaver","floor":11.0,"turns":3.0},{"damage":15.0,"enemies":"Lagavulin","floor":14.0,"turns":6.0},{"damage":0.0,"enemies":"Slime Boss","floor":16.0,"turns":6.0},{"damage":0.0,"enemies":"Chosen","floor":18.0,"turns":4.0},{"damage":0.0,"enemies":"Spheric Guardian","floor":20.0,"turns":2.0},{"damage":9.0,"enemies":"Gremlin Leader","floor":23.0,"turns":4.0},{"damage":12.0,"enemies":"Snake Plant","floor":25.0,"turns":3.0},{"damage":2.0,"enemies":"Slavers","floor":27.0,"turns":4.0},{"damage":0.0,"enemies":"Chosen and Byrds","floor":28.0,"turns":3.0},{"damage":0.0,"enemies":"Centurion and Healer","floor":29.0,"turns":5.0},{"damage":11.0,"enemies":"Book of Stabbing","floor":31.0,"turns":5.0},{"damage":31.0,"enemies":"Collector","floor":33.0,"turns":7.0},{"damage":17.0,"enemies":"3 Shapes","floor":35.0,"turns":4.0},{"damage":17.0,"enemies":"3 Darklings","floor":39.0,"turns":4.0},{"damage":35.0,"enemies":"Reptomancer","floor":41.0,"turns":7.0},{"damage":26.0,"enemies":"Transient","floor":42.0,"turns":5.0},{"damage":6,"enemies":"Writhing Mass","floor":46,"turns":8},{"damage":59,"enemies":"Donu and Deca","floor":50,"turns":10}],"seed_played":"5478980951658073783","potions_obtained":[{"floor":1.0,"key":"Energy Potion"},{"floor":2.0,"key":"SteroidPotion"},{"floor":4.0,"key":"ColorlessPotion"},{"floor":11.0,"key":"CunningPotion"},{"floor":20.0,"key":"AttackPotion"},{"floor":23.0,"key":"ColorlessPotion"},{"floor":29.0,"key":"SteroidPotion"},{"floor":31.0,"key":"Strength Potion"},{"floor":35.0,"key":"EntropicBrew"},{"floor":41.0,"key":"BlessingOfTheForge"},{"floor":46,"key":"Dexterity Potion"}],"is_trial":false,"path_per_floor":["M","M","?","M","?","E","R","?","T","R","M","R","$","E","R","B",null,"M","?","M","?","?","E","R","M","T","E","M","M","?","E","R","B",null,"M","?","$","T","M","R","E","M","T","R","$","M","$","?","R","B",null],"character_chosen":"THE_SILENT","items_purchased":["Vajra","Happy Flower","Footwork","Regal Pillow","HandOfGreed","Underhanded Strike","FairyPotion"],"campfire_rested":5,"item_purchase_floors":[13,13,13,37,37,37,47],"current_hp_per_floor":[63,57,43,43,48,25,47,11,11,33,29,51,66,51,51,51,69,69,69,69,69,69,60,60,48,48,46,48,50,50,41,63,44,67,52,75,75,75,58,58,25,1,1,38,53,49,64,64,64,16],"gold":0,"neow_bonus":"RANDOM_COMMON_RELIC","is_daily":false,"chose_seed":false,"campfire_upgraded":4,"win_rate":0.0,"timestamp":1613332027,"path_taken":["M","M","?","M","?","E","R","?","T","R","M","R","?","E","R","BOSS","M","?","M","?","?","E","R","M","T","E","M","M","?","E","R","BOSS","M","?","$","?","M","R","E","M","T","R","$","M","?","?","R","BOSS"],"items_purchased_type":["Relic","Relic","Card","Relic","Card","Card","Potion"],"build_version":"2020-12-22","purchased_purges":0,"victory":true,"max_hp_per_floor":[70,70,70,70,75,75,75,75,75,75,75,75,75,75,75,75,75,75,75,75,75,75,75,75,75,75,75,75,75,75,75,75,75,75,75,75,75,75,75,75,75,75,75,75,75,75,75,75,75,75],"relic_stats":{"Regal Pillow":15,"Happy Flower":[29],"counters":[23,114],"Astrolabe":["Dodge and Roll","Blade Dance","Skewer"],"Juzu Bracelet":2,"Whetstone":["Dagger Throw","Strike_G"],"Letter Opener":[114],"MawBank":156,"Mercury Hourglass":[154],"Blood Vial":14,"Centennial Puzzle":[9],"Sundial":[10],"Ornamental Fan":[260],"Pantograph":23,"MealTicket":45,"Art of War":[2],"obtain_stats":[{"Regal Pillow":37,"Happy Flower":13,"Astrolabe":17,"Vajra":13,"Oddly Smooth Stone":34,"Thread and Needle":34,"Juzu Bracelet":19,"Whetstone":14,"Letter Opener":23,"MawBank":0,"Mercury Hourglass":34,"Blood Vial":27,"Calling Bell":34,"Centennial Puzzle":41,"Sundial":6,"Ornamental Fan":9,"MutagenicStrength":30,"Pantograph":31,"MealTicket":8,"Molten Egg 2":43,"Art of War":38,"Bottled Lightning":26,"Ring of the Snake":0},{"Regal Pillow":18,"Happy Flower":6,"Astrolabe":8,"Vajra":6,"Oddly Smooth Stone":17,"Thread and Needle":17,"Juzu Bracelet":9,"Whetstone":7,"Letter Opener":11,"MawBank":0,"Mercury Hourglass":17,"Blood Vial":13,"Calling Bell":17,"Centennial Puzzle":20,"Sundial":4,"Ornamental Fan":5,"MutagenicStrength":15,"Pantograph":16,"MealTicket":5,"Molten Egg 2":21,"Art of War":18,"Bottled Lightning":12,"Ring of the Snake":0},{"Regal Pillow":80,"Happy Flower":27,"Astrolabe":39,"Vajra":27,"Oddly Smooth Stone":76,"Thread and Needle":76,"Juzu Bracelet":43,"Whetstone":33,"Letter Opener":49,"MawBank":0,"Mercury Hourglass":76,"Blood Vial":56,"Calling Bell":76,"Centennial Puzzle":91,"Sundial":18,"Ornamental Fan":24,"MutagenicStrength":64,"Pantograph":69,"MealTicket":24,"Molten Egg 2":96,"Art of War":80,"Bottled Lightning":52,"Ring of the Snake":0}],"Ring of the Snake":[46]},"card_choices":[{"not_picked":["Eviscerate","Quick Slash"],"picked":"Backflip","floor":1.0},{"not_picked":["Deflect","Outmaneuver"],"picked":"Dagger Throw","floor":2.0},{"not_picked":["Doppelganger","Bane"],"picked":"Slice","floor":4.0},{"not_picked":["Dagger Throw","Deflect"],"picked":"Blade Dance","floor":6.0},{"not_picked":["All Out Attack","Masterful Stab"],"picked":"Bane","floor":8.0},{"not_picked":["Terror","Riddle With Holes"],"picked":"Sucker Punch","floor":11.0},{"not_picked":["Sucker Punch","Slice"],"picked":"Backstab","floor":14.0},{"not_picked":["Doppelganger","Grand Finale"],"picked":"Adrenaline","floor":16.0},{"not_picked":["Dodge and Roll","Dagger Spray"],"picked":"Cloak And Dagger","floor":18.0},{"not_picked":["Catalyst+1","Prepared+1"],"picked":"Caltrops","floor":20.0},{"not_picked":["Dagger Throw","Dagger Spray"],"picked":"Caltrops+1","floor":23.0},{"not_picked":["Backflip","Flechettes"],"picked":"Sucker Punch+1","floor":25.0},{"not_picked":["Sucker Punch","Acrobatics"],"picked":"Backflip","floor":27.0},{"not_picked":["Sucker Punch","Eviscerate+1"],"picked":"Blur","floor":28.0},{"not_picked":["All Out Attack","Quick Slash"],"picked":"Accuracy","floor":29.0},{"not_picked":["Tools of the Trade","Outmaneuver+1"],"picked":"Poisoned Stab","floor":31.0},{"not_picked":["Die Die Die","Burst"],"picked":"Envenom","floor":33.0},{"not_picked":["Sucker Punch+1","Noxious Fumes"],"picked":"Distraction+1","floor":35.0},{"not_picked":["Flechettes+1","Adrenaline"],"picked":"Footwork","floor":39.0},{"not_picked":["Acrobatics+1","Concentrate"],"picked":"Flying Knee+1","floor":41.0},{"not_picked":["Dagger Throw+1","Dodge and Roll+1"],"picked":"Footwork+1","floor":42.0},{"not_picked":["PiercingWail+1","Deadly Poison"],"picked":"Accuracy+1","floor":46}],"player_experience":875498,"relics_obtained":[{"floor":6.0,"key":"Sundial"},{"floor":8.0,"key":"MealTicket"},{"floor":9.0,"key":"Ornamental Fan"},{"floor":14.0,"key":"Whetstone"},{"floor":23.0,"key":"Letter Opener"},{"floor":26.0,"key":"Bottled Lightning"},{"floor":27.0,"key":"Blood Vial"},{"floor":31.0,"key":"Pantograph"},{"floor":34.0,"key":"Oddly Smooth Stone"},{"floor":34.0,"key":"Mercury Hourglass"},{"floor":34.0,"key":"Thread and Needle"},{"floor":38.0,"key":"Art of War"},{"floor":41.0,"key":"Centennial Puzzle"},{"floor":43.0,"key":"Molten Egg 2"}],"event_choices":[{"damage_healed":0.0,"max_hp_gain":0.0,"max_hp_loss":0.0,"gold_gain":0.0,"event_name":"Shining Light","player_choice":"Entered Light","floor":3.0,"gold_loss":0.0,"damage_taken":14.0,"cards_upgraded":["Strike_G","Defend_G"]},{"damage_healed":0.0,"max_hp_gain":5.0,"max_hp_loss":0.0,"gold_gain":0.0,"event_name":"Big Fish","player_choice":"Donut","floor":5.0,"gold_loss":0.0,"damage_taken":0.0},{"damage_healed":0.0,"max_hp_gain":0.0,"max_hp_loss":0.0,"gold_gain":0.0,"event_name":"Dead Adventurer","player_choice":"Searched \u00271\u0027 times","floor":8.0,"gold_loss":0.0,"damage_taken":0.0},{"damage_healed":0.0,"max_hp_gain":0.0,"max_hp_loss":0.0,"gold_gain":0.0,"event_name":"The Mausoleum","player_choice":"Opened","floor":19.0,"gold_loss":0.0,"damage_taken":0.0,"relics_obtained":["Juzu Bracelet"]},{"damage_healed":0.0,"max_hp_gain":0.0,"max_hp_loss":0.0,"gold_gain":0.0,"event_name":"Back to Basics","player_choice":"Simplicity","floor":21.0,"gold_loss":0.0,"damage_taken":0.0,"cards_upgraded":["Strike_G","Strike_G","Defend_G","Defend_G","Defend_G"]},{"damage_healed":0.0,"max_hp_gain":0.0,"max_hp_loss":0.0,"gold_gain":0.0,"event_name":"Designer","player_choice":"Upgrade","floor":22.0,"gold_loss":40.0,"damage_taken":0.0,"cards_upgraded":["Adrenaline"]},{"damage_healed":0.0,"max_hp_gain":0.0,"max_hp_loss":0.0,"gold_gain":0.0,"event_name":"Drug Dealer","player_choice":"Inject Mutagens","floor":30.0,"gold_loss":0.0,"damage_taken":0.0,"relics_obtained":["MutagenicStrength"]},{"damage_healed":23.0,"max_hp_gain":0.0,"max_hp_loss":0.0,"gold_gain":0.0,"event_name":"Wheel of Change","player_choice":"Full Heal","floor":36.0,"gold_loss":0.0,"damage_taken":0.0},{"cards_removed":["Caltrops"],"damage_healed":0,"gold_gain":0,"player_choice":"Removed Power","damage_taken":0,"max_hp_gain":0,"max_hp_loss":0,"event_name":"Falling","floor":48,"gold_loss":0}],"is_beta":false,"boss_relics":[{"not_picked":["Philosopher\u0027s Stone","Coffee Dripper"],"picked":"Astrolabe"},{"not_picked":["Pandora\u0027s Box","SlaversCollar"],"picked":"Calling Bell"}],"items_purged_floors":[],"is_endless":false,"potions_floor_spawned":[1,2,4,11,14,20,23,29,31,35,41,46],"ascension_level":6}}