{"host":"skqrv63k0gjilndt","time":1613299860,"event":{"mods":["AchievementEnabler","BaseMod","Bestiary","Colored Powertips","Highlight Path","Minty Spire (QoL Compilation)","Quick Restart"],"gold_per_floor":[112,122,21,21,42,42,73,73,73,107,125,125,139,213,213,332,332,353,366,379,56,80,80,5,5,80,111,129,129,144,180,180,306,306,320,320,395,407,120,151,166,166,192,235,250,289,289,303,303,303,303,303,60,95,95],"floor_reached":56,"language":"ENG","playtime":5583,"items_purged":["Strike_P","Strike_P"],"score":1310,"play_id":"afe691ad-1967-4413-a6f5-4ecadf4e4b02","local_time":"20210214025100","is_ascension_mode":false,"campfire_choices":[{"data":"Eruption","floor":6.0,"key":"SMITH"},{"floor":8.0,"key":"REST"},{"data":"Crescendo","floor":12.0,"key":"SMITH"},{"data":"BattleHymn","floor":15.0,"key":"SMITH"},{"data":"Vault","floor":23.0,"key":"SMITH"},{"data":"Perseverance","floor":29.0,"key":"SMITH"},{"data":"ConjureBlade","floor":32.0,"key":"SMITH"},{"data":"Establishment","floor":42.0,"key":"SMITH"},{"floor":49.0,"key":"RECALL"},{"data":"FlurryOfBlows","floor":52.0,"key":"SMITH"}],"circlet_count":0,"master_deck":["Defend_P","Defend_P","Defend_P","Eruption+1","Vigilance","BattleHymn+1","Crescendo+1","Protect","ClearTheMind","FlurryOfBlows+1","Perseverance+1","Consecrate+1","ReachHeaven+1","FearNoEvil+1","ConjureBlade+1","EmptyMind+1","CutThroughFate+1","SashWhip+1","Vault+1","Conclude+1","Wallop+1","FearNoEvil+1","EmptyBody+1","Establishment+1","LikeWater+1","Meditate+1","Wallop+1","ThirdEye+1","Halt+1","Crescendo+1","Weave+1","ThirdEye+1","Protect+1","CarveReality+1","Consecrate+1"],"relics":["Black Star","Golden Idol","Tiny Chest","Bag of Preparation","White Beast Statue","Molten Egg 2","Bottled Lightning","Pear","Empty Cage","MealTicket","Matryoshka","Anchor","Pocketwatch","Du-Vu Doll","StoneCalendar","Eternal Feather","MawBank","Prayer Wheel","Lizard Tail","Lantern","Nunchaku","PreservedInsect","Thread and Needle","Damaru","Darkstone Periapt","Kunai","Vajra","Strange Spoon","Gremlin Horn","Mercury Hourglass"],"acts_visited":["Exordium","TheCity","TheBeyond","TheEnding"],"potions_floor_usage":[55,55,55],"damage_taken":[{"damage":2.0,"enemies":"Small Slimes","floor":1.0,"turns":4.0},{"damage":11.0,"enemies":"Jaw Worm","floor":2.0,"turns":4.0},{"damage":1.0,"enemies":"2 Louse","floor":5.0,"turns":2.0},{"damage":32.0,"enemies":"Gremlin Nob","floor":7.0,"turns":4.0},{"damage":4.0,"enemies":"3 Sentries","floor":10.0,"turns":6.0},{"damage":0.0,"enemies":"Large Slime","floor":11.0,"turns":4.0},{"damage":0.0,"enemies":"Blue Slaver","floor":13.0,"turns":3.0},{"damage":8.0,"enemies":"Lagavulin Event","floor":14.0,"turns":3.0},{"damage":1.0,"enemies":"Hexaghost","floor":16.0,"turns":4.0},{"damage":0.0,"enemies":"Chosen","floor":18.0,"turns":3.0},{"damage":8.0,"enemies":"Shell Parasite","floor":19.0,"turns":4.0},{"damage":3.0,"enemies":"Shelled Parasite and Fungi","floor":20.0,"turns":4.0},{"damage":0.0,"enemies":"Centurion and Healer","floor":22.0,"turns":3.0},{"damage":19.0,"enemies":"Slavers","floor":27.0,"turns":3.0},{"damage":0.0,"enemies":"Snecko","floor":28.0,"turns":3.0},{"damage":0.0,"enemies":"Sentry and Sphere","floor":30.0,"turns":2.0},{"damage":3.0,"enemies":"Book of Stabbing","floor":31.0,"turns":5.0},{"damage":3.0,"enemies":"Champ","floor":33.0,"turns":6.0},{"damage":15.0,"enemies":"3 Darklings","floor":35.0,"turns":3.0},{"damage":18.0,"enemies":"Mind Bloom Boss Battle","floor":37.0,"turns":8.0},{"damage":16.0,"enemies":"Nemesis","floor":40.0,"turns":7.0},{"damage":0.0,"enemies":"3 Shapes","floor":41.0,"turns":3.0},{"damage":8.0,"enemies":"Reptomancer","floor":44.0,"turns":4.0},{"damage":0.0,"enemies":"3 Darklings","floor":45.0,"turns":4.0},{"damage":2.0,"enemies":"Nemesis","floor":46.0,"turns":4.0},{"damage":0.0,"enemies":"Sphere and 2 Shapes","floor":48.0,"turns":3.0},{"damage":12.0,"enemies":"Awakened One","floor":50.0,"turns":10.0},{"damage":18.0,"enemies":"Shield and Spear","floor":54.0,"turns":4.0},{"damage":158,"enemies":"The Heart","floor":55,"turns":8}],"seed_played":"-8001465809650402918","potions_obtained":[{"floor":1.0,"key":"Fire Potion"},{"floor":5.0,"key":"SmokeBomb"},{"floor":10.0,"key":"BottledMiracle"},{"floor":11.0,"key":"Ambrosia"},{"floor":13.0,"key":"Fire Potion"},{"floor":16.0,"key":"PowerPotion"},{"floor":18.0,"key":"PowerPotion"},{"floor":19.0,"key":"LiquidMemories"},{"floor":20.0,"key":"SkillPotion"},{"floor":22.0,"key":"Ancient Potion"},{"floor":27.0,"key":"Ancient Potion"},{"floor":28.0,"key":"SteroidPotion"},{"floor":30.0,"key":"StancePotion"},{"floor":33.0,"key":"Ambrosia"},{"floor":35.0,"key":"BottledMiracle"},{"floor":37.0,"key":"SkillPotion"},{"floor":40.0,"key":"Block Potion"},{"floor":41.0,"key":"Energy Potion"},{"floor":44.0,"key":"DuplicationPotion"},{"floor":46.0,"key":"PowerPotion"},{"floor":48.0,"key":"Strength Potion"}],"is_trial":false,"path_per_floor":["M","M","$","?","M","R","E","R","T","E","M","R","M","?","R","B",null,"M","M","M","$","M","R","?","?","T","E","M","R","M","E","R","B",null,"M","T","?","?","$","E","M","R","T","E","M","E","T","M","R","B",null,"R","$","E","B",null],"character_chosen":"WATCHER","items_purchased":["Protect","MealTicket","Vault","Lizard Tail","Ambrosia","Strange Spoon"],"campfire_rested":1,"item_purchase_floors":[3,21,21,39,53,53],"current_hp_per_floor":[70,59,59,41,40,40,8,29,29,25,25,25,25,27,27,26,82,82,74,71,71,71,71,71,71,71,52,52,52,52,49,49,46,82,67,67,49,49,64,48,48,66,66,58,58,56,56,56,77,65,82,82,82,64,27],"gold":95,"neow_bonus":"BOSS_RELIC","is_daily":false,"chose_seed":false,"campfire_upgraded":8,"win_rate":0.0,"timestamp":1613299860,"path_taken":["M","M","$","?","M","R","E","R","T","E","M","R","M","?","R","BOSS","M","M","M","$","M","R","?","?","T","E","M","R","M","E","R","BOSS","M","?","?","?","$","E","M","R","T","E","?","E","?","M","R","BOSS","R","$","E","BOSS"],"items_purchased_type":["Card","Relic","Card","Relic","Potion","Relic"],"build_version":"2020-12-22","purchased_purges":2,"victory":true,"max_hp_per_floor":[72,72,72,72,72,72,72,72,72,72,72,72,72,82,82,82,82,82,82,82,82,82,82,82,82,82,82,82,82,82,82,82,82,82,82,82,82,82,82,82,82,82,82,82,82,82,82,82,82,82,82,82,82,82,82],"card_choices":[{"not_picked":["Protect","JustLucky"],"picked":"BattleHymn","floor":1.0},{"not_picked":["CrushJoints","BowlingBash"],"picked":"Crescendo","floor":2.0},{"not_picked":["Consecrate","Crescendo"],"picked":"ClearTheMind","floor":5.0},{"not_picked":["ConjureBlade","Crescendo"],"picked":"FlurryOfBlows","floor":7.0},{"not_picked":["WaveOfTheHand","FlurryOfBlows+1"],"picked":"Perseverance","floor":10.0},{"not_picked":["Crescendo","Halt"],"picked":"Consecrate+1","floor":11.0},{"not_picked":["Crescendo","Protect"],"picked":"ReachHeaven+1","floor":13.0},{"not_picked":["SashWhip+1","BowlingBash+1"],"picked":"FearNoEvil+1","floor":14.0},{"not_picked":["DeusExMachina","Scrawl"],"picked":"ConjureBlade","floor":16.0},{"not_picked":["BowlingBash+1","JustLucky+1"],"picked":"EmptyMind+1","floor":18.0},{"not_picked":["Halt+1","EmptyBody"],"picked":"CutThroughFate+1","floor":19.0},{"not_picked":["Perseverance+1","Consecrate+1"],"picked":"SashWhip+1","floor":20.0},{"not_picked":["BattleHymn","Protect","Crescendo+1"],"picked":"SKIP","floor":22.0},{"not_picked":["BowlingBash+1","WreathOfFlame"],"picked":"Conclude+1","floor":27.0},{"not_picked":["PathToVictory","Crescendo+1"],"picked":"Wallop+1","floor":28.0},{"not_picked":["ClearTheMind","Study"],"picked":"FearNoEvil+1","floor":30.0},{"not_picked":["BowlingBash+1","TalkToTheHand+1"],"picked":"EmptyBody+1","floor":31.0},{"not_picked":["Judgement","ConjureBlade"],"picked":"Establishment","floor":33.0},{"not_picked":["CutThroughFate+1","Evaluate+1"],"picked":"LikeWater+1","floor":35.0},{"not_picked":["FollowUp+1","Worship"],"picked":"Meditate+1","floor":37.0},{"not_picked":["Pray","ReachHeaven+1"],"picked":"ThirdEye+1","floor":40.0},{"not_picked":["FlyingSleeves+1","Vengeance+1"],"picked":"Halt+1","floor":41.0},{"not_picked":["Pray","SashWhip+1"],"picked":"Crescendo+1","floor":41.0},{"not_picked":["Fasting2","ThirdEye"],"picked":"Weave+1","floor":44.0},{"not_picked":["ConjureBlade","Conclude+1"],"picked":"ThirdEye+1","floor":45.0},{"not_picked":["Adaptation","ClearTheMind"],"picked":"Protect+1","floor":45.0},{"not_picked":["Crescendo","BowlingBash+1"],"picked":"CarveReality+1","floor":46.0},{"not_picked":["BowlingBash+1","Pray+1"],"picked":"Consecrate+1","floor":48.0},{"not_picked":["Indignation","Study","ReachHeaven+1"],"picked":"SKIP","floor":48.0},{"not_picked":["Tantrum+1","WreathOfFlame+1","Vengeance"],"picked":"SKIP","floor":54.0}],"player_experience":73306,"relics_obtained":[{"floor":7.0,"key":"Tiny Chest"},{"floor":7.0,"key":"Bag of Preparation"},{"floor":9.0,"key":"White Beast Statue"},{"floor":10.0,"key":"Molten Egg 2"},{"floor":10.0,"key":"Bottled Lightning"},{"floor":14.0,"key":"Pear"},{"floor":26.0,"key":"Matryoshka"},{"floor":27.0,"key":"Anchor"},{"floor":27.0,"key":"Pocketwatch"},{"floor":31.0,"key":"Du-Vu Doll"},{"floor":31.0,"key":"StoneCalendar"},{"floor":36.0,"key":"Eternal Feather"},{"floor":36.0,"key":"MawBank"},{"floor":37.0,"key":"Prayer Wheel"},{"floor":40.0,"key":"Lantern"},{"floor":40.0,"key":"Nunchaku"},{"floor":43.0,"key":"PreservedInsect"},{"floor":44.0,"key":"Thread and Needle"},{"floor":44.0,"key":"Damaru"},{"floor":46.0,"key":"Darkstone Periapt"},{"floor":46.0,"key":"Kunai"},{"floor":47.0,"key":"Vajra"},{"floor":54.0,"key":"Gremlin Horn"},{"floor":54.0,"key":"Mercury Hourglass"}],"event_choices":[{"damage_healed":0.0,"max_hp_gain":0.0,"max_hp_loss":0.0,"gold_gain":0.0,"event_name":"Golden Idol","player_choice":"Take Damage","floor":4.0,"gold_loss":0.0,"damage_taken":18.0,"relics_obtained":["Golden Idol"]},{"damage_healed":0.0,"max_hp_gain":0.0,"max_hp_loss":0.0,"gold_gain":0.0,"event_name":"Dead Adventurer","player_choice":"Searched \u00272\u0027 times","floor":14.0,"gold_loss":0.0,"damage_taken":0.0},{"cards_removed":["Defend_P"],"damage_healed":0.0,"max_hp_gain":0.0,"max_hp_loss":0.0,"gold_gain":0.0,"event_name":"Beggar","player_choice":"Gave Gold","floor":24.0,"gold_loss":75.0,"damage_taken":0.0},{"damage_healed":0.0,"max_hp_gain":0.0,"max_hp_loss":0.0,"gold_gain":0.0,"event_name":"Ghosts","player_choice":"Ignored","floor":25.0,"gold_loss":0.0,"damage_taken":0.0},{"damage_healed":0.0,"max_hp_gain":0.0,"max_hp_loss":0.0,"gold_gain":0.0,"event_name":"MindBloom","player_choice":"Fight","floor":37.0,"gold_loss":0.0,"damage_taken":0.0},{"damage_healed":0.0,"max_hp_gain":0.0,"max_hp_loss":0.0,"gold_gain":0.0,"event_name":"Match and Keep!","player_choice":"1 cards matched","floor":38.0,"gold_loss":0.0,"damage_taken":0.0,"cards_obtained":["Wallop"]},{"damage_healed":0.0,"max_hp_gain":0.0,"max_hp_loss":0.0,"gold_gain":0.0,"event_name":"Match and Keep!","player_choice":"1 cards matched","floor":38.0,"gold_loss":0.0,"damage_taken":0.0,"cards_obtained":["Wallop"]}],"is_beta":false,"boss_relics":[{"not_picked":["SlaversCollar","SacredBark"],"picked":"Empty Cage"},{"not_picked":["Sozu","Snecko Eye","Pandora\u0027s Box"]}],"items_purged_floors":[3,21],"is_endless":false,"potions_floor_spawned":[1,5,10,11,13,14,16,18,19,20,22,27,28,30,31,33,35,37,40,41,44,45,46,48,54],"ascension_level":0}}