{"host":"prxrhpgaxnj4om9r","time":1613281055,"event":{"mods":["AchievementEnabler","BaseMod","DeckTracker","Minty Spire (QoL Compilation)"],"gold_per_floor":[113,113,113,45,64,64,81,114,114,134,134,7,37,50,50,152,152,167,167,167,183,198,229,229,46,46,46,46,46,56,69,69,166,166,184,49,67,13,63,63,92,108,155,165,165,178,178,193,193,193,193,193,16,44,44,44],"floor_reached":55,"language":"KOR","playtime":3653,"items_purged":["Defend_G"],"score":752,"play_id":"2c99c96a-8601-4451-919a-bcb6f10f244e","local_time":"20210214143735","is_ascension_mode":false,"campfire_choices":[{"data":"After Image","floor":6,"key":"SMITH"},{"floor":15,"key":"REST"},{"floor":29,"key":"RECALL"},{"data":"Survivor","floor":32,"key":"SMITH"},{"data":"Storm of Steel","floor":40,"key":"SMITH"},{"floor":47,"key":"REST"},{"floor":49,"key":"REST"},{"data":"Corpse Explosion","floor":52,"key":"SMITH"}],"circlet_count":0,"master_deck":["Survivor+1","Neutralize","Dagger Throw+1","After Image+1","Backflip","Burst","Flying Knee","Reflex","Bane","Unload","Corpse Explosion+1","Well Laid Plans","Calculated Gamble","Setup","Expertise","Glass Knife+1","Heel Hook","Storm of Steel+1","Choke","Eviscerate","Masterful Stab+1","Deadly Poison","Prepared+1","Footwork","Distraction+1","Deadly Poison+1","Venomology+1","Blur+1","Bullet Time+1","PiercingWail+1","Cloak And Dagger+1","Escape Plan+1","Acrobatics+1","Blade Dance+1","All Out Attack+1","Enlightenment+1","Deflect+1","Underhanded Strike+1","Accuracy","Venomology+1","Deadly Poison+1"],"relics":["Ring of the Serpent","Incense Burner","Toy Ornithopter","TungstenRod","Vajra","Pandora\u0027s Box","Toxic Egg 2","Bronze Scales","Paper Crane","WingedGreaves","White Beast Statue","Anchor"],"acts_visited":["Exordium","TheCity","TheBeyond","TheEnding"],"potions_floor_usage":[1,8,8,8,13,16,21,33,33,35,37,42,42,44,44,46,48,48,50,50,50,54,54,55,55],"damage_taken":[{"damage":0,"enemies":"Jaw Worm","floor":1,"turns":4},{"damage":0,"enemies":"2 Louse","floor":5,"turns":3},{"damage":0,"enemies":"Cultist","floor":7,"turns":4},{"damage":23,"enemies":"3 Sentries","floor":8,"turns":13},{"damage":3,"enemies":"Large Slime","floor":10,"turns":9},{"damage":27,"enemies":"Gremlin Nob","floor":13,"turns":6},{"damage":0,"enemies":"Lots of Slimes","floor":14,"turns":4},{"damage":24,"enemies":"The Guardian","floor":16,"turns":13},{"damage":0,"enemies":"Spheric Guardian","floor":18,"turns":3},{"damage":2,"enemies":"3 Byrds","floor":21,"turns":3},{"damage":0,"enemies":"3 Cultists","floor":22,"turns":3},{"damage":36,"enemies":"Book of Stabbing","floor":23,"turns":6},{"damage":8,"enemies":"Centurion and Healer","floor":30,"turns":4},{"damage":3,"enemies":"Snake Plant","floor":31,"turns":3},{"damage":48,"enemies":"Automaton","floor":33,"turns":10},{"damage":5,"enemies":"3 Darklings","floor":35,"turns":4},{"damage":5,"enemies":"3 Shapes","floor":37,"turns":2},{"damage":0,"enemies":"Mind Bloom Boss Battle","floor":39,"turns":6},{"damage":58,"enemies":"Reptomancer","floor":41,"turns":6},{"damage":0,"enemies":"Transient","floor":42,"turns":5},{"damage":10,"enemies":"Spire Growth","floor":44,"turns":4},{"damage":7,"enemies":"4 Shapes","floor":46,"turns":1},{"damage":0,"enemies":"Writhing Mass","floor":48,"turns":6},{"damage":35,"enemies":"Donu and Deca","floor":50,"turns":7},{"damage":52,"enemies":"Shield and Spear","floor":54,"turns":5},{"damage":76,"enemies":"The Heart","floor":55,"turns":5}],"seed_played":"8693440959300705876","potions_obtained":[{"floor":0,"key":"ColorlessPotion"},{"floor":0,"key":"Swift Potion"},{"floor":0,"key":"Fire Potion"},{"floor":5,"key":"Poison Potion"},{"floor":8,"key":"FairyPotion"},{"floor":10,"key":"Dexterity Potion"},{"floor":14,"key":"Fire Potion"},{"floor":18,"key":"Fire Potion"},{"floor":31,"key":"Explosive Potion"},{"floor":35,"key":"Fire Potion"},{"floor":42,"key":"Poison Potion"},{"floor":44,"key":"Explosive Potion"},{"floor":46,"key":"PowerPotion"},{"floor":48,"key":"Block Potion"},{"floor":54,"key":"SteroidPotion"}],"is_trial":false,"path_per_floor":["M","?","?","$","M","R","M","E","T","M","?","$","E","M","R","B",null,"M","?","?","M","M","E","?","$","T","$","?","R","M","M","R","B",null,"M","$","M","$","?","R","E","M","T","M","?","M","R","M","R","B",null,"R","$","E","B"],"character_chosen":"THE_SILENT","items_purchased":["After Image","SkillPotion","Bronze Scales","Footwork","Bullet Time+1","Cloak And Dagger+1","Accuracy","Venomology+1"],"campfire_rested":3,"item_purchase_floors":[4,12,25,25,36,38,53,53],"current_hp_per_floor":[70,67,67,67,67,67,67,44,44,41,41,41,19,19,40,21,70,70,70,70,68,68,32,32,32,32,32,70,70,62,59,59,21,70,65,65,65,65,65,65,7,17,17,17,17,15,36,46,67,40,70,70,70,28,0,0],"gold":44,"neow_bonus":"THREE_SMALL_POTIONS","is_daily":false,"chose_seed":false,"campfire_upgraded":4,"win_rate":0.0,"timestamp":1613281055,"path_taken":["M","?","?","$","?","R","M","E","T","M","?","$","E","?","R","BOSS","M","?","?","M","?","E","?","$","T","?","?","R","?","?","R","BOSS","M","$","?","?","?","R","E","M","T","M","?","M","R","?","R","BOSS","R","$","E","BOSS"],"items_purchased_type":["Card","Potion","Relic","Card","Card","Card","Card","Card"],"build_version":"2020-12-22","purchased_purges":1,"victory":false,"max_hp_per_floor":[70,70,70,70,70,70,70,70,70,70,70,70,70,70,70,70,70,70,70,70,70,70,70,70,70,70,70,70,70,70,70,70,70,70,70,70,70,70,70,70,70,70,70,70,70,70,70,70,70,70,70,70,70,70,70,70],"card_choices":[{"not_picked":["Heel Hook","Crippling Poison"],"picked":"Dagger Throw","floor":1},{"not_picked":["Dash","Concentrate"],"picked":"Backflip","floor":5},{"not_picked":["Dodge and Roll","Infinite Blades"],"picked":"Burst","floor":7},{"not_picked":["Cloak And Dagger","Sucker Punch"],"picked":"Flying Knee","floor":8},{"not_picked":["Flechettes","Setup"],"picked":"Reflex","floor":10},{"not_picked":["Dodge and Roll","Backflip"],"picked":"Bane","floor":13},{"not_picked":["Backflip","Noxious Fumes"],"picked":"Unload","floor":14},{"not_picked":["After Image","Unload"],"picked":"Corpse Explosion","floor":16},{"not_picked":["Dagger Throw","Backflip"],"picked":"Eviscerate","floor":18},{"not_picked":["Dodge and Roll+1","Flying Knee"],"picked":"Masterful Stab+1","floor":21},{"not_picked":["Flechettes","Dodge and Roll"],"picked":"Deadly Poison","floor":22},{"not_picked":["Quick Slash","Accuracy"],"picked":"Prepared+1","floor":23},{"not_picked":["Terror+1","Setup+1"],"picked":"Distraction+1","floor":30},{"not_picked":["Backstab+1","Masterful Stab+1"],"picked":"Deadly Poison+1","floor":31},{"not_picked":["Malaise+1","Corpse Explosion+1"],"picked":"Venomology+1","floor":33},{"not_picked":["Footwork","Bane"],"picked":"Blur+1","floor":35},{"not_picked":["Outmaneuver+1","Backflip+1"],"picked":"PiercingWail+1","floor":37},{"not_picked":["Caltrops+1","Sucker Punch"],"picked":"Escape Plan+1","floor":39},{"not_picked":["Quick Slash","Dagger Throw"],"picked":"Acrobatics+1","floor":41},{"not_picked":["Accuracy","Slice"],"picked":"Blade Dance+1","floor":42},{"not_picked":["Blade Dance+1","Quick Slash"],"picked":"All Out Attack+1","floor":44},{"not_picked":["Good Instincts+1","Purity+1"],"picked":"Enlightenment+1","floor":45},{"not_picked":["Flying Knee","Sucker Punch+1"],"picked":"Deflect+1","floor":46},{"not_picked":["Cloak And Dagger+1","Infinite Blades+1"],"picked":"Underhanded Strike+1","floor":48},{"not_picked":["Well Laid Plans+1","Tools of the Trade"],"picked":"Deadly Poison+1","floor":54}],"player_experience":441828,"relics_obtained":[{"floor":8,"key":"Toy Ornithopter"},{"floor":9,"key":"TungstenRod"},{"floor":13,"key":"Vajra"},{"floor":23,"key":"Toxic Egg 2"},{"floor":26,"key":"Paper Crane"},{"floor":39,"key":"WingedGreaves"},{"floor":41,"key":"White Beast Statue"},{"floor":54,"key":"Anchor"}],"event_choices":[{"damage_healed":0,"gold_gain":0,"player_choice":"Success","damage_taken":3,"relics_obtained":["Incense Burner"],"max_hp_gain":0,"max_hp_loss":0,"event_name":"Scrap Ooze","floor":2,"gold_loss":0},{"damage_healed":0,"gold_gain":0,"player_choice":"Ignored","damage_taken":0,"max_hp_gain":0,"max_hp_loss":0,"event_name":"NoteForYourself","floor":3,"gold_loss":0},{"damage_healed":0,"gold_gain":0,"player_choice":"Upgraded","damage_taken":0,"max_hp_gain":0,"max_hp_loss":0,"event_name":"Upgrade Shrine","floor":11,"gold_loss":0,"cards_upgraded":["Dagger Throw"]},{"damage_healed":0,"gold_gain":0,"player_choice":"Ignored","damage_taken":0,"max_hp_gain":0,"max_hp_loss":0,"event_name":"Vampires","floor":19,"gold_loss":0},{"damage_healed":0,"gold_gain":0,"player_choice":"Full Heal","damage_taken":0,"max_hp_gain":0,"max_hp_loss":0,"event_name":"Wheel of Change","floor":20,"gold_loss":0},{"damage_healed":0,"gold_gain":0,"player_choice":"Upgraded","damage_taken":0,"max_hp_gain":0,"max_hp_loss":0,"event_name":"Upgrade Shrine","floor":24,"gold_loss":0,"cards_upgraded":["Glass Knife"]},{"cards_removed":["Calculated Gamble"],"damage_healed":38,"gold_gain":0,"player_choice":"Offered Uncommon","damage_taken":0,"max_hp_gain":0,"max_hp_loss":0,"event_name":"Bonfire Elementals","floor":28,"gold_loss":0},{"damage_healed":0,"gold_gain":0,"player_choice":"Fight","damage_taken":0,"max_hp_gain":0,"max_hp_loss":0,"event_name":"MindBloom","floor":39,"gold_loss":0},{"damage_healed":0,"gold_gain":0,"player_choice":"Memory 1","damage_taken":0,"max_hp_gain":0,"max_hp_loss":0,"event_name":"SensoryStone","floor":45,"gold_loss":0}],"is_beta":false,"boss_relics":[{"not_picked":["Calling Bell","Ectoplasm"],"picked":"Pandora\u0027s Box"},{"not_picked":["Sozu","Philosopher\u0027s Stone"],"picked":"Ring of the Serpent"}],"items_purged_floors":[12],"is_endless":false,"potions_floor_spawned":[5,8,10,14,18,31,35,42,44,46,48,54],"killed_by":"The Heart","ascension_level":0}}