{"host":"fbdlh90rovbiajun","time":1613327693,"event":{"mods":["AchievementEnabler","BaseMod","Colored Map","Keyboard Shortcuts","Minty Spire (QoL Compilation)","SuperFastMode"],"gold_per_floor":[114,39,214,214,214,214,232,265,265,275,275,175,164,182,182,182,182],"floor_reached":16,"language":"KOR","playtime":533,"items_purged":["Strike_G","Regret"],"score":125,"play_id":"8143e169-aea6-435c-aa5c-34ae5a2964e0","local_time":"20210215033453","is_ascension_mode":false,"campfire_choices":[{"data":"Neutralize","floor":6,"key":"SMITH"},{"floor":15,"key":"REST"}],"circlet_count":0,"master_deck":["Strike_G","Strike_G","Strike_G","Defend_G","Defend_G","Defend_G","Defend_G","Defend_G","Survivor","Neutralize+1","Leg Sweep","Deflect","Calculated Gamble","Calculated Gamble","Backflip"],"relics":["Ring of the Snake","NeowsBlessing","Nunchaku","Eternal Feather","Dream Catcher"],"acts_visited":["Exordium"],"potions_floor_usage":[16,16],"damage_taken":[{"damage":0,"enemies":"Small Slimes","floor":1,"turns":1},{"damage":0,"enemies":"2 Louse","floor":7,"turns":1},{"damage":0,"enemies":"Lagavulin","floor":8,"turns":1},{"damage":0,"enemies":"Cultist","floor":10,"turns":6},{"damage":0,"enemies":"Exordium Thugs","floor":13,"turns":4},{"damage":1,"enemies":"2 Fungi Beasts","floor":14,"turns":6},{"damage":36,"enemies":"The Guardian","floor":16,"turns":22}],"seed_played":"-6101779490883100934","potions_obtained":[{"floor":1,"key":"Strength Potion"},{"floor":7,"key":"Block Potion"},{"floor":10,"key":"AttackPotion"}],"is_trial":false,"path_per_floor":["M","$","?","?","?","R","M","E","T","M","?","$","M","M","R","B"],"character_chosen":"THE_SILENT","items_purchased":[],"campfire_rested":1,"item_purchase_floors":[],"current_hp_per_floor":[70,70,70,63,63,63,63,63,63,63,63,63,63,62,70,34,34],"gold":182,"neow_bonus":"THREE_ENEMY_KILL","is_daily":false,"chose_seed":false,"campfire_upgraded":1,"win_rate":0.0,"timestamp":1613327693,"path_taken":["M","$","?","?","?","R","M","E","T","M","?","$","M","M","R","BOSS"],"items_purchased_type":[],"build_version":"2020-12-22","purchased_purges":2,"victory":false,"max_hp_per_floor":[70,70,70,70,70,70,70,70,70,70,70,70,70,70,70,70,70],"card_choices":[{"not_picked":["Caltrops","Sucker Punch","Flying Knee"],"picked":"SKIP","floor":1},{"not_picked":["Cloak And Dagger","Flechettes","Terror"],"picked":"SKIP","floor":7},{"not_picked":["Eviscerate","All Out Attack","Expertise"],"picked":"SKIP","floor":8},{"not_picked":["Quick Slash","Prepared"],"picked":"Deflect","floor":10},{"not_picked":["Deflect","Outmaneuver"],"picked":"Calculated Gamble","floor":13},{"not_picked":["Blade Dance","Outmaneuver"],"picked":"Calculated Gamble","floor":14},{"not_picked":["Dagger Throw","Eviscerate"],"picked":"Backflip","floor":15}],"player_experience":45781,"relics_obtained":[{"floor":8,"key":"Nunchaku"},{"floor":9,"key":"Eternal Feather"}],"event_choices":[{"damage_healed":0,"gold_gain":175,"player_choice":"AGREE","damage_taken":0,"max_hp_gain":0,"max_hp_loss":0,"event_name":"Liars Game","floor":3,"gold_loss":0,"cards_obtained":["Doubt"]},{"cards_removed":["Doubt"],"damage_healed":0,"gold_gain":0,"player_choice":"Card Removal","damage_taken":7,"max_hp_gain":0,"max_hp_loss":0,"event_name":"Golden Wing","floor":4,"gold_loss":0},{"damage_healed":0,"gold_gain":0,"cards_transformed":["Strike_G"],"player_choice":"Change","damage_taken":0,"max_hp_gain":0,"max_hp_loss":0,"event_name":"Living Wall","floor":5,"gold_loss":0,"cards_obtained":["Leg Sweep"]},{"damage_healed":0,"gold_gain":0,"player_choice":"Box","damage_taken":0,"relics_obtained":["Dream Catcher"],"max_hp_gain":0,"max_hp_loss":0,"event_name":"Big Fish","floor":11,"gold_loss":0,"cards_obtained":["Regret"]}],"is_beta":false,"boss_relics":[],"items_purged_floors":[2,12],"is_endless":false,"potions_floor_spawned":[1,7,10],"killed_by":"The Guardian","ascension_level":0}}