{"host":"phniwng9zo19jwdb","time":1613329420,"event":{"mods":["AchievementEnabler","BaseMod","Colored Powertips","Dark Map","Faster Ascension Climbing","GifTheSpireLib","Minty Spire (QoL Compilation)","Permanent Neow","Rare Cards Sparkle","Relic Filter Mod","StSLib","Weighted Paths"],"gold_per_floor":[118,129,279,293,293,293,325,325,325,341,358,358,358,358],"floor_reached":13,"language":"ENG","playtime":421,"items_purged":[],"score":170,"play_id":"c6b8a42d-2b1c-4fdb-9f6c-6ed4e02ddb10","local_time":"20210214200340","is_ascension_mode":true,"campfire_choices":[{"data":"Noxious Fumes","floor":6,"key":"SMITH"},{"data":"Neutralize","floor":8,"key":"SMITH"},{"floor":12,"key":"REST"}],"circlet_count":0,"master_deck":["AscendersBane","Strike_G","Strike_G","Strike_G","Defend_G","Defend_G","Defend_G","Defend_G","Defend_G","Survivor","Neutralize+1","Noxious Fumes+1","Acrobatics","Leg Sweep","Doubt","Caltrops","Heel Hook","Backstab","Bane"],"relics":["Ring of the Snake","Happy Flower","Lizard Tail","The Courier"],"acts_visited":["Exordium"],"potions_floor_usage":[7,7,10],"damage_taken":[{"damage":8,"enemies":"Cultist","floor":1,"turns":5},{"damage":0,"enemies":"Small Slimes","floor":2,"turns":5},{"damage":1,"enemies":"Jaw Worm","floor":4,"turns":7},{"damage":26,"enemies":"3 Sentries","floor":7,"turns":8},{"damage":8,"enemies":"Red Slaver","floor":10,"turns":5},{"damage":3,"enemies":"Looter","floor":11,"turns":4},{"damage":32,"enemies":"Gremlin Nob","floor":13,"turns":5}],"seed_played":"-281591203153264021","potions_obtained":[{"floor":1,"key":"Fire Potion"},{"floor":4,"key":"Regen Potion"},{"floor":7,"key":"SkillPotion"}],"is_trial":false,"path_per_floor":["M","M","?","M","?","R","E","R","T","M","M","R","E"],"character_chosen":"THE_SILENT","items_purchased":[],"campfire_rested":1,"item_purchase_floors":[],"current_hp_per_floor":[36,36,36,35,35,35,24,24,24,16,13,32,33,33],"gold":358,"neow_bonus":"TRANSFORM_TWO_CARDS","is_daily":false,"chose_seed":false,"campfire_upgraded":2,"win_rate":0.0,"timestamp":1613329420,"path_taken":["M","M","?","M","?","R","E","R","T","?","M","R","E"],"items_purchased_type":[],"build_version":"2020-12-22","purchased_purges":0,"victory":false,"max_hp_per_floor":[66,66,66,66,66,66,66,66,66,66,66,66,66,66],"card_choices":[{"not_picked":["Quick Slash","Slice"],"picked":"Leg Sweep","floor":1},{"not_picked":["Dagger Spray","Dagger Throw"],"picked":"Distraction","floor":2},{"not_picked":["Heel Hook","PiercingWail"],"picked":"Caltrops","floor":4},{"not_picked":["Backflip","Deflect"],"picked":"Heel Hook","floor":7},{"not_picked":["Expertise","Heel Hook"],"picked":"Backstab","floor":10},{"not_picked":["Masterful Stab","Concentrate"],"picked":"Bane","floor":11}],"player_experience":131122,"relics_obtained":[{"floor":7,"key":"Lizard Tail"},{"floor":9,"key":"The Courier"}],"event_choices":[{"damage_healed":0,"gold_gain":150,"player_choice":"AGREE","damage_taken":0,"max_hp_gain":0,"max_hp_loss":0,"event_name":"Liars Game","floor":3,"gold_loss":0,"cards_obtained":["Doubt"]},{"cards_removed":["Distraction"],"damage_healed":0,"gold_gain":0,"player_choice":"Gave Card","damage_taken":0,"relics_obtained":["Happy Flower"],"max_hp_gain":0,"max_hp_loss":0,"event_name":"WeMeetAgain","floor":5,"gold_loss":0}],"is_beta":false,"boss_relics":[],"items_purged_floors":[],"is_endless":false,"potions_floor_spawned":[1,4,7],"killed_by":"Gremlin Nob","ascension_level":20}}