{"host":"7fwnp8pk7osg3ahc","time":1613293521,"event":{"mods":["2.2 Compatiblity","BaseMod","Downfall","Marisa????????","Minty Spire (QoL Compilation)","Replay The Spire","StSLib","The Servant 0.9.4"],"gold_per_floor":[99,113,129,142,162,162,162,162,173,56,69,69,82,101,115,210,210,210,230,115,115,133,133,180,203,63,63,63,73,73,115,132,228,228,228,246,292,28,28,55,78,90,105,105,116,129,129,143,157,157,157],"floor_reached":50,"language":"ENG","playtime":3056,"items_purged":["Strike_MRS","Strike_MRS","Strike_MRS","MasterSpark","Defend_MRS"],"score":495,"play_id":"c740f8a0-7dd1-46ce-b590-18d606e5f580","local_time":"20210214030521","is_ascension_mode":false,"campfire_choices":[{"data":"Strike_MRS","floor":1,"key":"PURGE"},{"data":"6A","floor":8,"key":"SMITH"},{"data":"CasketOfStar","floor":12,"key":"SMITH"},{"data":"DragonMeteor","floor":18,"key":"SMITH"},{"data":"6A","floor":23,"key":"SMITH"},{"data":"MilkyWay","floor":28,"key":"SMITH"},{"floor":47,"key":"REST"}],"circlet_count":0,"master_deck":["UpSweep+1","6A+1","6A+1","CasketOfStar+1","6A","DragonMeteor+1","MilkyWay+1","MilkyWay+1","Singularity+1","DragonMeteor+1","expansioncontent:Chronoboost+1","expansioncontent:Chronoboost+1","MilkyWay+1","Finesse+1"],"relics":["MiniHakkero","Blood Vial","Sozu","ReplayTheSpireMod:Shallot","Gremlin Food","DollysMirror","Empty Cage","CatCart","War Paint","Ancient Tea Set"],"acts_visited":["Exordium","TheCity","TheBeyond"],"potions_floor_usage":[16,50,50],"damage_taken":[{"damage":1,"enemies":"2 Louse","floor":2,"turns":3},{"damage":0,"enemies":"Cultist","floor":3,"turns":3},{"damage":1,"enemies":"Jaw Worm","floor":4,"turns":3},{"damage":5,"enemies":"downfall:LooterAlt","floor":5,"turns":3},{"damage":9,"enemies":"Exordium Thugs","floor":9,"turns":4},{"damage":5,"enemies":"downfall:FleeingMerchant","floor":10,"turns":4},{"damage":7,"enemies":"Blue Slaver","floor":11,"turns":3},{"damage":7,"enemies":"2 Fungi Beasts","floor":13,"turns":2},{"damage":0,"enemies":"Large Slime","floor":14,"turns":3},{"damage":8,"enemies":"Exordium Thugs","floor":15,"turns":3},{"damage":12,"enemies":"WA_ARCHETYPE_RETAIN","floor":16,"turns":6},{"damage":2,"enemies":"Shell Parasite","floor":19,"turns":4},{"damage":5,"enemies":"downfall:FleeingMerchant","floor":20,"turns":4},{"damage":0,"enemies":"Spheric Guardian","floor":22,"turns":3},{"damage":2,"enemies":"downfall:FleeingMerchant","floor":26,"turns":4},{"damage":0,"enemies":"3 Cultists","floor":29,"turns":4},{"damage":0,"enemies":"downfall:FleeingMerchant","floor":31,"turns":1},{"damage":4,"enemies":"Shelled Parasite and Fungi","floor":32,"turns":4},{"damage":32,"enemies":"DF_ARCHETYPE_CLAW","floor":33,"turns":6},{"damage":15,"enemies":"Orb Walker","floor":36,"turns":4},{"damage":12,"enemies":"Orin","floor":37,"turns":8},{"damage":47,"enemies":"Reptomancer","floor":40,"turns":6},{"damage":9,"enemies":"3 Darklings","floor":42,"turns":4},{"damage":26,"enemies":"Writhing Mass","floor":43,"turns":5},{"damage":4,"enemies":"Transient","floor":45,"turns":5},{"damage":3,"enemies":"Sphere and 2 Shapes","floor":46,"turns":4},{"damage":0,"enemies":"Maw","floor":48,"turns":5},{"damage":15,"enemies":"Jaw Worm Horde","floor":49,"turns":4},{"damage":100,"enemies":"SI_POISON_ARCHETYPE","floor":50,"turns":5}],"seed_played":"3336146103213937554","potions_obtained":[{"floor":2,"key":"Guardian:BlockOnCardUsePotion"},{"floor":3,"key":"PowerPotion"},{"floor":11,"key":"Doom Potion"},{"floor":14,"key":"Ancient Potion"},{"floor":16,"key":"FairyPotion"}],"is_trial":false,"path_per_floor":["R","M","M","M","M","?","T","R","M","$","M","R","M","M","M","B",null,"R","M","$","?","M","R","T","T","$","?","R","M","?","$","M","B",null,"R","M","?","$","?","E","T","M","M","?","M","M","R","M","M","B"],"character_chosen":"MARISA","items_purchased":["6A","DollysMirror","Finesse"],"campfire_rested":1,"item_purchase_floors":[10,31,38],"current_hp_per_floor":[75,74,74,73,68,68,68,68,61,58,53,53,48,50,44,34,75,75,73,70,70,72,72,72,72,72,72,72,74,74,75,71,41,75,65,52,42,42,42,22,22,15,24,24,22,21,43,45,32,0,0],"gold":157,"neow_bonus":"UPGRADE_CARD","is_daily":false,"chose_seed":false,"campfire_upgraded":5,"win_rate":0.0,"timestamp":1613293521,"path_taken":["R","M","M","M","M","?","T","R","M","$","M","R","M","M","M","BOSS","R","M","?","?","M","R","T","?","$","?","R","?","?","$","M","BOSS","R","M","?","$","?","E","T","M","?","?","M","M","R","M","M","BOSS"],"items_purchased_type":["Card","Relic","Card"],"build_version":"2020-12-22","purchased_purges":5,"victory":false,"max_hp_per_floor":[75,75,75,75,75,75,75,75,75,75,75,75,75,75,75,75,75,75,75,75,75,75,75,75,75,75,75,75,75,75,75,75,75,75,75,75,75,75,75,75,75,75,75,75,75,75,75,75,75,75,75],"card_choices":[{"not_picked":["LuminesStrike","OneTimeOff"],"picked":"6A","floor":2},{"not_picked":["AsteroidBelt","MachineGunSpark","LuminesStrike"],"picked":"SKIP","floor":3},{"not_picked":["IllusionStar","GravityBeat","DC"],"picked":"SKIP","floor":4},{"not_picked":["NonDirectionalLaser","AsteroidBelt","EnergyRecoil"],"picked":"SKIP","floor":5},{"not_picked":["Orbital","ShootingEcho","GrandCross"],"picked":"SKIP","floor":9},{"not_picked":["UnstableBomb","IllusionStar"],"picked":"CasketOfStar","floor":10},{"not_picked":["SuperPerseids","GravityBeat","AsteroidBelt"],"picked":"SKIP","floor":11},{"not_picked":["MagicChant","GalacticHalo"],"picked":"DragonMeteor","floor":13},{"not_picked":["Acceleration","DarkMatter"],"picked":"MilkyWay","floor":14},{"not_picked":["StarBarrage","AsteroidBelt","GalacticHalo"],"picked":"SKIP","floor":15},{"not_picked":["GrandCross+1","UnstableBomb","FairyDestructionRay"],"picked":"SKIP","floor":19},{"not_picked":["AsteroidBelt","PowerUp"],"picked":"MilkyWay+1","floor":20},{"not_picked":["GravityBeat","MillisecondPulsars","WitchLeyline+1"],"picked":"SKIP","floor":22},{"not_picked":["GravityBeat","Acceleration+1"],"picked":"Singularity+1","floor":26},{"not_picked":["PropBag","IllusionStar","OneTimeOff"],"picked":"SKIP","floor":29},{"not_picked":["PowerUp+1","UnstableBomb","WitchLeyline"],"picked":"SKIP","floor":31},{"not_picked":["GravityBeat","EnergyFlow","WitchOfGreed"],"picked":"SKIP","floor":32},{"not_picked":["expansioncontent:InvincibleStrength","expansioncontent:YouAreMine"],"picked":"expansioncontent:Chronoboost","floor":35},{"not_picked":["expansioncontent:GuardianWhirl","expansioncontent:PolyBeam"],"picked":"expansioncontent:Chronoboost","floor":35},{"not_picked":["DoubleSpark+1","AsteroidBelt+1"],"picked":"MilkyWay+1","floor":36},{"not_picked":["GrandCross+1","GalacticHalo","DeepEcoloBomb+1"],"picked":"SKIP","floor":40},{"not_picked":["AsteroidBelt","MagicAbsorber+1","GalacticHalo+1"],"picked":"SKIP","floor":42},{"not_picked":["ShootTheMoon","GasGiant","WitchLeyline"],"picked":"SKIP","floor":43},{"not_picked":["ChargeUpSpray","ShootingEcho+1","WitchOfGreed+1"],"picked":"SKIP","floor":45},{"not_picked":["ShootingEcho","AsteroidBelt+1","6A+1"],"picked":"SKIP","floor":46},{"not_picked":["MysteriousBeam","MagicChant","ShootingEcho+1"],"picked":"SKIP","floor":48},{"not_picked":["MachineGunSpark+1","GrandCross+1","6A+1"],"picked":"SKIP","floor":49}],"player_experience":633367,"relics_obtained":[{"floor":7,"key":"Blood Vial"},{"floor":24,"key":"Gremlin Food"},{"floor":37,"key":"CatCart"},{"floor":40,"key":"War Paint"},{"floor":41,"key":"Ancient Tea Set"}],"event_choices":[{"damage_healed":0,"gold_gain":0,"player_choice":"Ignored","damage_taken":0,"max_hp_gain":0,"max_hp_loss":0,"event_name":"Ghosts","floor":30,"gold_loss":0},{"damage_healed":0,"gold_gain":0,"player_choice":"Fight","damage_taken":0,"max_hp_gain":0,"max_hp_loss":0,"event_name":"OrinTheCat","floor":37,"gold_loss":0},{"damage_healed":0,"gold_gain":0,"player_choice":"Forge","damage_taken":0,"max_hp_gain":0,"max_hp_loss":0,"event_name":"Accursed Blacksmith","floor":44,"gold_loss":0,"cards_upgraded":["expansioncontent:Chronoboost"]}],"is_beta":false,"boss_relics":[{"not_picked":["bronze:MakeshiftBattery","ExperimentalFamiliar"],"picked":"Sozu"},{"not_picked":["SacredBark","Philosopher\u0027s Stone"],"picked":"Empty Cage"}],"items_purged_floors":[10,20,26,31,38],"is_endless":false,"potions_floor_spawned":[2,3,11,14,16,22,29,32,33,36,42,43],"killed_by":"SI_POISON_ARCHETYPE","ascension_level":0}}