{"host":"3c8x8j1h2jyrixpf","time":1613272829,"event":{"mods":["BaseMod","Colored Powertips","Highlight Path","Minty Spire (QoL Compilation)","StSLib"],"gold_per_floor":[164,164,181,192,203,203,221,251,276,276,308,381,413,426,426,426,426],"floor_reached":16,"language":"ENG","playtime":667,"items_purged":[],"score":179,"play_id":"da733e64-012f-4c05-bc47-1de6dc5aa162","local_time":"20210213212029","is_ascension_mode":true,"campfire_choices":[{"data":"CrushJoints","floor":6,"key":"SMITH"},{"data":"EmptyFist","floor":10,"key":"SMITH"},{"data":"CutThroughFate","floor":15,"key":"SMITH"}],"circlet_count":0,"master_deck":["AscendersBane","Strike_P","Strike_P","Strike_P","Defend_P","Defend_P","Defend_P+1","Defend_P","Eruption","Vigilance","ReachHeaven","Wallop","CrushJoints+1","Meditate","FlurryOfBlows","EmptyFist+1","CutThroughFate","Crescendo","Consecrate","CutThroughFate+1"],"relics":["Tiny House","Odd Mushroom","Orichalcum","MealTicket","Yang","Ancient Tea Set"],"acts_visited":["Exordium"],"potions_floor_usage":[11,11],"damage_taken":[{"damage":0,"enemies":"Jaw Worm","floor":1,"turns":3},{"damage":0,"enemies":"Cultist","floor":3,"turns":3},{"damage":0,"enemies":"Small Slimes","floor":4,"turns":5},{"damage":1,"enemies":"Looter","floor":5,"turns":4},{"damage":2,"enemies":"Exordium Thugs","floor":7,"turns":4},{"damage":21,"enemies":"The Mushroom Lair","floor":8,"turns":3},{"damage":9,"enemies":"3 Sentries","floor":11,"turns":4},{"damage":11,"enemies":"Lagavulin","floor":13,"turns":6},{"damage":9,"enemies":"Gremlin Gang","floor":14,"turns":5},{"damage":29,"enemies":"The Guardian","floor":16,"turns":11}],"seed_played":"-7971603078828385178","potions_obtained":[{"floor":0,"key":"EssenceOfSteel"},{"floor":3,"key":"Explosive Potion"},{"floor":7,"key":"Regen Potion"},{"floor":13,"key":"SpeedPotion"}],"is_trial":false,"path_per_floor":["M","?","M","M","M","R","M","?","T","R","E","T","E","M","R","B"],"character_chosen":"WATCHER","items_purchased":[],"campfire_rested":0,"item_purchase_floors":[],"current_hp_per_floor":[70,70,70,70,69,69,67,46,46,46,49,49,38,29,29,0,0],"gold":426,"neow_bonus":"BOSS_RELIC","is_daily":false,"chose_seed":false,"campfire_upgraded":3,"win_rate":0.0,"timestamp":1613272829,"path_taken":["M","?","?","M","M","R","M","?","T","R","E","?","E","?","R","BOSS"],"items_purchased_type":[],"build_version":"2020-12-22","purchased_purges":0,"victory":false,"max_hp_per_floor":[77,77,77,77,77,77,77,77,77,77,77,77,77,77,77,77,77],"card_choices":[{"not_picked":["Prostrate","Fasting2"],"picked":"ReachHeaven","floor":0},{"not_picked":["Prostrate","FollowUp"],"picked":"Wallop","floor":1},{"not_picked":["CarveReality","SandsOfTime"],"picked":"Meditate","floor":3},{"not_picked":["Perseverance","Swivel"],"picked":"FlurryOfBlows","floor":4},{"not_picked":["ClearTheMind","Perseverance"],"picked":"EmptyFist","floor":5},{"not_picked":["WaveOfTheHand","ThirdEye"],"picked":"CutThroughFate","floor":7},{"not_picked":["Brilliance","FlyingSleeves"],"picked":"Crescendo","floor":8},{"not_picked":["Meditate","Ragnarok"],"picked":"Consecrate","floor":11},{"not_picked":["ReachHeaven","FlyingSleeves"],"picked":"CutThroughFate","floor":13},{"not_picked":["PathToVictory","Study","ClearTheMind"],"picked":"SKIP","floor":14}],"player_experience":247445,"relics_obtained":[{"floor":8,"key":"Odd Mushroom"},{"floor":9,"key":"Orichalcum"},{"floor":11,"key":"MealTicket"},{"floor":12,"key":"Yang"},{"floor":13,"key":"Ancient Tea Set"}],"event_choices":[{"damage_healed":0,"gold_gain":0,"cards_transformed":["Strike_P"],"player_choice":"Transformed","damage_taken":0,"max_hp_gain":0,"max_hp_loss":0,"event_name":"Transmorgrifier","floor":2,"gold_loss":0,"cards_obtained":["CrushJoints"]},{"damage_healed":0,"gold_gain":0,"player_choice":"Fought Mushrooms","damage_taken":0,"max_hp_gain":0,"max_hp_loss":0,"event_name":"Mushrooms","floor":8,"gold_loss":0}],"is_beta":false,"boss_relics":[],"items_purged_floors":[],"is_endless":false,"potions_floor_spawned":[3,7,8,13],"killed_by":"The Guardian","ascension_level":12}}