{"host":"tf5skwcwe0vlu2md","time":1613306078,"event":{"mods":["BaseMod","Downfall","Highlight Path","Minty Spire (QoL Compilation)","Quick Restart","StSLib","The Hierophant"],"gold_per_floor":[109,128,142,107,122,157,157,157,233,233,233],"floor_reached":10,"playtime":343,"items_purged":[],"score":75,"play_id":"8d71a0bc-052c-4f45-b6eb-97606a4884eb","local_time":"20210214233438","is_ascension_mode":true,"campfire_choices":[{"data":"Finisher","floor":7,"key":"SMITH"}],"circlet_count":0,"master_deck":["Strike_G","Strike_G","Strike_G","Strike_G","Strike_G","Defend_G","Defend_G","Defend_G","Defend_G","Defend_G","Survivor","Neutralize","Madness","Finisher","Deadly Poison","Deadly Poison","Deadly Poison","Finisher+1"],"relics":["Ring of the Snake","Ornamental Fan"],"acts_visited":["Exordium"],"potions_floor_usage":[5,6],"damage_taken":[{"damage":6,"enemies":"Jaw Worm","floor":1,"turns":7},{"damage":12,"enemies":"2 Louse","floor":2,"turns":3},{"damage":0,"enemies":"Cultist","floor":3,"turns":3},{"damage":43,"enemies":"Exordium Wildlife","floor":5,"turns":5},{"damage":13,"enemies":"Lagavulin","floor":6,"turns":5},{"damage":13,"enemies":"3 Sentries","floor":10,"turns":2}],"seed_played":"7021775949016372731","potions_obtained":[{"floor":3,"key":"ColorlessPotion"},{"floor":5,"key":"Poison Potion"}],"is_trial":false,"path_per_floor":["M","M","M","?","M","E","R","?","T","E"],"character_chosen":"THE_SILENT","items_purchased":[],"campfire_rested":0,"item_purchase_floors":[],"current_hp_per_floor":[64,52,52,69,26,13,13,13,13,0,0],"gold":233,"neow_bonus":"RANDOM_COLORLESS","is_daily":false,"chose_seed":false,"campfire_upgraded":1,"win_rate":0.0,"timestamp":1613306078,"path_taken":["M","M","M","?","M","E","R","?","T","E"],"items_purchased_type":[],"build_version":"2020-12-13","purchased_purges":0,"victory":false,"max_hp_per_floor":[70,70,70,70,70,70,70,70,70,70,70],"card_choices":[{"not_picked":["Impatience","PanicButton"],"picked":"Madness","floor":0},{"not_picked":["Dagger Spray","Cloak And Dagger"],"picked":"Finisher","floor":1},{"not_picked":["Acrobatics","Deflect"],"picked":"Deadly Poison","floor":2},{"not_picked":["Backflip","Terror"],"picked":"Deadly Poison","floor":3},{"not_picked":["Underhanded Strike","Dagger Spray"],"picked":"Deadly Poison","floor":5},{"not_picked":["Flying Knee","Sucker Punch"],"picked":"Finisher","floor":6}],"player_experience":238716,"relics_obtained":[{"floor":9,"key":"Ornamental Fan"}],"event_choices":[{"damage_healed":17,"gold_gain":0,"player_choice":"Healed","damage_taken":0,"max_hp_gain":0,"max_hp_loss":0,"event_name":"The Cleric","floor":4,"gold_loss":35},{"damage_healed":0,"gold_gain":0,"player_choice":"Ignored","damage_taken":0,"max_hp_gain":0,"max_hp_loss":0,"event_name":"Golden Wing","floor":8,"gold_loss":0}],"is_beta":false,"boss_relics":[],"items_purged_floors":[],"is_endless":false,"potions_floor_spawned":[3,5],"killed_by":"3 Sentries","ascension_level":2}}