{"host":"mo324zvkdr1xwprd","time":1613322794,"event":{"mods":["A Penny For Your Troubles","BaseMod","Better Note","Better Third Choice","BetterRewards","Hermit","Highlight Path","Hubris","Infinite Spire","Minty Spire (QoL Compilation)","Quick Restart","Rare Cards Sparkle","Shop Mod","StSLib","The Cursed","The Hierophant","Transform Curses"],"gold_per_floor":[119,62,73,73,88,88,106,139,176,213,244,331,353,33,33,104,104,119,136,153,170,85,85,117,117,144,173,183,203,203,230,230,308,308,321,372,395,67,67,101,101,120,120,199,232,16,30,63,63,64,64,64,38,66,66],"floor_reached":56,"language":"ENG","playtime":3516,"items_purged":[],"score":2957,"play_id":"9312044f-3fa8-4cfe-81d6-da0b2f400f27","local_time":"20210214171314","is_ascension_mode":true,"campfire_choices":[{"floor":6.0,"key":"REST"},{"floor":15.0,"key":"REST"},{"data":"Apotheosis","floor":23.0,"key":"SMITH"},{"floor":25.0,"key":"REST"},{"floor":32.0,"key":"REST"},{"floor":41.0,"key":"RECALL"},{"data":"Adrenaline","floor":49.0,"key":"SMITH"},{"data":"After Image","floor":52.0,"key":"SMITH"}],"circlet_count":0,"master_deck":["AscendersBane","Survivor","Neutralize","Panache","Footwork","Escape Plan","hubris:Counter","Deadly Poison","Bullet Time","Dagger Spray","Tactician","Dagger Spray","Storm of Steel","Skewer","Leg Sweep","Storm of Steel","Deflect","Flying Knee","Apotheosis+1","Blade Dance","Deadly Poison","Crippling Poison","Deflect","Blur+1","Blur","Outmaneuver","Dash","PiercingWail","Slice","Deflect+1","Distraction","Panache","PiercingWail","Adrenaline+1","Slice","Infinite Blades","Masterful Stab","Deadly Poison+1","Cloak And Dagger","Quick Slash","Expertise","Blade Dance","Deflect","After Image+1","Footwork","Endless Agony+1","Blade Dance","Concentrate","Cloak And Dagger+1","Backflip","Blade Dance","Accuracy","Outmaneuver","Cloak And Dagger"],"relics":["Ring of the Snake","Letter Opener","infinitespire:CursedDice","TwistedFunnel","infinitespire:Joker Card","hubris:SphereOfDissonance","hubris:FunFungus","Pandora\u0027s Box","MawBank","Snake Skull","infinitespire:Eraser","hubris:ScarierMask","War Paint","Regal Pillow","Strawberry","HornCleat","Boot","WristBlade","Pocketwatch","Pantograph","hubris:Towel","Kunai","Anchor","Bottled Lightning","Mummified Hand","Lantern","infinitespire:Bottled Soul","InkBottle"],"acts_visited":["Exordium","TheCity","TheBeyond","TheEnding"],"potions_floor_usage":[55,55],"damage_taken":[{"damage":0.0,"enemies":"Small Slimes","floor":1.0,"turns":1.0},{"damage":0.0,"enemies":"Jaw Worm","floor":3.0,"turns":2.0},{"damage":0.0,"enemies":"2 Louse","floor":5.0,"turns":1.0},{"damage":0.0,"enemies":"Exordium Wildlife","floor":7.0,"turns":2.0},{"damage":2.0,"enemies":"Lagavulin","floor":8.0,"turns":5.0},{"damage":13.0,"enemies":"Gremlin Nob","floor":10.0,"turns":3.0},{"damage":1.0,"enemies":"Blue Slaver","floor":11.0,"turns":2.0},{"damage":0.0,"enemies":"Looter","floor":13.0,"turns":1.0},{"damage":0.0,"enemies":"Slime Boss","floor":16.0,"turns":4.0},{"damage":0.0,"enemies":"Chosen","floor":18.0,"turns":2.0},{"damage":0.0,"enemies":"2 Thieves","floor":19.0,"turns":2.0},{"damage":6.0,"enemies":"Snecko","floor":20.0,"turns":5.0},{"damage":0.0,"enemies":"Centurion and Healer","floor":21.0,"turns":2.0},{"damage":7.0,"enemies":"Gremlin Leader","floor":24.0,"turns":4.0},{"damage":28.0,"enemies":"Book of Stabbing","floor":27.0,"turns":4.0},{"damage":0.0,"enemies":"Snake Plant","floor":28.0,"turns":3.0},{"damage":0.0,"enemies":"3 Cultists","floor":29.0,"turns":3.0},{"damage":0.0,"enemies":"Gremlin Leader","floor":31.0,"turns":3.0},{"damage":24.0,"enemies":"Champ","floor":33.0,"turns":8.0},{"damage":0.0,"enemies":"3 Darklings","floor":35.0,"turns":3.0},{"damage":0.0,"enemies":"2 Orb Walkers","floor":36.0,"turns":1.0},{"damage":0.0,"enemies":"Nightmare","floor":40.0,"turns":6.0},{"damage":1.0,"enemies":"3 Shapes","floor":42.0,"turns":3.0},{"damage":5.0,"enemies":"Giant Head","floor":45.0,"turns":5.0},{"damage":0.0,"enemies":"Sphere and 2 Shapes","floor":47.0,"turns":3.0},{"damage":14.0,"enemies":"Nemesis","floor":48.0,"turns":5.0},{"damage":6.0,"enemies":"Donu and Deca","floor":50.0,"turns":6.0},{"damage":0,"enemies":"Shield and Spear","floor":54,"turns":3},{"damage":80,"enemies":"The Heart","floor":55,"turns":8}],"seed_played":"7776974022636033266","potions_obtained":[{"floor":7.0,"key":"EssenceOfSteel"},{"floor":10.0,"key":"Weak Potion"},{"floor":16.0,"key":"SneckoOil"},{"floor":28.0,"key":"Strength Potion"},{"floor":29.0,"key":"CunningPotion"},{"floor":31.0,"key":"AttackPotion"},{"floor":33.0,"key":"Fire Potion"},{"floor":36.0,"key":"FearPotion"},{"floor":42.0,"key":"AttackPotion"},{"floor":45.0,"key":"Explosive Potion"},{"floor":47.0,"key":"EssenceOfSteel"}],"is_trial":false,"path_per_floor":["M","$","M","?","M","R","M","E","T","E","M","?","M","$","R","B",null,"M","M","M","M","?","R","E","R","T","E","M","M","?","E","R","B",null,"M","?","T","$","?","NM","R","M","T","T","E","$","M","E","R","B",null,"R","$","E","B",null],"character_chosen":"THE_SILENT","items_purchased":["Letter Opener","infinitespire:CursedDice","TwistedFunnel","hubris:SphereOfDissonance","Panache","Footwork","Escape Plan","Deflect","Flying Knee","Apotheosis","Blade Dance","Deadly Poison","Deflect","Distraction","Panache","PiercingWail","Pantograph","Blade Dance","Lantern","Backflip","Outmaneuver"],"campfire_rested":4,"item_purchase_floors":[0,0,0,0,0,0,0,0,0,0,0,0,2,14,14,14,38,38,46,46,53],"current_hp_per_floor":[18,18,18,18,18,37,37,36,36,26,25,14,14,14,33,38,59,59,60,58,58,58,58,51,66,73,47,48,48,48,49,73,53,68,68,68,68,68,68,73,73,72,72,72,69,69,71,62,62,70,72,72,72,73,44],"gold":66,"neow_bonus":"","is_daily":false,"chose_seed":false,"campfire_upgraded":3,"win_rate":0.0,"timestamp":1613322794,"path_taken":["M","$","M","?","M","R","M","E","T","E","M","?","?","$","R","BOSS","M","M","M","M","?","R","E","R","T","E","M","M","?","E","R","BOSS","M","?","?","$","?","NM","R","M","T","?","E","$","M","E","R","BOSS","R","$","E","BOSS"],"items_purchased_type":["Relic","Relic","Relic","Relic","Card","Card","Card","Card","Card","Card","Card","Card","Card","Card","Card","Card","Relic","Card","Relic","Card","Card"],"build_version":"2020-12-22","purchased_purges":0,"victory":true,"max_hp_per_floor":[66,66,66,66,66,66,66,66,66,66,66,66,66,66,66,66,66,66,66,66,66,66,66,66,66,73,73,73,73,73,73,73,73,73,73,73,73,73,73,73,73,73,73,73,73,73,73,73,73,73,73,73,73,73,73],"card_choices":[{"not_picked":["Prepared","Catalyst"],"picked":"Crippling Poison","floor":1.0},{"not_picked":["Sucker Punch","Poisoned Stab"],"picked":"Blur","floor":3.0},{"not_picked":["Backflip","Terror"],"picked":"Blur","floor":5.0},{"not_picked":["Tactician","Underhanded Strike"],"picked":"Outmaneuver","floor":7.0},{"not_picked":["Deadly Poison","Poisoned Stab"],"picked":"Dash","floor":8.0},{"not_picked":["Expertise","Die Die Die"],"picked":"PiercingWail","floor":10.0},{"not_picked":["Setup","Noxious Fumes"],"picked":"Slice","floor":11.0},{"not_picked":["Calculated Gamble","Leg Sweep"],"picked":"Deflect","floor":13.0},{"not_picked":["Venomology","Burst"],"picked":"Adrenaline","floor":16.0},{"not_picked":["Expertise","Riddle With Holes"],"picked":"Slice","floor":18.0},{"not_picked":["Quick Slash+1","Dodge and Roll"],"picked":"Infinite Blades","floor":19.0},{"not_picked":["Bane","Sucker Punch"],"picked":"Masterful Stab","floor":20.0},{"not_picked":["Sucker Punch","Unload"],"picked":"Deadly Poison+1","floor":21.0},{"not_picked":["hubris:SlightOfHand","Dodge and Roll"],"picked":"Cloak And Dagger","floor":24.0},{"not_picked":["Bane","PiercingWail"],"picked":"Quick Slash","floor":27.0},{"not_picked":["Well Laid Plans","hubris:TrickCloak+1"],"picked":"Expertise","floor":28.0},{"not_picked":["Prepared","Underhanded Strike"],"picked":"Blade Dance","floor":29.0},{"not_picked":["Tactician","Skewer"],"picked":"Deflect","floor":31.0},{"not_picked":["Wraith Form v2","Venomology"],"picked":"After Image","floor":33.0},{"not_picked":["Deflect","Slice"],"picked":"Footwork","floor":35.0},{"not_picked":["Dagger Spray","Concentrate"],"picked":"Endless Agony+1","floor":36.0},{"not_picked":["hubris:TrickCloak","Skewer"],"picked":"Concentrate","floor":40.0},{"not_picked":["Skewer+1","Underhanded Strike","Concentrate"],"picked":"SKIP","floor":42.0},{"not_picked":["Skewer+1","Underhanded Strike","Concentrate"],"picked":"SKIP","floor":42.0},{"not_picked":["Outmaneuver","Flechettes"],"picked":"Cloak And Dagger+1","floor":45.0},{"not_picked":["Acrobatics","Dagger Throw"],"picked":"Blade Dance","floor":47.0},{"not_picked":["Deflect","Poisoned Stab+1"],"picked":"Accuracy","floor":48.0},{"not_picked":["hubris:SlightOfHand+1","Quick Slash"],"picked":"Cloak And Dagger","floor":54}],"player_experience":661879,"relics_obtained":[{"floor":8.0,"key":"MawBank"},{"floor":9.0,"key":"Snake Skull"},{"floor":10.0,"key":"infinitespire:Eraser"},{"floor":24.0,"key":"Regal Pillow"},{"floor":26.0,"key":"Strawberry"},{"floor":27.0,"key":"HornCleat"},{"floor":31.0,"key":"Boot"},{"floor":36.0,"key":"Pocketwatch"},{"floor":40.0,"key":"Kunai"},{"floor":43.0,"key":"Anchor"},{"floor":44.0,"key":"Bottled Lightning"},{"floor":45.0,"key":"Mummified Hand"},{"floor":48.0,"key":"infinitespire:Bottled Soul"},{"floor":54,"key":"InkBottle"}],"event_choices":[{"damage_healed":0.0,"max_hp_gain":0.0,"max_hp_loss":0.0,"gold_gain":75.0,"event_name":"betterThird:BetterGoop","player_choice":"Gold","floor":12.0,"gold_loss":0.0,"damage_taken":11.0},{"damage_healed":0.0,"max_hp_gain":0.0,"max_hp_loss":0.0,"gold_gain":0.0,"event_name":"Addict","player_choice":"Obtained Relic","floor":22.0,"gold_loss":85.0,"damage_taken":0.0,"relics_obtained":["War Paint"]},{"damage_healed":0.0,"max_hp_gain":0.0,"max_hp_loss":0.0,"gold_gain":0.0,"event_name":"Ghosts","player_choice":"Ignored","floor":30.0,"gold_loss":0.0,"damage_taken":0.0},{"damage_healed":0.0,"max_hp_gain":0.0,"max_hp_loss":0.0,"gold_gain":0.0,"event_name":"Mysterious Sphere","player_choice":"Fight","floor":36.0,"gold_loss":0.0,"damage_taken":0.0}],"is_beta":false,"boss_relics":[{"not_picked":["Runic Dome","Coffee Dripper"],"picked":"hubris:ScarierMask"},{"not_picked":["hubris:VirtuousBlindfold","Astrolabe"],"picked":"WristBlade"}],"items_purged_floors":[],"is_endless":false,"potions_floor_spawned":[7,10,11,16,28,29,31,33,36,42,45,47],"ascension_level":17}}