{"host":"jqkewjmybebgw3gd","time":1613305100,"event":{"mods":["AchievementEnabler","BaseMod","Colored Map","DeckTracker","Keyboard Shortcuts","Minty Spire (QoL Compilation)","StSLib","SuperFastMode"],"gold_per_floor":[109,125,141,216,234,269,269,282,282,54,80,80,109,125,125,229,229,240,251,251,251,280,280,280,280],"floor_reached":24,"language":"KOR","playtime":1211,"items_purged":[],"score":278,"play_id":"64fef3b7-d37f-49c9-9741-cada9864e40d","local_time":"20210214211820","is_ascension_mode":true,"campfire_choices":[{"floor":7,"key":"REST"},{"data":"Double Energy","floor":12,"key":"SMITH"},{"floor":15,"key":"REST"},{"floor":23,"key":"REST"}],"circlet_count":0,"master_deck":["Strike_B","Strike_B","Strike_B","Strike_B","Defend_B","Defend_B","Defend_B","Defend_B","Zap","Dualcast","Meteor Strike","Double Energy+1","Glacier","Leap","Echo Form","Tempest","Turbo","Sweeping Beam","Rebound","Streamline","Defragment","Electrodynamics","CurseOfTheBell","Double Energy","Skim","Necronomicurse","Hologram"],"relics":["Cracked Core","Darkstone Periapt","Question Card","OrangePellets","Pear","Anchor","Calling Bell","Oddly Smooth Stone","Sundial","WingedGreaves","Necronomicon","Red Mask"],"acts_visited":["Exordium","TheCity"],"potions_floor_usage":[11,11,16,16,19],"damage_taken":[{"damage":3,"enemies":"Small Slimes","floor":1,"turns":3},{"damage":6,"enemies":"2 Louse","floor":2,"turns":3},{"damage":0,"enemies":"Jaw Worm","floor":3,"turns":4},{"damage":10,"enemies":"Looter","floor":5,"turns":3},{"damage":25,"enemies":"3 Sentries","floor":6,"turns":10},{"damage":5,"enemies":"Large Slime","floor":8,"turns":9},{"damage":8,"enemies":"Gremlin Nob","floor":11,"turns":4},{"damage":0,"enemies":"Lagavulin","floor":13,"turns":4},{"damage":3,"enemies":"Red Slaver","floor":14,"turns":4},{"damage":29,"enemies":"The Guardian","floor":16,"turns":12},{"damage":14,"enemies":"Shell Parasite","floor":18,"turns":7},{"damage":10,"enemies":"3 Byrds","floor":19,"turns":3},{"damage":41,"enemies":"Masked Bandits","floor":22,"turns":4},{"damage":53,"enemies":"Gremlin Leader","floor":24,"turns":5}],"seed_played":"-5862020440776334832","potions_obtained":[{"floor":1,"key":"Weak Potion"},{"floor":5,"key":"Dexterity Potion"},{"floor":6,"key":"EssenceOfSteel"},{"floor":11,"key":"BlessingOfTheForge"},{"floor":14,"key":"FocusPotion"},{"floor":18,"key":"Fire Potion"}],"is_trial":false,"path_per_floor":["M","M","M","?","M","E","R","M","T","$","E","R","E","M","R","B",null,"M","M","?","?","?","R","E"],"character_chosen":"DEFECT","items_purchased":["Turbo","OrangePellets","Sweeping Beam"],"campfire_rested":3,"item_purchase_floors":[10,10,10],"current_hp_per_floor":[72,66,66,55,45,20,42,37,37,37,39,39,39,36,61,32,91,77,67,57,57,16,45,0,0],"gold":280,"neow_bonus":"ONE_RANDOM_RARE_CARD","is_daily":false,"chose_seed":false,"campfire_upgraded":1,"win_rate":0.0,"timestamp":1613305100,"path_taken":["M","M","M","?","M","E","R","M","T","$","E","R","E","M","R","BOSS","M","M","?","?","?","R","E"],"items_purchased_type":["Card","Relic","Card"],"build_version":"2020-12-22","purchased_purges":0,"victory":false,"max_hp_per_floor":[75,75,75,75,75,75,75,75,75,75,85,85,85,85,85,85,91,91,91,97,97,97,97,97,97],"card_choices":[{"not_picked":["Redo","Gash"],"picked":"Double Energy","floor":1},{"not_picked":["Barrage","Gash"],"picked":"Glacier","floor":2},{"not_picked":["Reprogram","Blizzard","Compile Driver"],"picked":"SKIP","floor":3},{"not_picked":["Compile Driver","Hello World"],"picked":"Leap","floor":5},{"not_picked":["Sunder","Sweeping Beam"],"picked":"Echo Form","floor":6},{"not_picked":["Redo","Stack"],"picked":"Tempest","floor":8},{"not_picked":["Auto Shields","Coolheaded","Darkness"],"picked":"Rebound","floor":11},{"not_picked":["Stack","Defragment","Blizzard"],"picked":"Streamline","floor":13},{"not_picked":["Cold Snap","Compile Driver","Beam Cell"],"picked":"Defragment","floor":14},{"not_picked":["Buffer","Hyperbeam","Seek"],"picked":"Electrodynamics","floor":16},{"not_picked":["Ball Lightning","Turbo+1","Defragment+1"],"picked":"Double Energy","floor":18},{"not_picked":["Sweeping Beam+1","Leap","Stack+1"],"picked":"Skim","floor":19},{"not_picked":["Cold Snap+1","BootSequence","Amplify"],"picked":"Hologram","floor":22}],"player_experience":534085,"relics_obtained":[{"floor":6,"key":"Darkstone Periapt"},{"floor":9,"key":"Question Card"},{"floor":11,"key":"Pear"},{"floor":13,"key":"Anchor"},{"floor":17,"key":"Oddly Smooth Stone"},{"floor":17,"key":"Sundial"},{"floor":17,"key":"WingedGreaves"},{"floor":20,"key":"Necronomicon"},{"floor":22,"key":"Red Mask"}],"event_choices":[{"damage_healed":0,"gold_gain":75,"player_choice":"Gather Gold","damage_taken":11,"max_hp_gain":0,"max_hp_loss":0,"event_name":"World of Goop","floor":4,"gold_loss":0},{"damage_healed":0,"gold_gain":0,"player_choice":"Obtained Book","damage_taken":16,"max_hp_gain":0,"max_hp_loss":0,"event_name":"Cursed Tome","floor":20,"gold_loss":0},{"damage_healed":0,"gold_gain":0,"player_choice":"Ignored","damage_taken":0,"max_hp_gain":0,"max_hp_loss":0,"event_name":"Vampires","floor":21,"gold_loss":0},{"damage_healed":0,"gold_gain":0,"player_choice":"Fought Bandits","damage_taken":0,"max_hp_gain":0,"max_hp_loss":0,"event_name":"Masked Bandits","floor":22,"gold_loss":0}],"is_beta":false,"boss_relics":[{"not_picked":["Runic Pyramid","Empty Cage"],"picked":"Calling Bell"}],"items_purged_floors":[],"is_endless":false,"potions_floor_spawned":[1,5,6,11,14,18],"killed_by":"Gremlin Leader","ascension_level":1}}