{"host":"a3gu5zu37ht99mpa","time":1613328670,"event":{"mods":["100% Spire Juice","Act Like it!","Arknights","BaseMod","Better Silent Start","BetterRewards","Conspire","Downfall","Energized Spire","GifTheSpireLib","Gold Saver","Halation","Minty Spire (QoL Compilation)","Prisma Mod","Robot Space Explorer","Shop Mod","StSLib","Stuff the Spire","The Servant 0.9.4","Virulent Crown","Wandering Minibosses","yUi"],"gold_per_floor":[241,260,273,289,389,389,389,409,347,362,374,52,52,72,89,190,190,90,100,112,128,128,146,173,158,174,112,139,139,139],"floor_reached":29,"language":"ENG","playtime":2148,"items_purged":[],"score":291,"play_id":"26692f0f-ae6c-4855-9234-593ef128f30e","local_time":"20210214135110","is_ascension_mode":false,"campfire_choices":[{"floor":1,"key":"RECALL"},{"data":"PrismaMod:IllyaUberDefendChannel","floor":6,"key":"SMITH"},{"data":"PrismaMod:IllyaUberPoisonChannel","floor":18,"key":"SMITH"}],"circlet_count":0,"master_deck":["PrismaMod:IllyaCommonAttack","PrismaMod:IllyaCommonDefend","PrismaMod:IllyaCommonAttack","PrismaMod:IllyaCommonDefend","PrismaMod:IllyaCommonAttack","PrismaMod:IllyaCommonDefend","PrismaMod:IllyaCommonAttack","PrismaMod:IllyaCommonDefend","PrismaMod:IllyaCommonAttack","PrismaMod:IllyaCommonDefend","PrismaMod:IllyaUncommonAttack","PrismaMod:IllyaUncommonDefend","PrismaMod:IllyaCheapChannelDefend","PrismaMod:IllyaHassanGift","PrismaMod:IllyaSaphire","PrismaMod:IllyaRubysPotion","PrismaMod:IllyaCommonAttack","PrismaMod:IllyaUpgradeOrbs","PrismaMod:IllyaRapidFire","PrismaMod:IllyaUberDefendChannel+1","StuffTheSpire:PlasmaPulse","PrismaMod:IllyaBerserCAR","PrismaMod:IllyaPartialInstallAssassin","PrismaMod:IllyaPoisonTippedWeapons","PrismaMod:IllyaCheapChannelPoison","PrismaMod:IllyaGun","PrismaMod:IllyaUberAttackChannel","PrismaMod:IllyaPoisonTippedWeapons","PrismaMod:IllyaPoisoningPhantasm","PrismaMod:IllyaUberPoisonChannel+1","PrismaMod:IllyaDevil+1","PrismaMod:IllyaAssassinRevenge+1","PrismaMod:IllyaCheapChannelPoison+1","PrismaMod:IllyaBoysLove+1","PrismaMod:IllyaSaphire","PrismaMod:IllyaUncommonAttack+1","PrismaMod:IllyaUberPoisonChannel","PrismaMod:IllyaSaphire","PrismaMod:IllyaRapidFire"],"relics":["PrismaMod:PrismaRuby","downfall:GremlinSack","StuffTheSpire:DarkSteelAnvil","SlaversCollar","downfall:HeartBlessingBlue","StuffTheSpire:Barrel","conspire:Dentures"],"acts_visited":["Exordium","TheCity"],"potions_floor_usage":[5,21,25,26,26],"damage_taken":[{"damage":0,"enemies":"Small Slimes","floor":2,"turns":3},{"damage":0,"enemies":"Cultist","floor":3,"turns":3},{"damage":0,"enemies":"2 Louse","floor":4,"turns":4},{"damage":60,"enemies":"2 Louse","floor":5,"turns":7},{"damage":8,"enemies":"Exordium Thugs","floor":8,"turns":9},{"damage":0,"enemies":"downfall:FleeingMerchant","floor":9,"turns":4},{"damage":0,"enemies":"Large Slime","floor":10,"turns":10},{"damage":6,"enemies":"Blue Slaver","floor":11,"turns":6},{"damage":3,"enemies":"downfall:FleeingMerchant","floor":12,"turns":4},{"damage":3,"enemies":"3 Louse","floor":14,"turns":4},{"damage":10,"enemies":"Large Slime","floor":15,"turns":4},{"damage":28,"enemies":"IC_STATUS_ARCHETYPE","floor":16,"turns":11},{"damage":10,"enemies":"Chosen","floor":19,"turns":5},{"damage":0,"enemies":"Shell Parasite","floor":20,"turns":6},{"damage":35,"enemies":"3 Cultists","floor":21,"turns":7},{"damage":0,"enemies":"Sentry and Sphere","floor":23,"turns":5},{"damage":13,"enemies":"downfall:FleeingMerchant","floor":25,"turns":4},{"damage":11,"enemies":"Snecko","floor":26,"turns":6},{"damage":13,"enemies":"downfall:FleeingMerchant","floor":27,"turns":4},{"damage":38,"enemies":"Gremlin Leader","floor":28,"turns":7},{"damage":31,"enemies":"Snake Plant","floor":29,"turns":3}],"seed_played":"4307810558794858140","potions_obtained":[{"floor":3,"key":"GamblersBrew"},{"floor":4,"key":"Regen Potion"},{"floor":8,"key":"Ancient Potion"},{"floor":15,"key":"Regen Potion"},{"floor":16,"key":"Explosive Potion"},{"floor":20,"key":"Regen Potion"},{"floor":23,"key":"DistilledChaos"},{"floor":28,"key":"sneckomod:MuddlingPotion"}],"is_trial":false,"path_per_floor":["R","M","M","M","?","R","T","M","$","M","M","$","?","M","M","B",null,"R","M","M","M","?","M","T","$","M","$","E","M"],"character_chosen":"ILLYA","items_purchased":["PrismaMod:IllyaPoisonTippedWeapons","StuffTheSpire:DarkSteelAnvil","PrismaMod:IllyaSaphire"],"campfire_rested":0,"item_purchase_floors":[9,12,27],"current_hp_per_floor":[82,82,82,82,36,36,36,33,38,43,42,44,44,41,36,8,82,92,82,87,57,57,57,57,44,67,54,21,0,0],"gold":139,"neow_bonus":"TEN_PERCENT_HP_BONUS","is_daily":false,"chose_seed":false,"campfire_upgraded":2,"win_rate":0.0,"timestamp":1613328670,"path_taken":["R","M","M","M","?","R","T","?","?","?","M","$","?","M","M","BOSS","R","M","M","?","?","M","T","?","M","$","E","M"],"items_purchased_type":["Card","Relic","Card"],"build_version":"2020-12-22","purchased_purges":0,"victory":false,"max_hp_per_floor":[82,82,82,82,82,82,82,82,82,82,82,82,82,82,82,82,82,92,92,92,92,92,92,92,92,92,92,92,92,92],"card_choices":[{"not_picked":["PrismaMod:IllyaStunPoison","PrismaMod:IllyaGrailKun"],"picked":"PrismaMod:IllyaCheapChannelDefend","floor":2},{"not_picked":["PrismaMod:IllyaUpgradeOrbs","PrismaMod:IllyaCommonEvoke"],"picked":"PrismaMod:IllyaHassanGift","floor":3},{"not_picked":["PrismaMod:IllyaCheapChannelAttack","PrismaMod:IllyaUberAttackChannel"],"picked":"PrismaMod:IllyaSaphire","floor":4},{"not_picked":["PrismaMod:IllyaCheapChannelAttack","PrismaMod:IllyaUncommonAttack"],"picked":"PrismaMod:IllyaRubysPotion","floor":5},{"not_picked":["PrismaMod:IllyaCommandSeal","PrismaMod:IllyaAssassinRevenge"],"picked":"PrismaMod:IllyaBerserCAR","floor":8},{"not_picked":["PrismaMod:IllyaCommandSeal","PrismaMod:IllyaRussianRoulette"],"picked":"PrismaMod:IllyaPartialInstallAssassin","floor":9},{"not_picked":["PrismaMod:IllyaDetonatingBlow","PrismaMod:IllyaRapidFire"],"picked":"PrismaMod:IllyaCheapChannelPoison","floor":10},{"not_picked":["PrismaMod:IllyaCommonEvoke","PrismaMod:IllyaUpgradeOrbs"],"picked":"PrismaMod:IllyaGun","floor":11},{"not_picked":["PrismaMod:IllyaCarnivalPrismaAstolfo","PrismaMod:IllyaRapidFire"],"picked":"PrismaMod:IllyaUberAttackChannel","floor":12},{"not_picked":["PrismaMod:IllyaCheapChannelAttack","PrismaMod:IllyaUberPoisonBlock"],"picked":"PrismaMod:IllyaPoisonTippedWeapons","floor":14},{"not_picked":["PrismaMod:IllyaBerserCAR","PrismaMod:IllyaCheapChannelPoison"],"picked":"PrismaMod:IllyaPoisoningPhantasm","floor":15},{"not_picked":["PrismaMod:IllyaCarnivalAttack","PrismaMod:IllyaUberAttackChannel"],"picked":"PrismaMod:IllyaUberPoisonChannel","floor":16},{"not_picked":["PrismaMod:IllyaCheapChannelAttack","PrismaMod:IllyaRapidFire"],"picked":"PrismaMod:IllyaDevil+1","floor":19},{"not_picked":["PrismaMod:IllyaDualEvoke","PrismaMod:IllyaEvokeAll"],"picked":"PrismaMod:IllyaAssassinRevenge+1","floor":20},{"not_picked":["PrismaMod:IllyaFeed","PrismaMod:IllyaCommandSeal"],"picked":"PrismaMod:IllyaCheapChannelPoison+1","floor":21},{"not_picked":["PrismaMod:IllyaAlice","PrismaMod:IllyaStunPoison"],"picked":"PrismaMod:IllyaBoysLove+1","floor":23},{"not_picked":["PrismaMod:IllyaTestament","PrismaMod:IllyaCheapChannelPoison"],"picked":"PrismaMod:IllyaSaphire","floor":25},{"not_picked":["PrismaMod:IllyaCheapChannelDefend","PrismaMod:IllyaFriendMaker"],"picked":"PrismaMod:IllyaUncommonAttack+1","floor":26},{"not_picked":["PrismaMod:IllyaBlindPoisonToss","PrismaMod:IllyaPoisonTippedWeapons+1"],"picked":"PrismaMod:IllyaUberPoisonChannel","floor":27},{"not_picked":["PrismaMod:IllyaTestament","PrismaMod:IllyaCheapChannelAttack"],"picked":"PrismaMod:IllyaRapidFire","floor":28}],"player_experience":32711,"relics_obtained":[{"floor":5,"key":"downfall:GremlinSack"},{"floor":24,"key":"StuffTheSpire:Barrel"},{"floor":28,"key":"conspire:Dentures"}],"event_choices":[{"damage_healed":0,"gold_gain":0,"player_choice":"Ignored","damage_taken":0,"max_hp_gain":0,"max_hp_loss":0,"event_name":"NoteForYourself","floor":22,"gold_loss":0}],"is_beta":false,"boss_relics":[{"not_picked":["energizedSpire:CursedPentagram","Empty Cage"],"picked":"SlaversCollar"}],"items_purged_floors":[],"is_endless":false,"potions_floor_spawned":[3,4,8,15,16,20,23,28],"killed_by":"Snake Plant","ascension_level":0}}