{"host":"tia00321x3ndnwo4","time":1613287279,"event":{"mods":["2.2 Compatiblity","BaseMod","Bestiary","Colored Map","Colored Powertips","Curses Come First","Downfall","Highlight Path","Minty Spire (QoL Compilation)","Relic Stats","Slay the Relics Exporter","StSLib","SuperFastMode"],"gold_per_floor":[99,549,564,574,589,599,625,652,652,672,672,705,705,721,736,835,835,835,849,864,864,214,234,284,304,338,338,438,438,467,491,506,604,604,604,623,639,639,368,368,393,408,428,382,382,382,382,382,397,397],"floor_reached":51,"language":"ENG","playtime":2295,"items_purged":["downfall:Icky","bronze:Defend","bronze:Defend"],"score":799,"play_id":"3b76faf8-81cb-4398-8a49-3dbb3c5e49f8","local_time":"20210213232119","is_ascension_mode":false,"campfire_choices":[{"data":"bronze:Goto","floor":1,"key":"SMITH"},{"data":"bronze:Repair","floor":11,"key":"SMITH"},{"data":"bronze:SpaghettiCode","floor":13,"key":"SMITH"},{"data":"bronze:RecursiveStrike","floor":18,"key":"SMITH"},{"data":"bronze:Branch","floor":27,"key":"SMITH"},{"data":"bronze:BurnOut","floor":29,"key":"SMITH"},{"data":"bronze:BurnOut","floor":35,"key":"SMITH"},{"data":"bronze:ItsAFeature","floor":47,"key":"SMITH"}],"circlet_count":0,"master_deck":["bronze:Strike","bronze:Strike+1","bronze:Strike+1","bronze:Strike","bronze:Defend","bronze:Defend","bronze:Replicate","bronze:Goto+1","downfall:Icky","downfall:Icky","bronze:WildBeam","bronze:GetLatest","bronze:Repair+1","bronze:Safeguard","bronze:ShipIt","bronze:WildBeam","bronze:SpaghettiCode+1","bronze:Branch+1","bronze:Shield","bronze:RecursiveStrike+1","bronze:Turbo","bronze:GetLatest+1","bronze:Optimize","The Bomb","bronze:ItsAFeature+1","bronze:Backtrace","bronze:DelayedSlice+1","bronze:DonuBeam","bronze:DecaBeam","bronze:BurnOut+1","bronze:BurnOut+1","bronze:Backtrace+1","bronze:ItsAFeature+1","bronze:Deprecate+1","bronze:Branch+1","bronze:SpaghettiCode"],"relics":["bronze:BronzeCore","CaptainsWheel","PreservedInsect","Dream Catcher","Bag of Preparation","Coffee Dripper","Nloth\u0027s Gift","MealTicket","Oddly Smooth Stone","Vajra","Bronze Scales","Incense Burner","Tiny Chest","bronze:MakeshiftBattery","Centennial Puzzle","Whetstone","bronze:BottledCode","Anchor","downfall:TeleportStone"],"acts_visited":["Exordium","TheCity","TheBeyond"],"potions_floor_usage":[12,12,16,16,26,30,30,33,50,50,50],"damage_taken":[{"damage":8,"enemies":"Cultist","floor":3,"turns":5},{"damage":5,"enemies":"Small Slimes","floor":4,"turns":3},{"damage":6,"enemies":"Jaw Worm","floor":5,"turns":4},{"damage":14,"enemies":"Exordium Thugs","floor":6,"turns":5},{"damage":0,"enemies":"Lagavulin","floor":8,"turns":5},{"damage":0,"enemies":"Large Slime","floor":10,"turns":5},{"damage":7,"enemies":"Gremlin Nob","floor":12,"turns":3},{"damage":0,"enemies":"Blue Slaver","floor":14,"turns":3},{"damage":0,"enemies":"Exordium Thugs","floor":15,"turns":4},{"damage":4,"enemies":"SI_SHIV_ARCHETYPE","floor":16,"turns":7},{"damage":7,"enemies":"Shell Parasite","floor":19,"turns":3},{"damage":0,"enemies":"Spheric Guardian","floor":20,"turns":1},{"damage":0,"enemies":"downfall:FleeingMerchant","floor":22,"turns":4},{"damage":7,"enemies":"Shelled Parasite and Fungi","floor":23,"turns":4},{"damage":0,"enemies":"Cultist and Chosen","floor":25,"turns":4},{"damage":12,"enemies":"Gremlin Leader","floor":26,"turns":5},{"damage":13,"enemies":"Gremlin Leader","floor":28,"turns":4},{"damage":0,"enemies":"Book of Stabbing","floor":30,"turns":2},{"damage":0,"enemies":"Centurion and Healer","floor":32,"turns":2},{"damage":51,"enemies":"DF_ARCHETYPE_CLAW","floor":33,"turns":7},{"damage":2,"enemies":"3 Shapes","floor":36,"turns":3},{"damage":0,"enemies":"Orb Walker","floor":37,"turns":2},{"damage":0,"enemies":"downfall:FleeingMerchant","floor":39,"turns":4},{"damage":14,"enemies":"Jaw Worm Horde","floor":42,"turns":2},{"damage":0,"enemies":"Transient","floor":43,"turns":5},{"damage":0,"enemies":"downfall:FleeingMerchant","floor":44,"turns":1},{"damage":23,"enemies":"Writhing Mass","floor":49,"turns":3},{"damage":1,"enemies":"IC_BLOCK_ARCHETYPE","floor":50,"turns":6}],"seed_played":"-8940264482429032751","potions_obtained":[{"floor":4,"key":"LiquidMemories"},{"floor":5,"key":"LiquidBronze"},{"floor":8,"key":"Weak Potion"},{"floor":12,"key":"Dexterity Potion"},{"floor":19,"key":"Dexterity Potion"},{"floor":20,"key":"SteroidPotion"},{"floor":23,"key":"LiquidBronze"},{"floor":25,"key":"Energy Potion"},{"floor":30,"key":"champ:CounterPotion"},{"floor":33,"key":"sneckomod:MuddlingPotion"},{"floor":36,"key":"SteroidPotion"},{"floor":37,"key":"FearPotion"}],"is_trial":false,"path_per_floor":["R","?","M","M","M","M","T","E","?","M","R","E","R","M","M","B",null,"R","M","M","?","$","M","T","M","E","R","?","R","E","T","M","B",null,"R","M","M","?","$","?","T","M","M","$","?","T","R","?","M","B",null],"character_chosen":"THE_AUTOMATON","items_purchased":["MealTicket","Oddly Smooth Stone","bronze:Optimize","The Bomb","Centennial Puzzle","Slimebound:ThreeZeroPotion","bronze:SpaghettiCode"],"campfire_rested":0,"item_purchase_floors":[22,22,22,22,39,44,44],"current_hp_per_floor":[63,63,55,50,44,37,37,44,37,44,44,37,37,47,57,63,63,63,63,63,63,63,56,56,63,57,57,54,54,54,54,54,3,63,63,63,63,63,63,63,63,59,63,63,53,53,53,53,30,39],"gold":397,"neow_bonus":"ONE_RARE_RELIC","is_daily":false,"chose_seed":false,"campfire_upgraded":8,"win_rate":0.0,"timestamp":1613287279,"path_taken":["R","?","M","M","M","M","T","E","?","M","R","E","R","M","M","BOSS","R","M","M","?","?","M","T","M","E","R","?","R","E","?","M","BOSS","R","M","M","?","$","?","T","M","M","$","?","?","R","?","M","BOSS"],"items_purchased_type":["Relic","Relic","Card","Card","Relic","Potion","Card"],"build_version":"2020-12-22","purchased_purges":3,"victory":true,"max_hp_per_floor":[63,63,63,63,63,63,63,63,63,63,63,63,63,63,63,63,63,63,63,63,63,63,63,63,63,63,63,63,63,63,63,63,63,63,63,63,63,63,63,63,63,63,63,63,53,53,53,53,53,53],"relic_stats":{"Dream Catcher":0,"Centennial Puzzle":[9],"counters":[28,106],"Bronze Scales":[78],"MealTicket":0,"Tiny Chest":1,"PreservedInsect":308,"Bag of Preparation":[42],"Nloth\u0027s Gift":4,"Whetstone":["bronze:Strike","bronze:Strike"],"obtain_stats":[{"bronze:BronzeCore":0,"Oddly Smooth Stone":22,"Vajra":24,"PreservedInsect":7,"downfall:TeleportStone":48,"Bag of Preparation":12,"Incense Burner":30,"Letter Opener":9,"Whetstone":41,"bronze:BottledCode":45,"CaptainsWheel":0,"Dream Catcher":8,"Centennial Puzzle":39,"Anchor":46,"Bronze Scales":26,"MealTicket":22,"Tiny Chest":31,"Coffee Dripper":17,"Nloth\u0027s Gift":21,"bronze:MakeshiftBattery":34},{"bronze:BronzeCore":0,"Oddly Smooth Stone":13,"Vajra":14,"PreservedInsect":4,"downfall:TeleportStone":26,"Bag of Preparation":7,"Incense Burner":18,"Letter Opener":5,"Whetstone":23,"bronze:BottledCode":26,"CaptainsWheel":0,"Dream Catcher":5,"Centennial Puzzle":23,"Anchor":26,"Bronze Scales":16,"MealTicket":13,"Tiny Chest":18,"Coffee Dripper":10,"Nloth\u0027s Gift":12,"bronze:MakeshiftBattery":20},{"bronze:BronzeCore":0,"Oddly Smooth Stone":52,"Vajra":56,"PreservedInsect":17,"downfall:TeleportStone":97,"Bag of Preparation":30,"Incense Burner":71,"Letter Opener":22,"Whetstone":89,"bronze:BottledCode":97,"CaptainsWheel":0,"Dream Catcher":22,"Centennial Puzzle":89,"Anchor":97,"Bronze Scales":65,"MealTicket":52,"Tiny Chest":71,"Coffee Dripper":44,"Nloth\u0027s Gift":48,"bronze:MakeshiftBattery":80}]},"card_choices":[{"not_picked":["bronze:OilSpill","bronze:DelayedGuard"],"picked":"bronze:WildBeam","floor":3},{"not_picked":["bronze:DelayedGuard","bronze:Deprecate"],"picked":"bronze:GetLatest","floor":4},{"not_picked":["bronze:BuggyMess","bronze:ShipIt"],"picked":"bronze:Repair","floor":5},{"not_picked":["bronze:OilSpill","bronze:ForceShield"],"picked":"bronze:Safeguard","floor":6},{"not_picked":["bronze:OilSpill","bronze:Philosophize"],"picked":"bronze:ShipIt","floor":8},{"not_picked":["bronze:Overheat","bronze:BitShift"],"picked":"bronze:WildBeam","floor":10},{"not_picked":["bronze:Return","bronze:DigitalCarnage"],"picked":"bronze:SpaghettiCode","floor":12},{"not_picked":["bronze:ClassDefault","bronze:Boost"],"picked":"bronze:Branch","floor":14},{"not_picked":["bronze:Frontload","bronze:Refactor"],"picked":"bronze:Shield","floor":15},{"not_picked":["bronze:Virus","bronze:Verify"],"picked":"bronze:RecursiveStrike","floor":16},{"not_picked":["bronze:Shield","bronze:Overheat+1"],"picked":"bronze:Turbo","floor":19},{"not_picked":["bronze:Deprecate+1","bronze:BugBarrage"],"picked":"bronze:GetLatest+1","floor":20},{"not_picked":["bronze:ClassDefault","bronze:Return+1","bronze:Invalidate"],"picked":"SKIP","floor":22},{"not_picked":["bronze:GetLatest","bronze:Turbo"],"picked":"bronze:ItsAFeature+1","floor":23},{"not_picked":["bronze:WildBeam","bronze:Branch"],"picked":"bronze:Backtrace","floor":25},{"not_picked":["bronze:Fortify","bronze:Frontload"],"picked":"bronze:DelayedSlice+1","floor":26},{"not_picked":[],"picked":"bronze:DonuBeam","floor":28},{"not_picked":[],"picked":"bronze:DecaBeam","floor":28},{"not_picked":["bronze:Return+1","bronze:Frontload"],"picked":"bronze:BurnOut","floor":28},{"not_picked":["bronze:Break","bronze:AlphaBuild"],"picked":"bronze:BurnOut","floor":30},{"not_picked":["bronze:BuggyMess","bronze:DelayedSlice","bronze:WhirlingStrike"],"picked":"SKIP","floor":32},{"not_picked":["bronze:Iterate+1","bronze:Deprecate"],"picked":"bronze:Backtrace+1","floor":36},{"not_picked":["bronze:Philosophize","bronze:Return+1"],"picked":"bronze:ItsAFeature","floor":37},{"not_picked":["bronze:Optimize","bronze:Invalidate+1"],"picked":"bronze:Deprecate+1","floor":39},{"not_picked":["bronze:Format","bronze:WildBeam","bronze:CutThrough"],"picked":"SKIP","floor":42},{"not_picked":["bronze:ChildClass","bronze:BitShift+1","bronze:Constructor+1"],"picked":"SKIP","floor":43},{"not_picked":["bronze:Return","bronze:FineTuning"],"picked":"bronze:Branch+1","floor":44},{"not_picked":["bronze:BronzeArmor","bronze:DarkDash","bronze:DelayedSlice+1"],"picked":"SKIP","floor":49}],"player_experience":201534,"relics_obtained":[{"floor":7,"key":"PreservedInsect"},{"floor":8,"key":"Dream Catcher"},{"floor":12,"key":"Bag of Preparation"},{"floor":24,"key":"Vajra"},{"floor":26,"key":"Bronze Scales"},{"floor":30,"key":"Incense Burner"},{"floor":31,"key":"Tiny Chest"},{"floor":41,"key":"Whetstone"},{"floor":46,"key":"Anchor"}],"event_choices":[{"damage_healed":0,"gold_gain":0,"player_choice":"Success","damage_taken":7,"relics_obtained":["Letter Opener"],"max_hp_gain":0,"max_hp_loss":0,"event_name":"Scrap Ooze","floor":9,"gold_loss":0}],"is_beta":false,"boss_relics":[{"not_picked":["Fusion Hammer","Cursed Key"],"picked":"Coffee Dripper"},{"not_picked":["Pandora\u0027s Box","Calling Bell"],"picked":"bronze:MakeshiftBattery"}],"items_purged_floors":[22,39,44],"is_endless":false,"potions_floor_spawned":[4,5,8,10,12,19,20,23,25,30,33,36,37,42],"ascension_level":0}}