{"host":"cd8sh5n6ebstnq0m","time":1613347021,"event":{"mods":["BaseMod","BetterRewards","Colored Map","Dota2Spire","Downfall","Friendly Minions","Gold Saver","GungeonMod","Hubris","Infinite Spire","Jedi Mod","Minty Spire (QoL Compilation)","Replay The Spire","SOS???????","Spicy Shops","StSLib","The Animator","The Blackbeard","The Forsaken","The Runesmith","Uncapped"],"gold_per_floor":[133,184,184,205,240,272,272,53,53,101,101,101],"floor_reached":11,"language":"ENG","playtime":545,"items_purged":[],"score":75,"play_id":"aab3eb58-3c85-4ffb-a438-88fe3a131e16","local_time":"20210215005701","is_ascension_mode":false,"campfire_choices":[],"circlet_count":0,"master_deck":["Attack_a","Attack_a","Attack_b","Shoot","Shoot","Provocation","Defend_Dante","Defend_Dante","Defend_Dante","Defend_Dante","Redorb","Greenorb","Gunstinger","Gunslinger","Stinger","Purpleorb","CoyoteA+1","Doubleshoot","Dash2"],"relics":["SSS","Combocheck","NeowsBlessing","Frozen Egg 2","OrangePellets"],"acts_visited":["Exordium"],"potions_floor_usage":[6],"damage_taken":[{"damage":0,"enemies":"Small Slimes","floor":1,"turns":2},{"damage":0,"enemies":"Jaw Worm","floor":2,"turns":1},{"damage":0,"enemies":"2 Louse","floor":4,"turns":1},{"damage":4,"enemies":"Blue Slaver","floor":5,"turns":5},{"damage":29,"enemies":"3 Sentries","floor":6,"turns":10},{"damage":54,"enemies":"Gremlin Gang","floor":10,"turns":5},{"damage":6,"enemies":"Gremlin Nob","floor":11,"turns":3}],"seed_played":"-3390379374020598735","potions_obtained":[{"floor":5,"key":"EssenceOfSteel"},{"floor":10,"key":"SteroidPotion"}],"is_trial":false,"path_per_floor":["M","M","?","M","M","E","?","$","T","M","E"],"character_chosen":"DANTE","items_purchased":["OrangePellets","CoyoteA+1","Doubleshoot"],"campfire_rested":0,"item_purchase_floors":[8,8,8],"current_hp_per_floor":[80,80,80,80,80,57,57,57,57,4,0,0],"gold":101,"neow_bonus":"THREE_ENEMY_KILL","is_daily":false,"chose_seed":false,"campfire_upgraded":0,"win_rate":0.0,"timestamp":1613347021,"path_taken":["M","M","?","M","M","E","?","$","T","M","E"],"items_purchased_type":["Relic","Card","Card"],"build_version":"2020-12-22","purchased_purges":0,"victory":false,"max_hp_per_floor":[80,80,80,80,80,80,80,80,80,80,80,80],"card_choices":[{"not_picked":["Weaponchange","VitalstarS"],"picked":"Greenorb","floor":1},{"not_picked":["Greenorb","GilgameshcomboA"],"picked":"Gunstinger","floor":2},{"not_picked":["Blueorb","Weaponchange"],"picked":"Gunslinger","floor":4},{"not_picked":["Straight","LucifercomboA"],"picked":"Stinger","floor":5},{"not_picked":["LucifercomboB","DevilstarS"],"picked":"Purpleorb","floor":6},{"not_picked":["Gunstinger","Unrisingdragon"],"picked":"Dash2","floor":10}],"player_experience":396639,"relics_obtained":[{"floor":6,"key":"Frozen Egg 2"}],"event_choices":[],"is_beta":false,"boss_relics":[],"items_purged_floors":[],"is_endless":false,"potions_floor_spawned":[5,10],"killed_by":"Gremlin Nob","ascension_level":0}}