{"host":"mgjbkrm6zb65cm01","time":1613308062,"event":{"mods":["ATMod(°¢èªMod)","BaseMod","Conspire","Good Game Mod","Minty Spire (QoL Compilation)","Quick Restart","Relic Stats","Spicy Shops","StSLib","UnlockEverythingMod","noobMod"],"gold_per_floor":[109,120,120,132,150,150,182,182,207,227,258,258,285,301,301,402,402,402],"floor_reached":17,"language":"ZHS","playtime":829,"items_purged":[],"score":177,"play_id":"3660dc17-a502-466a-8544-321a27b4b139","local_time":"20210214210742","is_ascension_mode":false,"campfire_choices":[{"data":"AT_Dispersion","floor":6.0,"key":"SMITH"},{"data":"Flex","floor":12.0,"key":"SMITH"},{"data":"AT_IchimonjiDouble","floor":15.0,"key":"SMITH"}],"circlet_count":0,"master_deck":["Strike_R","Strike_R","Strike_R","Strike_R","Strike_R","Defend_R","Defend_R","Defend_R","Defend_R","Bash","Limit Break+1","AT_Dispersion+1","Armaments","AT_IchimonjiDouble+1","Armaments+1","Flex+1","Pommel Strike","Warcry","Immolate","Thunderclap","Sword Boomerang","conspire:HitWhereItHurts"],"relics":["Burning Blood","REME:ComplimentaryCards","ice","AT_ATBox","NeowsBlessing","Boot","Bronze Scales","Pantograph","SlaversCollar"],"acts_visited":["Exordium","TheCity"],"potions_floor_usage":[16],"damage_taken":[{"damage":0.0,"enemies":"Small Slimes","floor":1.0,"turns":1.0},{"damage":0.0,"enemies":"Cultist","floor":2.0,"turns":1.0},{"damage":0.0,"enemies":"conspire:RoseBush","floor":4.0,"turns":1.0},{"damage":14.0,"enemies":"Blue Slaver","floor":5.0,"turns":4.0},{"damage":25.0,"enemies":"Lagavulin","floor":7.0,"turns":7.0},{"damage":0.0,"enemies":"2 Fungi Beasts","floor":10.0,"turns":3.0},{"damage":25.0,"enemies":"3 Sentries","floor":11.0,"turns":8.0},{"damage":35.0,"enemies":"Lagavulin","floor":13.0,"turns":5.0},{"damage":8.0,"enemies":"Lots of Slimes","floor":14.0,"turns":4.0},{"damage":54,"enemies":"Hexaghost","floor":16,"turns":10}],"seed_played":"79724885808040825","potions_obtained":[{"floor":7.0,"key":"PowerPotion"},{"floor":13.0,"key":"DistilledChaos"},{"floor":14.0,"key":"BloodPotion"}],"is_trial":false,"path_per_floor":["M","M","?","M","M","R","E","?","T","M","E","R","E","M","R","B",null],"character_chosen":"IRONCLAD","items_purchased":[],"campfire_rested":0,"item_purchase_floors":[],"current_hp_per_floor":[80,80,80,80,72,72,53,53,53,59,40,40,11,80,80,48,80,80],"gold":402,"neow_bonus":"THREE_ENEMY_KILL","is_daily":false,"chose_seed":false,"campfire_upgraded":3,"win_rate":0.0,"timestamp":1613308062,"path_taken":["M","M","?","M","M","R","E","?","T","M","E","R","E","M","R","BOSS"],"items_purchased_type":[],"build_version":"2020-12-22","purchased_purges":0,"victory":false,"max_hp_per_floor":[80,80,80,80,80,80,80,80,80,80,80,80,80,80,80,80,80,80],"relic_stats":{"counters":[10,44],"Bronze Scales":[81],"Pantograph":0,"Boot":[9],"obtain_stats":[{"SlaversCollar":17,"REME:ComplimentaryCards":0,"AT_ATBox":0,"NeowsBlessing":0,"Bronze Scales":11,"Pantograph":13,"ice":0,"Boot":7,"Burning Blood":0},{"SlaversCollar":10,"REME:ComplimentaryCards":0,"AT_ATBox":0,"NeowsBlessing":0,"Bronze Scales":7,"Pantograph":8,"ice":0,"Boot":5,"Burning Blood":0},{"SlaversCollar":44,"REME:ComplimentaryCards":0,"AT_ATBox":0,"NeowsBlessing":0,"Bronze Scales":25,"Pantograph":30,"ice":0,"Boot":14,"Burning Blood":0}],"Burning Blood":36},"card_choices":[{"not_picked":["Shrug It Off","Pommel Strike"],"picked":"Armaments","floor":1.0},{"not_picked":["Clothesline","Cleave"],"picked":"AT_IchimonjiDouble","floor":2.0},{"not_picked":["Entrench","Intimidate"],"picked":"Armaments","floor":4.0},{"not_picked":["Juggernaut","Clash"],"picked":"Flex","floor":5.0},{"not_picked":["Fire Breathing","Body Slam"],"picked":"Pommel Strike","floor":7.0},{"not_picked":["Feel No Pain","Clothesline"],"picked":"Warcry","floor":10.0},{"not_picked":["Iron Wave","Shrug It Off"],"picked":"Immolate","floor":11.0},{"not_picked":["Flame Barrier","AT_IchimonjiDouble"],"picked":"Thunderclap","floor":13.0},{"not_picked":["True Grit","Burning Pact"],"picked":"Sword Boomerang","floor":14.0},{"not_picked":["Feed","Immolate"],"picked":"conspire:HitWhereItHurts","floor":16}],"player_experience":161875,"relics_obtained":[{"floor":7.0,"key":"Boot"},{"floor":11.0,"key":"Bronze Scales"},{"floor":13.0,"key":"Pantograph"}],"event_choices":[{"damage_healed":0.0,"max_hp_gain":0.0,"max_hp_loss":0.0,"gold_gain":0.0,"event_name":"Living Wall","player_choice":"Grow","floor":3.0,"gold_loss":0.0,"damage_taken":0.0,"cards_upgraded":["Limit Break"]},{"damage_healed":0.0,"max_hp_gain":0.0,"max_hp_loss":0.0,"gold_gain":0.0,"event_name":"Upgrade Shrine","player_choice":"Upgraded","floor":8.0,"gold_loss":0.0,"damage_taken":0.0,"cards_upgraded":["Armaments"]}],"is_beta":false,"boss_relics":[{"not_picked":["conspire:SeveredTorchhead","Runic Cube"],"picked":"SlaversCollar"}],"items_purged_floors":[],"is_endless":false,"potions_floor_spawned":[7,13,14],"ascension_level":0}}