{"host":"8iprjuzow65cevwy","time":1613343945,"event":{"mods":["BaseMod","Colored Map","Highlight Path","Minty Spire (QoL Compilation)","Permanent Neow"],"gold_per_floor":[113,124,138,56,76,76,76,2,2,36,50,77,88,104,104,201,201,215,225,225,237,336,336,369,369,393,426,87,87,87,103,103,201,201,215,215,231,246,266,266,291,338,421,433,461,1,1,17,17,17],"floor_reached":51,"language":"ENG","playtime":3581,"items_purged":["Strike_G","Decay"],"score":824,"play_id":"3a453520-fd87-4e3b-859a-a793ac140e6c","local_time":"20210215000545","is_ascension_mode":true,"campfire_choices":[{"data":"Footwork","floor":6,"key":"SMITH"},{"floor":15,"key":"REST"},{"floor":23,"key":"REST"},{"floor":30,"key":"REST"},{"floor":32,"key":"REST"},{"floor":40,"key":"REST"},{"floor":44,"key":"REST"},{"floor":49,"key":"REST"}],"circlet_count":0,"master_deck":["Strike_G","Strike_G","Strike_G","Strike_G","Defend_G","Defend_G","Defend_G","Defend_G","Defend_G","Survivor","Neutralize","Footwork+1","Deadly Poison","Flying Knee","Well Laid Plans","Predator","Eviscerate","Deadly Poison","Bane","Escape Plan","Unload","Bouncing Flask","Corpse Explosion","Poisoned Stab+1","Riddle With Holes","Necronomicurse","Catalyst","Dash","Quick Slash","Night Terror","Bouncing Flask","Tools of the Trade","Backflip+1","Caltrops+1","Footwork+1","Parasite","Distraction+1","Leg Sweep+1","Leg Sweep","Underhanded Strike","Underhanded Strike","Corpse Explosion","HandOfGreed","Backflip+1"],"relics":["HoveringKite","Happy Flower","Paper Crane","Turnip","Snecko Eye","Necronomicon","Incense Burner","Tiny Chest","The Courier","Pen Nib","Fusion Hammer","MawBank","MealTicket","Sundial","Mummified Hand"],"acts_visited":["Exordium","TheCity","TheBeyond"],"potions_floor_usage":[13,19,21,24,27,50],"damage_taken":[{"damage":0,"enemies":"2 Louse","floor":1,"turns":3},{"damage":0,"enemies":"Cultist","floor":2,"turns":5},{"damage":0,"enemies":"Small Slimes","floor":3,"turns":3},{"damage":6,"enemies":"2 Fungi Beasts","floor":5,"turns":5},{"damage":11,"enemies":"3 Sentries","floor":10,"turns":9},{"damage":5,"enemies":"Blue Slaver","floor":11,"turns":4},{"damage":13,"enemies":"Lagavulin","floor":12,"turns":6},{"damage":1,"enemies":"Lots of Slimes","floor":13,"turns":2},{"damage":3,"enemies":"Looter","floor":14,"turns":3},{"damage":25,"enemies":"Hexaghost","floor":16,"turns":9},{"damage":4,"enemies":"Chosen","floor":18,"turns":3},{"damage":7,"enemies":"3 Byrds","floor":19,"turns":2},{"damage":24,"enemies":"Snake Plant","floor":21,"turns":3},{"damage":27,"enemies":"Gremlin Leader","floor":24,"turns":4},{"damage":12,"enemies":"Slavers","floor":27,"turns":2},{"damage":0,"enemies":"Centurion and Healer","floor":31,"turns":2},{"damage":11,"enemies":"Champ","floor":33,"turns":10},{"damage":17,"enemies":"3 Shapes","floor":35,"turns":4},{"damage":10,"enemies":"Orb Walker","floor":37,"turns":2},{"damage":1,"enemies":"Transient","floor":38,"turns":5},{"damage":15,"enemies":"Writhing Mass","floor":39,"turns":4},{"damage":30,"enemies":"Giant Head","floor":42,"turns":7},{"damage":11,"enemies":"4 Shapes","floor":45,"turns":4},{"damage":0,"enemies":"Spire Growth","floor":48,"turns":3},{"damage":51,"enemies":"Donu and Deca","floor":50,"turns":5}],"seed_played":"-7932476988430282551","potions_obtained":[{"floor":3,"key":"FairyPotion"},{"floor":12,"key":"Explosive Potion"},{"floor":16,"key":"Energy Potion"},{"floor":18,"key":"Explosive Potion"},{"floor":21,"key":"Poison Potion"},{"floor":24,"key":"Swift Potion"},{"floor":39,"key":"LiquidBronze"},{"floor":42,"key":"FairyPotion"}],"is_trial":false,"path_per_floor":["M","M","M","$","M","R","?","$","T","E","M","E","M","M","R","B",null,"M","M","?","M","?","R","E","?","T","E","$","?","R","M","R","B",null,"M","?","M","M","M","R","T","E","T","R","M","$","?","M","R","B",null],"character_chosen":"THE_SILENT","items_purchased":["Well Laid Plans","Eviscerate","Night Terror","Bouncing Flask","Pen Nib","Underhanded Strike","Underhanded Strike","Corpse Explosion","Mummified Hand"],"campfire_rested":7,"item_purchase_floors":[4,8,28,28,28,46,46,46,46],"current_hp_per_floor":[70,70,70,70,64,64,57,57,57,46,41,28,27,24,45,20,70,66,59,43,19,19,40,13,13,13,1,1,1,22,22,43,32,70,53,53,43,42,27,48,48,18,18,39,28,43,43,43,64,13],"gold":17,"neow_bonus":"BOSS_RELIC","is_daily":false,"chose_seed":false,"campfire_upgraded":1,"win_rate":0.0,"timestamp":1613343945,"path_taken":["M","M","M","$","M","R","?","$","T","E","M","E","?","M","R","BOSS","M","M","?","M","?","R","E","?","T","E","$","?","R","M","R","BOSS","M","?","M","M","?","R","?","E","T","R","M","$","?","?","R","BOSS"],"items_purchased_type":["Card","Card","Card","Card","Relic","Card","Card","Card","Relic"],"build_version":"2020-12-22","purchased_purges":2,"victory":true,"max_hp_per_floor":[70,70,70,70,70,70,70,70,70,70,70,70,70,70,70,70,70,70,70,70,70,70,70,70,70,70,70,70,70,70,70,70,70,70,70,70,70,70,70,70,70,70,70,70,70,70,70,70,70,70],"card_choices":[{"not_picked":["Dagger Spray","Deflect"],"picked":"Footwork","floor":1},{"not_picked":["Caltrops","Acrobatics"],"picked":"Deadly Poison","floor":2},{"not_picked":["Cloak And Dagger","Concentrate"],"picked":"Flying Knee","floor":3},{"not_picked":["Venomology","Crippling Poison"],"picked":"Predator","floor":5},{"not_picked":["Infinite Blades","Setup"],"picked":"Deadly Poison","floor":10},{"not_picked":["Backflip","Blade Dance"],"picked":"Bane","floor":11},{"not_picked":["Blade Dance","Flying Knee"],"picked":"Escape Plan","floor":12},{"not_picked":["Predator","Dodge and Roll"],"picked":"Unload","floor":13},{"not_picked":["Flechettes","Dagger Spray"],"picked":"Bouncing Flask","floor":14},{"not_picked":["Malaise","Glass Knife"],"picked":"Corpse Explosion","floor":16},{"not_picked":["Deflect","Slice"],"picked":"Poisoned Stab+1","floor":18},{"not_picked":["Sucker Punch","Cloak And Dagger"],"picked":"Riddle With Holes","floor":19},{"not_picked":["PiercingWail","Infinite Blades"],"picked":"Catalyst","floor":21},{"not_picked":["Acrobatics","Underhanded Strike"],"picked":"Dash","floor":24},{"not_picked":["PiercingWail","Deadly Poison"],"picked":"Quick Slash","floor":27},{"not_picked":["Cloak And Dagger","Setup","Catalyst"],"picked":"SKIP","floor":31},{"not_picked":["Unload","Glass Knife"],"picked":"Tools of the Trade","floor":33},{"not_picked":["Finisher","Dagger Spray"],"picked":"Backflip+1","floor":35},{"not_picked":["Dodge and Roll","Blade Dance"],"picked":"Caltrops+1","floor":37},{"not_picked":["Prepared","Dagger Spray+1"],"picked":"Footwork+1","floor":38},{"not_picked":["Flechettes","Prepared"],"picked":"Distraction+1","floor":39},{"not_picked":["Distraction","Heel Hook"],"picked":"Leg Sweep+1","floor":42},{"not_picked":["Outmaneuver+1","Prepared"],"picked":"Leg Sweep","floor":45},{"not_picked":["Violence","Dramatic Entrance"],"picked":"HandOfGreed","floor":47},{"not_picked":["Blade Dance","Sucker Punch"],"picked":"Backflip+1","floor":48}],"player_experience":345170,"relics_obtained":[{"floor":9,"key":"Happy Flower"},{"floor":10,"key":"Paper Crane"},{"floor":12,"key":"Turnip"},{"floor":20,"key":"Necronomicon"},{"floor":24,"key":"Incense Burner"},{"floor":26,"key":"Tiny Chest"},{"floor":27,"key":"The Courier"},{"floor":41,"key":"MawBank"},{"floor":42,"key":"MealTicket"},{"floor":43,"key":"Sundial"}],"event_choices":[{"damage_healed":0,"gold_gain":0,"player_choice":"Damaged","damage_taken":7,"max_hp_gain":0,"max_hp_loss":0,"event_name":"Wheel of Change","floor":7,"gold_loss":0},{"damage_healed":0,"gold_gain":0,"player_choice":"Obtained Book","damage_taken":16,"max_hp_gain":0,"max_hp_loss":0,"event_name":"Cursed Tome","floor":20,"gold_loss":0},{"damage_healed":0,"gold_gain":99,"player_choice":"Stole From Cult","damage_taken":0,"max_hp_gain":0,"max_hp_loss":0,"event_name":"Nest","floor":22,"gold_loss":0},{"damage_healed":0,"gold_gain":0,"player_choice":"Ignored","damage_taken":0,"max_hp_gain":0,"max_hp_loss":0,"event_name":"Ghosts","floor":25,"gold_loss":0},{"damage_healed":0,"gold_gain":0,"player_choice":"Smashed Altar","damage_taken":0,"max_hp_gain":0,"max_hp_loss":0,"event_name":"Forgotten Altar","floor":29,"gold_loss":0,"cards_obtained":["Decay"]},{"damage_healed":0,"gold_gain":0,"player_choice":"Ignored","damage_taken":0,"max_hp_gain":0,"max_hp_loss":0,"event_name":"SecretPortal","floor":36,"gold_loss":0},{"damage_healed":0,"gold_gain":0,"player_choice":"Memory 1","damage_taken":0,"max_hp_gain":0,"max_hp_loss":0,"event_name":"SensoryStone","floor":47,"gold_loss":0}],"is_beta":false,"boss_relics":[{"not_picked":["SacredBark","Ectoplasm"],"picked":"Snecko Eye"},{"not_picked":["Coffee Dripper","Runic Dome"],"picked":"Fusion Hammer"}],"items_purged_floors":[28,46],"is_endless":false,"potions_floor_spawned":[3,12,16,18,21,24,39,42],"ascension_level":2}}