{"host":"pqs17sqrgflf4eqa","time":1613278110,"event":{"mods":["AchievementEnabler","BaseMod","Bestiary","Better Altar","Better Match","Better Skull","Block Reminder","Bossed Relics","Colored Map","Colored Powertips","Curses Come First","Dark Map","DeckTracker","Defective Defect","Displayed Cursed Tome","Emptier Cage","Googly Eyes","Highlight Path","Minty Spire (QoL Compilation)","Quick Restart","Slay-I","StSLib","SuperFastMode","Synergy Search","Thieving Mod","Transform Curses","everything is the same but u backflip on backflip","slay the spire mod where everything is the same but ironclad has a cowboy hat"],"gold_per_floor":[109,109,119,135,135,168,186,202,202,202,202],"floor_reached":10,"language":"ENG","playtime":308,"items_purged":[],"score":91,"play_id":"83617644-b98d-4681-be96-7e1836c517f4","local_time":"20210213234830","is_ascension_mode":true,"campfire_choices":[],"circlet_count":0,"master_deck":["Strike_G","Strike_G","Strike_G","Strike_G","Strike_G","Defend_G","Defend_G","Defend_G","Defend_G","Defend_G","Survivor","Neutralize","Cloak And Dagger","Deflect","Finisher","Deadly Poison","Dodge and Roll"],"relics":["Ring of the Snake","Peace Pipe","Toy Ornithopter","Letter Opener","Singing Bowl","Bottled Flame"],"acts_visited":["Exordium"],"potions_floor_usage":[4,6,6,6,8,8],"damage_taken":[{"damage":1,"enemies":"Jaw Worm","floor":1,"turns":3},{"damage":2,"enemies":"Cultist","floor":3,"turns":4},{"damage":7,"enemies":"Small Slimes","floor":4,"turns":4},{"damage":5,"enemies":"3 Sentries","floor":6,"turns":8},{"damage":4,"enemies":"Looter","floor":7,"turns":3},{"damage":4,"enemies":"Red Slaver","floor":8,"turns":5},{"damage":40,"enemies":"Lagavulin","floor":10,"turns":8}],"seed_played":"2383748281367519246","potions_obtained":[{"floor":1,"key":"SteroidPotion"},{"floor":3,"key":"DistilledChaos"},{"floor":4,"key":"EntropicBrew"}],"is_trial":false,"path_per_floor":["M","?","M","M","?","E","M","M","T","E"],"character_chosen":"THE_SILENT","items_purchased":[],"campfire_rested":0,"item_purchase_floors":[],"current_hp_per_floor":[44,44,42,40,33,43,39,45,45,5,5],"gold":202,"neow_bonus":"ONE_RARE_RELIC","is_daily":false,"chose_seed":false,"campfire_upgraded":0,"win_rate":0.0,"timestamp":1613278110,"path_taken":["M","?","M","?","?","E","M","M","T","E"],"items_purchased_type":[],"build_version":"2020-12-22","purchased_purges":0,"victory":false,"max_hp_per_floor":[70,70,70,70,70,70,70,70,70,70,70],"card_choices":[{"not_picked":["Outmaneuver","Flying Knee"],"picked":"Skewer","floor":1},{"not_picked":["Backflip","Bane"],"picked":"Cloak And Dagger","floor":3},{"not_picked":["Crippling Poison","Quick Slash"],"picked":"Deflect","floor":4},{"not_picked":["Flechettes","Sucker Punch"],"picked":"Finisher","floor":6},{"not_picked":["Blade Dance","Underhanded Strike"],"picked":"Deadly Poison","floor":7},{"not_picked":["Accuracy","Flying Knee"],"picked":"Dodge and Roll","floor":8}],"player_experience":203615,"relics_obtained":[{"floor":6,"key":"Singing Bowl"},{"floor":9,"key":"Bottled Flame"}],"event_choices":[{"cards_removed":["Skewer"],"damage_healed":0,"gold_gain":0,"player_choice":"Gave Card","damage_taken":0,"relics_obtained":["Toy Ornithopter"],"max_hp_gain":0,"max_hp_loss":0,"event_name":"WeMeetAgain","floor":2,"gold_loss":0},{"damage_healed":0,"gold_gain":0,"player_choice":"Success","damage_taken":7,"relics_obtained":["Letter Opener"],"max_hp_gain":0,"max_hp_loss":0,"event_name":"Scrap Ooze","floor":5,"gold_loss":0}],"is_beta":false,"boss_relics":[],"items_purged_floors":[],"is_endless":false,"potions_floor_spawned":[1,3,4],"killed_by":"Lagavulin","ascension_level":6}}