{"host":"vgmhxp0kxvybuvcq","time":1613293085,"event":{"mods":["BaseMod","Minty Spire (QoL Compilation)","Replay The Spire","StSLib"],"gold_per_floor":[111,111,130,144,1,1,1,1,52,88,104,104,138,152,152,152,152],"floor_reached":16,"language":"ENG","playtime":624,"items_purged":[],"score":127,"play_id":"89dff8c6-309d-4522-ba96-a8f7f0d1bf96","local_time":"20210214005805","is_ascension_mode":true,"campfire_choices":[{"data":"1","floor":6,"key":"LIFT"},{"data":"2","floor":12,"key":"LIFT"},{"data":"Barricade","floor":15,"key":"SMITH"}],"circlet_count":0,"master_deck":["Strike_R","Strike_R","Strike_R","Strike_R","Strike_R","Defend_R","Defend_R","Defend_R","Defend_R","Bash","Shrug It Off","ReplayTheSpireMod:Muscle Training","Ghostly Armor","Pot Of Greed","Pot Of Greed","Injury","Barricade+1","Twin Strike","Armaments","Cleave"],"relics":["Burning Blood","Girya","FaceOfCleric","Grinning Jar","Golden Idol","PreservedInsect","Blood Vial","Question Card"],"acts_visited":["Exordium"],"potions_floor_usage":[10,13,16],"damage_taken":[{"damage":9,"enemies":"2 Louse","floor":1,"turns":3},{"damage":6,"enemies":"Cultist","floor":3,"turns":5},{"damage":8,"enemies":"Jaw Worm","floor":4,"turns":5},{"damage":16,"enemies":"Gremlin Nob","floor":10,"turns":3},{"damage":8,"enemies":"Gremlin Gang","floor":11,"turns":7},{"damage":11,"enemies":"Replay:BlueRogue","floor":13,"turns":4},{"damage":17,"enemies":"Looter","floor":14,"turns":3},{"damage":45,"enemies":"The Guardian","floor":16,"turns":10}],"seed_played":"6709384067526726537","potions_obtained":[{"floor":1,"key":"Strength Potion"},{"floor":4,"key":"Swift Potion"},{"floor":10,"key":"SpeedPotion"},{"floor":14,"key":"AttackPotion"}],"is_trial":false,"path_per_floor":["M","?","M","M","$","R","?","$","T","E","M","R","E","M","R","B"],"character_chosen":"IRONCLAD","items_purchased":["Grinning Jar"],"campfire_rested":0,"item_purchase_floors":[5],"current_hp_per_floor":[53,53,54,53,53,53,53,53,53,44,45,45,43,35,35,0,0],"gold":152,"neow_bonus":"ONE_RARE_RELIC","is_daily":false,"chose_seed":false,"campfire_upgraded":1,"win_rate":0.0,"timestamp":1613293085,"path_taken":["M","?","M","?","$","R","?","?","T","E","M","R","E","M","R","BOSS"],"items_purchased_type":["Relic"],"build_version":"2020-12-22","purchased_purges":0,"victory":false,"max_hp_per_floor":[80,80,81,82,82,82,82,82,82,83,84,84,85,86,86,86,86],"card_choices":[{"not_picked":["Second Wind","Rupture"],"picked":"Shrug It Off","floor":1},{"not_picked":["Sentinel","Clash"],"picked":"ReplayTheSpireMod:Muscle Training","floor":3},{"not_picked":["Pommel Strike","Replay:Undeath\u0027s Touch"],"picked":"Ghostly Armor","floor":4},{"not_picked":["Headbutt","Perfected Strike"],"picked":"Barricade","floor":10},{"not_picked":["Havoc","Second Wind"],"picked":"Twin Strike","floor":11},{"not_picked":["Entrench","Power Through"],"picked":"Armaments","floor":13},{"not_picked":["Intimidate","Blood for Blood","Armaments"],"picked":"Cleave","floor":14}],"player_experience":327369,"relics_obtained":[{"floor":9,"key":"PreservedInsect"},{"floor":10,"key":"Blood Vial"},{"floor":13,"key":"Question Card"}],"event_choices":[{"damage_healed":0,"gold_gain":0,"player_choice":"Trade","damage_taken":0,"relics_obtained":["FaceOfCleric"],"max_hp_gain":0,"max_hp_loss":0,"event_name":"FaceTrader","floor":2,"gold_loss":0},{"damage_healed":0,"gold_gain":0,"player_choice":"Take Wound","damage_taken":0,"relics_obtained":["Golden Idol"],"max_hp_gain":0,"max_hp_loss":0,"event_name":"Golden Idol","floor":7,"gold_loss":0,"cards_obtained":["Injury"]}],"is_beta":false,"boss_relics":[],"items_purged_floors":[],"is_endless":false,"potions_floor_spawned":[1,4,10,14],"killed_by":"The Guardian","ascension_level":3}}