{"host":"4rvakrj1idbgia3f","time":1613332582,"event":{"mods":["BaseMod","Colored Map","Colored Powertips","DeckTracker","Highlight Path","Minty Spire (QoL Compilation)","Random Character Button","StSLib"],"gold_per_floor":[363,382,382,399,23,23,85,116,116,129,129,179,179,191,191,269,269,280,299,349,399,449,449,449,449],"floor_reached":24,"language":"JPN","playtime":26022,"items_purged":["Defend_G"],"score":392,"play_id":"e609160b-7f9e-4aa7-ba28-6d090c85df1c","local_time":"20210215045622","is_ascension_mode":true,"campfire_choices":[{"data":"Poisoned Stab","floor":6.0,"key":"SMITH"},{"data":"Night Terror","floor":11,"key":"SMITH"},{"data":"Footwork","floor":13,"key":"SMITH"},{"data":"Underhanded Strike","floor":15,"key":"SMITH"},{"floor":23,"key":"REST"}],"circlet_count":0,"master_deck":["AscendersBane","Strike_G","Strike_G","Strike_G","Strike_G","Strike_G","Defend_G","Defend_G","Defend_G","Defend_G","Survivor","Neutralize","Escape Plan","Underhanded Strike+1","Poisoned Stab+1","Footwork+1","Prepared","Night Terror+1","Blade Dance","PiercingWail","After Image","Finisher","Backflip","RitualDagger","Necronomicurse"],"relics":["Ring of the Snake","SsserpentHead","OrangePellets","Akabeko","Pear","Cursed Key","Necronomicon"],"acts_visited":["Exordium","TheCity"],"potions_floor_usage":[8,16,16,19],"damage_taken":[{"damage":2.0,"enemies":"2 Louse","floor":1.0,"turns":4.0},{"damage":0.0,"enemies":"Cultist","floor":2.0,"turns":4.0},{"damage":1.0,"enemies":"Small Slimes","floor":4.0,"turns":4.0},{"damage":6,"enemies":"3 Louse","floor":7,"turns":3},{"damage":20,"enemies":"Lagavulin","floor":8,"turns":7},{"damage":2,"enemies":"Blue Slaver","floor":10,"turns":4},{"damage":10,"enemies":"Exordium Wildlife","floor":14,"turns":6},{"damage":24,"enemies":"The Guardian","floor":16,"turns":16},{"damage":4,"enemies":"Chosen","floor":18,"turns":5},{"damage":0,"enemies":"3 Byrds","floor":19,"turns":5},{"damage":44,"enemies":"Snecko","floor":24,"turns":8}],"seed_played":"4469863501328682185","potions_obtained":[{"floor":2.0,"key":"SkillPotion"},{"floor":10,"key":"Weak Potion"},{"floor":16,"key":"Explosive Potion"},{"floor":19,"key":"GhostInAJar"}],"is_trial":false,"path_per_floor":["M","M","?","M","$","R","M","E","T","M","R","?","R","M","R","B",null,"M","M","?","?","?","R","M"],"character_chosen":"THE_SILENT","items_purchased":["OrangePellets","Footwork","AttackPotion"],"campfire_rested":1,"item_purchase_floors":[5,5,5],"current_hp_per_floor":[57,57,57,56,56,56,50,30,40,38,38,38,38,28,28,4,54,50,50,44,44,23,44,0,0],"gold":449,"neow_bonus":"TWO_FIFTY_GOLD","is_daily":false,"chose_seed":false,"campfire_upgraded":4,"win_rate":0.0,"timestamp":1613332582,"path_taken":["M","M","?","M","$","R","?","E","T","M","R","?","R","M","R","BOSS","M","M","?","?","?","R","M"],"items_purchased_type":["Relic","Card","Potion"],"build_version":"2020-12-22","purchased_purges":1,"victory":false,"max_hp_per_floor":[60,60,60,60,60,60,60,60,70,70,70,70,70,70,70,70,70,70,70,70,70,70,70,70,70],"card_choices":[{"not_picked":["Deflect","Bane"],"picked":"Escape Plan","floor":1.0},{"not_picked":["Deflect","Riddle With Holes"],"picked":"Underhanded Strike","floor":2.0},{"not_picked":["Riddle With Holes","Dodge and Roll"],"picked":"Poisoned Stab","floor":4.0},{"not_picked":["Outmaneuver","Dodge and Roll"],"picked":"Prepared","floor":7},{"not_picked":["Cloak And Dagger","Endless Agony"],"picked":"Night Terror","floor":8},{"not_picked":["Setup","Underhanded Strike"],"picked":"Blade Dance","floor":10},{"not_picked":["Dodge and Roll","Eviscerate"],"picked":"PiercingWail","floor":14},{"not_picked":["Die Die Die","Tools of the Trade"],"picked":"After Image","floor":16},{"not_picked":["Deadly Poison","Bane"],"picked":"Finisher","floor":18},{"not_picked":["Dodge and Roll","Calculated Gamble"],"picked":"Backflip","floor":19}],"player_experience":2353765,"relics_obtained":[{"floor":8,"key":"Akabeko"},{"floor":9,"key":"Pear"},{"floor":22,"key":"Necronomicon"}],"event_choices":[{"damage_healed":0.0,"max_hp_gain":0.0,"max_hp_loss":0.0,"gold_gain":0.0,"event_name":"FaceTrader","player_choice":"Trade","floor":3.0,"gold_loss":0.0,"damage_taken":0.0,"relics_obtained":["SsserpentHead"]},{"damage_healed":0,"gold_gain":0,"player_choice":"Ignored","damage_taken":0,"max_hp_gain":0,"max_hp_loss":0,"event_name":"Liars Game","floor":12,"gold_loss":0},{"damage_healed":0,"gold_gain":0,"player_choice":"Joined the Cult","damage_taken":6,"max_hp_gain":0,"max_hp_loss":0,"event_name":"Nest","floor":20,"gold_loss":0,"cards_obtained":["RitualDagger"]},{"damage_healed":0,"gold_gain":0,"player_choice":"Ignored","damage_taken":0,"max_hp_gain":0,"max_hp_loss":0,"event_name":"Vampires","floor":21,"gold_loss":0},{"damage_healed":0,"gold_gain":0,"player_choice":"Obtained Book","damage_taken":21,"max_hp_gain":0,"max_hp_loss":0,"event_name":"Cursed Tome","floor":22,"gold_loss":0}],"is_beta":false,"boss_relics":[{"not_picked":["SlaversCollar","Sozu"],"picked":"Cursed Key"}],"items_purged_floors":[5],"is_endless":false,"potions_floor_spawned":[2,10,14,16,19],"killed_by":"Snecko","ascension_level":20}}