{"host":"rsal8t78l1a5jz1a","time":1613297102,"event":{"mods":["Act Like it!","BaseMod","Infinite Spire","Marked Mod","Minty Spire (QoL Compilation)","StSLib"],"gold_per_floor":[100000,99285,99285,98419,98430,98462,97956,97984,97984,98015,98026,98043,97086,97104,97104,97206,97206,97221,97235,96441,96441,95723,95723,95723,95723,95723,95760,95788,95810,95844,94984,94984,95093,95102,95124,95133,94395,94419,94419,94419,94454,94454,94454,94481,94530,94563,94563,94563,94563,94563],"floor_reached":51,"language":"ZHS","playtime":14675,"items_purged":["Strike_P","Pain","Strike_P","Eruption","Defend_P","TalkToTheHand","Strike_P","Wireheading"],"score":1124,"play_id":"947fb29c-b73a-4d55-8995-d521bbc7417f","local_time":"20210214180502","is_ascension_mode":true,"campfire_choices":[{"data":"MarkedMod:GracefulMovements","floor":15,"key":"SMITH"},{"data":"ForeignInfluence","floor":23,"key":"SMITH"},{"data":"MarkedMod:NorthStar","floor":25,"key":"SMITH"},{"data":"Blasphemy","floor":32,"key":"SMITH"},{"data":"MarkedMod:OneThousandNeedles","floor":40,"key":"SMITH"},{"data":"MarkedMod:OneThousandNeedles","floor":42,"key":"SMITH"},{"floor":49,"key":"REST"}],"circlet_count":0,"master_deck":["Strike_P+1","Defend_P+1","Defend_P+1","Crescendo+1","PathToVictory+1","Judgement+1","Wish+1","MarkedMod:FirstStrike+1","MarkedMod:OneThousandNeedles+1","MarkedMod:OneThousandNeedles+1","PathToVictory+1","MarkedMod:GracefulMovements+1","MarkedMod:OneThousandNeedles+1","MarkedMod:NorthStar+1","ForeignInfluence+1","PathToVictory+1","JustLucky+1","JustLucky+1","Wireheading+1","Blasphemy+1","DevaForm+1","CurseOfTheBell","MarkedMod:Acupuncture+1","Magnetism+1","PathToVictory+1"],"relics":["PureWater","NeowsBlessing","Damaru","Akabeko","Frozen Eye","WarpedTongs","Lantern","infinitespire:Joker Card","TheAbacus","MarkedMod:AcupunctureKit","StrikeDummy","infinitespire:FocusingShard","Anchor","Orichalcum","Regal Pillow","Sling","SlaversCollar","CloakClasp","infinitespire:Lucky Rock","ClockworkSouvenir","infinitespire:Eraser","infinitespire:PuzzleCube","Medical Kit","CeramicFish","Toy Ornithopter","Bottled Flame","Blood Vial","TungstenRod","Toolbox","Calling Bell","Juzu Bracelet","infinitespire:CheckeredPen","Calipers","Shuriken","Potion Belt","Membership Card","HandDrill","infinitespire:Cupcake","MealTicket","Mummified Hand","Pen Nib","Bird Faced Urn","White Beast Statue","Mark of the Bloom"],"acts_visited":["Exordium","TheCity","TheBeyond"],"potions_floor_usage":[10,10,12,16,30,33,41,45],"damage_taken":[{"damage":0,"enemies":"Cultist","floor":1,"turns":1},{"damage":0,"enemies":"Small Slimes","floor":5,"turns":1},{"damage":0,"enemies":"Lagavulin","floor":6,"turns":1},{"damage":0,"enemies":"3 Sentries","floor":8,"turns":1},{"damage":20,"enemies":"Lagavulin","floor":10,"turns":3},{"damage":0,"enemies":"Jaw Worm","floor":11,"turns":2},{"damage":0,"enemies":"3 Louse","floor":12,"turns":3},{"damage":0,"enemies":"Blue Slaver","floor":14,"turns":2},{"damage":21,"enemies":"Hexaghost","floor":16,"turns":5},{"damage":5,"enemies":"2 Thieves","floor":18,"turns":3},{"damage":0,"enemies":"Shell Parasite","floor":19,"turns":2},{"damage":12,"enemies":"Book of Stabbing","floor":27,"turns":3},{"damage":0,"enemies":"3 Cultists","floor":28,"turns":3},{"damage":18,"enemies":"Centurion and Healer","floor":29,"turns":3},{"damage":0,"enemies":"Slavers","floor":30,"turns":1},{"damage":8,"enemies":"Automaton","floor":33,"turns":3},{"damage":0,"enemies":"3 Darklings","floor":35,"turns":1},{"damage":11,"enemies":"Orb Walker","floor":38,"turns":3},{"damage":3,"enemies":"Giant Head","floor":41,"turns":5},{"damage":31,"enemies":"2 Orb Walkers","floor":45,"turns":3},{"damage":9,"enemies":"Reptomancer","floor":46,"turns":3},{"damage":33,"enemies":"Time Eater","floor":50,"turns":5}],"seed_played":"-5868490226261402363","potions_obtained":[{"floor":1,"key":"AttackPotion"},{"floor":10,"key":"FairyPotion"},{"floor":11,"key":"LiquidBronze"},{"floor":12,"key":"ColorlessPotion"},{"floor":19,"key":"SteroidPotion"},{"floor":33,"key":"Regen Potion"},{"floor":41,"key":"Explosive Potion"},{"floor":46,"key":"PowerPotion"}],"is_trial":false,"path_per_floor":["M","$","?","$","M","E","?","E","T","E","M","M","$","M","R","B",null,"M","M","$","?","$","R","?","R","T","E","M","M","E","$","R","B",null,"M","?","$","M","AVR","R","E","R","T","T","?","E","?","?","R","B",null],"character_chosen":"WATCHER","items_purchased":["Damaru","Akabeko","Frozen Eye","PathToVictory","Wireheading","SkillPotion","Block Potion","Lantern","infinitespire:Joker Card","TheAbacus","Judgement","Orichalcum","Regal Pillow","Sling","MarkedMod:GracefulMovements","Omniscience","MarkedMod:OneThousandNeedles","Ambrosia","CloakClasp","infinitespire:Lucky Rock","ClockworkSouvenir","PathToVictory","infinitespire:Eraser","infinitespire:PuzzleCube","Medical Kit","Blood Vial","TungstenRod","Toolbox","Fire Potion","Shuriken","Potion Belt","Membership Card","BottledMiracle","BottledMiracle"],"campfire_rested":1,"item_purchase_floors":[2,2,2,2,2,2,2,4,4,4,4,13,13,13,13,13,13,13,20,20,20,20,22,22,22,31,31,31,31,37,37,37,37,37],"current_hp_per_floor":[65,65,65,65,65,65,65,65,65,45,45,45,45,45,45,24,60,55,55,55,55,55,55,82,82,82,70,70,52,57,57,57,56,76,78,78,78,69,69,69,82,82,82,82,51,48,48,48,48,57],"gold":94563,"neow_bonus":"THREE_ENEMY_KILL","is_daily":false,"chose_seed":false,"campfire_upgraded":6,"win_rate":0.0,"timestamp":1613297102,"path_taken":["M","$","?","?","M","E","?","E","T","E","?","M","$","M","R","BOSS","M","M","$","?","$","R","?","R","T","E","?","M","E","?","R","BOSS","M","?","$","M","AVR","R","E","R","T","?","?","E","?","?","R","BOSS"],"items_purchased_type":["Relic","Relic","Relic","Card","Card","Potion","Potion","Relic","Relic","Relic","Card","Relic","Relic","Relic","Card","Card","Card","Potion","Relic","Relic","Relic","Card","Relic","Relic","Relic","Relic","Relic","Relic","Potion","Relic","Relic","Relic","Potion","Potion"],"build_version":"2020-12-22","purchased_purges":8,"victory":true,"max_hp_per_floor":[72,72,72,72,72,72,72,72,72,72,72,72,72,72,72,72,72,72,72,72,72,72,72,82,82,82,82,82,82,82,82,82,82,82,82,82,82,82,82,82,82,82,82,82,82,82,82,82,82,82],"card_choices":[{"not_picked":["Prostrate","Sanctity"],"picked":"Crescendo","floor":1},{"not_picked":["Prostrate","FlurryOfBlows","CrushJoints"],"picked":"SKIP","floor":5},{"not_picked":["Devotion","FlurryOfBlows"],"picked":"Wish","floor":6},{"not_picked":["infinitespire:NeuralNetwork","infinitespire:FinalStrike"],"picked":"infinitespire:SealOfDarkness+","floor":7},{"not_picked":["ThirdEye","FlyingSleeves"],"picked":"MarkedMod:FirstStrike","floor":8},{"not_picked":["DeusExMachina","EmptyBody"],"picked":"MarkedMod:OneThousandNeedles","floor":10},{"not_picked":["Crescendo","Evaluate"],"picked":"MarkedMod:OneThousandNeedles","floor":11},{"not_picked":["Fasting2","WreathOfFlame"],"picked":"PathToVictory","floor":12},{"not_picked":["EmptyFist","BowlingBash"],"picked":"TalkToTheHand","floor":14},{"not_picked":["Vault","Devotion"],"picked":"MarkedMod:NorthStar","floor":16},{"not_picked":["EmptyMind","FlyingSleeves","Halt"],"picked":"SKIP","floor":18},{"not_picked":["CrushJoints","Perseverance"],"picked":"ForeignInfluence","floor":19},{"not_picked":["Halt","Protect"],"picked":"JustLucky","floor":27},{"not_picked":["SignatureMove","EmptyBody+1"],"picked":"JustLucky+1","floor":28},{"not_picked":["ThirdEye","WaveOfTheHand"],"picked":"Wireheading","floor":29},{"not_picked":["JustLucky","ThirdEye+1"],"picked":"Blasphemy","floor":30},{"not_picked":["Blasphemy","LessonLearned"],"picked":"DevaForm","floor":33},{"not_picked":["FollowUp+1","Study"],"picked":"MarkedMod:Acupuncture","floor":35},{"not_picked":["The Bomb","Panache"],"picked":"Magnetism","floor":36},{"not_picked":["Halt","FollowUp"],"picked":"PathToVictory+1","floor":38},{"not_picked":["FlyingSleeves","CarveReality+1","CrushJoints+1"],"picked":"SKIP","floor":41},{"not_picked":["ThirdEye","Crescendo","Evaluate+1"],"picked":"SKIP","floor":46}],"player_experience":55522,"relics_obtained":[{"floor":6,"key":"MarkedMod:AcupunctureKit"},{"floor":8,"key":"StrikeDummy"},{"floor":9,"key":"infinitespire:FocusingShard"},{"floor":10,"key":"Anchor"},{"floor":26,"key":"CeramicFish"},{"floor":27,"key":"Toy Ornithopter"},{"floor":30,"key":"Bottled Flame"},{"floor":34,"key":"Juzu Bracelet"},{"floor":34,"key":"infinitespire:CheckeredPen"},{"floor":34,"key":"Calipers"},{"floor":41,"key":"MealTicket"},{"floor":43,"key":"Mummified Hand"},{"floor":44,"key":"Pen Nib"},{"floor":45,"key":"Bird Faced Urn"},{"floor":46,"key":"White Beast Statue"}],"event_choices":[{"damage_healed":0,"gold_gain":0,"player_choice":"Rummage","damage_taken":0,"relics_obtained":["WarpedTongs"],"max_hp_gain":0,"max_hp_loss":0,"event_name":"Accursed Blacksmith","floor":3,"gold_loss":0,"cards_obtained":["Pain"]},{"cards_removed":["Defend_P"],"damage_healed":0,"gold_gain":0,"player_choice":"Elegance","damage_taken":0,"max_hp_gain":0,"max_hp_loss":0,"event_name":"Back to Basics","floor":21,"gold_loss":0},{"cards_removed":["Omniscience"],"damage_healed":17,"gold_gain":0,"player_choice":"Offered Rare","damage_taken":0,"max_hp_gain":10,"max_hp_loss":0,"event_name":"Bonfire Elementals","floor":24,"gold_loss":0},{"damage_healed":0,"gold_gain":0,"player_choice":"Memory 1","damage_taken":0,"max_hp_gain":0,"max_hp_loss":0,"event_name":"SensoryStone","floor":36,"gold_loss":0},{"damage_healed":0,"gold_gain":0,"player_choice":"Fight","damage_taken":0,"max_hp_gain":0,"max_hp_loss":0,"event_name":"Mysterious Sphere","floor":45,"gold_loss":0},{"damage_healed":0,"gold_gain":0,"player_choice":"Upgrade","damage_taken":0,"relics_obtained":["Mark of the Bloom"],"max_hp_gain":0,"max_hp_loss":0,"event_name":"MindBloom","floor":47,"gold_loss":0,"cards_upgraded":["Strike_P","Defend_P","Defend_P","Vigilance","Crescendo","PathToVictory","Judgement","Wish","MarkedMod:FirstStrike","MarkedMod:OneThousandNeedles","PathToVictory","PathToVictory","JustLucky","Wireheading","DevaForm","MarkedMod:Acupuncture","Magnetism"]},{"cards_removed":["Vigilance"],"damage_healed":0,"gold_gain":0,"player_choice":"Removed Skill","damage_taken":0,"max_hp_gain":0,"max_hp_loss":0,"event_name":"Falling","floor":48,"gold_loss":0}],"is_beta":false,"boss_relics":[{"not_picked":["Ectoplasm","SacredBark"],"picked":"SlaversCollar"},{"not_picked":["Coffee Dripper","Busted Crown"],"picked":"Calling Bell"}],"items_purged_floors":[2,4,13,20,22,31,37,39],"is_endless":false,"potions_floor_spawned":[1,10,11,12,19,28,33,35,41,46],"ascension_level":6}}