{"host":"6vtgmkkqqeew181q","time":1613262976,"event":{"mods":["100% Spire Juice","BaseMod","Bestiary","Faster Ascension Climbing","Highlight Path","Minty Spire (QoL Compilation)","Spire Arcade","StSLib","The Jungle","The Wild Card"],"gold_per_floor":[116,131,81,92,92,92,108,108,134,134,134,159,173,185,185,285,285,301,318,318,318,233,233,246,280,280,280,291,145,145,157,157,257,257,268,285,335,350,366,366,379,379,379,249,249,369,379,405,405,405],"floor_reached":51,"language":"ENG","playtime":5146,"items_purged":[],"score":674,"play_id":"82992932-b9d7-458d-9986-1463ec03d957","local_time":"20210213163616","is_ascension_mode":false,"campfire_choices":[{"data":"theWildCard:CallToAdventure","floor":6,"key":"SMITH"},{"data":"theWildCard:MagicalMight","floor":8,"key":"SMITH"},{"data":"theWildCard:StalwartBlade","floor":11,"key":"SMITH"},{"data":"theWildCard:FuelForTheFire","floor":15,"key":"SMITH"},{"data":"theWildCard:TheUniverse","floor":23,"key":"SMITH"},{"data":"theWildCard:Salvation","floor":27,"key":"SMITH"},{"data":"theWildCard:MagicalMight","floor":32,"key":"SMITH"},{"data":"theWildCard:Sakuya","floor":40,"key":"SMITH"},{"data":"theWildCard:FinalHour","floor":42,"key":"SMITH"},{"data":"theWildCard:PowerOfTheArcana","floor":45,"key":"SMITH"},{"data":"theWildCard:MagicalMight","floor":49,"key":"SMITH"}],"circlet_count":0,"master_deck":["theWildCard:BasicStrike+1","theWildCard:BasicStrike+1","theWildCard:BasicDefend+1","theWildCard:BasicDefend+1","theWildCard:BasicDefend+1","theWildCard:BasicDefend+1","theWildCard:CallToAdventure+1","theWildCard:Arsene","theWildCard:Sakuya+1","theWildCard:Salvation+1","theWildCard:StalwartBlade+1","theWildCard:MagicalMight+1","theWildCard:Patience+1","theWildCard:Abstinence","theWildCard:FuelForTheFire+1","theWildCard:TheUniverse+1","theWildCard:BladeOfGenerations+1","theWildCard:ArcanaArtistry+1","theWildCard:Salvation","theWildCard:MagicalMight+1","theWildCard:SeveringSlash+1","theWildCard:FinalHour+1","theWildCard:StingingStrike+1","theWildCard:MagicalMight+1","theWildCard:PowerOfTheArcana+1"],"relics":["theWildCard:VelvetContract","Ancient Tea Set","Dream Catcher","Coffee Dripper","StrikeDummy","War Paint","Shuriken","Chemical X","SacredBark","WingedGreaves","theWildCard:MemoriesOfPhantasm","Eternal Feather"],"acts_visited":["Exordium","TheCity","TheBeyond"],"potions_floor_usage":[16,24,33,39,50,50,50],"damage_taken":[{"damage":6,"enemies":"Jaw Worm","floor":1,"turns":4},{"damage":9,"enemies":"Small Slimes","floor":2,"turns":3},{"damage":0,"enemies":"Cultist","floor":4,"turns":3},{"damage":0,"enemies":"Large Slime","floor":7,"turns":3},{"damage":0,"enemies":"Gremlin Nob","floor":12,"turns":2},{"damage":1,"enemies":"Looter","floor":13,"turns":3},{"damage":1,"enemies":"Gremlin Gang","floor":14,"turns":4},{"damage":10,"enemies":"Hexaghost","floor":16,"turns":10},{"damage":6,"enemies":"Chosen","floor":18,"turns":5},{"damage":0,"enemies":"Shell Parasite","floor":19,"turns":5},{"damage":0,"enemies":"Snecko","floor":24,"turns":3},{"damage":2,"enemies":"Book of Stabbing","floor":25,"turns":7},{"damage":7,"enemies":"Shelled Parasite and Fungi","floor":28,"turns":4},{"damage":0,"enemies":"Cultist and Chosen","floor":31,"turns":5},{"damage":17,"enemies":"Champ","floor":33,"turns":8},{"damage":0,"enemies":"Orb Walker","floor":35,"turns":3},{"damage":0,"enemies":"3 Shapes","floor":36,"turns":5},{"damage":29,"enemies":"Mind Bloom Boss Battle","floor":37,"turns":6},{"damage":0,"enemies":"3 Darklings","floor":38,"turns":6},{"damage":10,"enemies":"Writhing Mass","floor":39,"turns":6},{"damage":2,"enemies":"Sphere and 2 Shapes","floor":41,"turns":4},{"damage":0,"enemies":"Jaw Worm Horde","floor":47,"turns":3},{"damage":21,"enemies":"Giant Head","floor":48,"turns":9},{"damage":34,"enemies":"Awakened One","floor":50,"turns":6}],"seed_played":"2340300868265835477","potions_obtained":[{"floor":2,"key":"FairyPotion"},{"floor":7,"key":"SpeedPotion"},{"floor":12,"key":"Regen Potion"},{"floor":18,"key":"SneckoOil"},{"floor":28,"key":"LiquidBronze"},{"floor":33,"key":"Regen Potion"},{"floor":38,"key":"Ancient Potion"},{"floor":39,"key":"Explosive Potion"},{"floor":46,"key":"Strength Potion"},{"floor":47,"key":"PowerPotion"}],"is_trial":false,"path_per_floor":["M","M","?","M","?","R","M","R","T","?","R","E","M","M","R","B",null,"M","M","?","?","?","R","M","E","T","R","M","$","?","M","R","B",null,"M","M","?","M","M","R","M","R","T","$","R","?","M","E","R","B",null],"character_chosen":"THE_WILD_CARD","items_purchased":["Chemical X","Strength Potion","theWildCard:PowerOfTheArcana"],"campfire_rested":0,"item_purchase_floors":[29,44,44],"current_hp_per_floor":[60,51,51,51,38,38,38,38,38,38,38,38,37,36,36,41,66,60,60,60,60,60,60,63,64,64,64,66,66,66,66,66,49,66,66,66,65,66,66,66,64,64,64,64,64,64,64,66,66,32],"gold":405,"neow_bonus":"TEN_PERCENT_HP_BONUS","is_daily":false,"chose_seed":false,"campfire_upgraded":11,"win_rate":0.0,"timestamp":1613262976,"path_taken":["M","M","?","M","?","R","M","R","T","?","R","E","M","M","R","BOSS","M","M","?","?","?","R","M","E","T","R","M","$","?","M","R","BOSS","M","?","?","M","M","R","M","R","T","$","R","?","M","E","R","BOSS"],"items_purchased_type":["Relic","Potion","Card"],"build_version":"2020-12-22","purchased_purges":0,"victory":true,"max_hp_per_floor":[66,66,66,66,66,66,66,66,66,66,66,66,66,66,66,66,66,66,66,66,66,66,66,66,66,66,66,66,66,66,66,66,66,66,66,66,66,66,66,66,66,66,66,66,66,66,66,66,66,66],"card_choices":[{"not_picked":["theWildCard:Unburden","theWildCard:ArcaneArts"],"picked":"theWildCard:Sakuya","floor":1},{"not_picked":["theWildCard:ArcaneArts","theWildCard:Sakuya"],"picked":"theWildCard:Salvation","floor":2},{"not_picked":["theWildCard:SeveringSlash","theWildCard:ArcaneArts"],"picked":"theWildCard:StalwartBlade","floor":4},{"not_picked":["theWildCard:SeveringSlash","theWildCard:Sakuya"],"picked":"theWildCard:MagicalMight","floor":7},{"not_picked":["theWildCard:ArcaneArts","theWildCard:SeveringSlash"],"picked":"theWildCard:Patience","floor":12},{"not_picked":["theWildCard:Scathach","theWildCard:CryOfAgony"],"picked":"theWildCard:Abstinence","floor":13},{"not_picked":["theWildCard:Polydeuces","theWildCard:EnergizedStroke"],"picked":"theWildCard:FuelForTheFire","floor":14},{"not_picked":["theWildCard:Satanael","theWildCard:Caesar"],"picked":"theWildCard:TheUniverse","floor":16},{"not_picked":["theWildCard:Sakuya+1","theWildCard:EnergyTheft"],"picked":"theWildCard:BladeOfGenerations+1","floor":18},{"not_picked":["theWildCard:ManOfManyFaces","theWildCard:SeveringSlash"],"picked":"theWildCard:ArcanaArtistry","floor":19},{"not_picked":["theWildCard:Sakuya","theWildCard:Unburden","theWildCard:Loki"],"picked":"SKIP","floor":24},{"not_picked":["theWildCard:Sakuya","theWildCard:Unburden","theWildCard:Loki"],"picked":"SKIP","floor":24},{"not_picked":["theWildCard:LadyLuck+1","theWildCard:Alice"],"picked":"theWildCard:Salvation","floor":25},{"not_picked":["theWildCard:Polydeuces","theWildCard:Scathach"],"picked":"theWildCard:MagicalMight","floor":28},{"not_picked":["theWildCard:ArcaneArts","theWildCard:Caesar"],"picked":"theWildCard:SeveringSlash+1","floor":31},{"not_picked":["theWildCard:ChangingDestiny","theWildCard:Overwhelm"],"picked":"theWildCard:FinalHour","floor":33},{"not_picked":["theWildCard:BladeOfGenerations+1","theWildCard:MaskChange+1"],"picked":"theWildCard:StingingStrike+1","floor":35},{"not_picked":["theWildCard:SacrificialStroke","theWildCard:EnergizedStroke","theWildCard:Proficiency"],"picked":"SKIP","floor":36},{"not_picked":["theWildCard:MaskChange","theWildCard:ArcanaArtistry+1"],"picked":"theWildCard:MagicalMight","floor":38},{"not_picked":["theWildCard:SacrificialStroke+1","theWildCard:Sakuya+1","theWildCard:Caesar"],"picked":"SKIP","floor":39},{"not_picked":["theWildCard:UnendingRitual+1","theWildCard:EnergizedStroke","theWildCard:StalwartBlade+1"],"picked":"SKIP","floor":41},{"not_picked":["theWildCard:Alice+1","theWildCard:Polydeuces","theWildCard:Unburden"],"picked":"SKIP","floor":47},{"not_picked":["theWildCard:Polydeuces","theWildCard:Deicide","theWildCard:MaskChange"],"picked":"SKIP","floor":48}],"player_experience":624777,"relics_obtained":[{"floor":9,"key":"Ancient Tea Set"},{"floor":12,"key":"Dream Catcher"},{"floor":25,"key":"War Paint"},{"floor":26,"key":"Shuriken"},{"floor":37,"key":"WingedGreaves"},{"floor":43,"key":"theWildCard:MemoriesOfPhantasm"},{"floor":48,"key":"Eternal Feather"}],"event_choices":[{"cards_removed":["theWildCard:BasicStrike"],"damage_healed":0,"gold_gain":0,"player_choice":"Card Removal","damage_taken":0,"max_hp_gain":0,"max_hp_loss":0,"event_name":"The Cleric","floor":3,"gold_loss":50},{"damage_healed":0,"gold_gain":0,"player_choice":"Entered Light","damage_taken":13,"max_hp_gain":0,"max_hp_loss":0,"event_name":"Shining Light","floor":5,"gold_loss":0,"cards_upgraded":["theWildCard:BasicDefend","theWildCard:BasicDefend"]},{"cards_removed":["theWildCard:BasicStrike"],"damage_healed":0,"gold_gain":0,"player_choice":"Offered Basic","damage_taken":0,"max_hp_gain":0,"max_hp_loss":0,"event_name":"Bonfire Elementals","floor":10,"gold_loss":0},{"damage_healed":0,"gold_gain":0,"player_choice":"Smashed Altar","damage_taken":0,"max_hp_gain":0,"max_hp_loss":0,"event_name":"Forgotten Altar","floor":20,"gold_loss":0,"cards_obtained":["Decay"]},{"damage_healed":0,"gold_gain":0,"player_choice":"Simplicity","damage_taken":0,"max_hp_gain":0,"max_hp_loss":0,"event_name":"Back to Basics","floor":21,"gold_loss":0,"cards_upgraded":["theWildCard:BasicStrike","theWildCard:BasicStrike","theWildCard:BasicDefend","theWildCard:BasicDefend"]},{"damage_healed":0,"gold_gain":0,"player_choice":"Obtained Relic","damage_taken":0,"relics_obtained":["StrikeDummy"],"max_hp_gain":0,"max_hp_loss":0,"event_name":"Addict","floor":22,"gold_loss":85},{"cards_removed":["Decay"],"damage_healed":0,"gold_gain":0,"player_choice":"Card Removal","damage_taken":0,"max_hp_gain":0,"max_hp_loss":0,"event_name":"Wheel of Change","floor":30,"gold_loss":0},{"damage_healed":0,"gold_gain":0,"player_choice":"Fight","damage_taken":0,"max_hp_gain":0,"max_hp_loss":0,"event_name":"MindBloom","floor":37,"gold_loss":0}],"is_beta":false,"boss_relics":[{"not_picked":["Busted Crown","Runic Dome"],"picked":"Coffee Dripper"},{"not_picked":["Snecko Eye","Astrolabe"],"picked":"SacredBark"}],"items_purged_floors":[],"is_endless":false,"potions_floor_spawned":[2,7,12,18,28,33,38,39,47],"ascension_level":0}}