{"host":"q4axc00jr2bozlh9","time":1613308838,"event":{"mods":["AchievementEnabler","BaseMod","Bestiary","Colored Map","Colored Powertips","Curses Come First","Minty Spire (QoL Compilation)","Relic Stats","StSLib","SuperFastMode","UnlockEverythingMod"],"gold_per_floor":[119,129,1,19,39,39,66,66,66,86,113,93,109,126,126,221,221,236,252,177,193,193,193,193,193],"floor_reached":24,"language":"ENG","playtime":847,"items_purged":["Shame"],"score":233,"play_id":"4dfaa109-1532-4a71-bfa0-1bea7314795a","local_time":"20210214142038","is_ascension_mode":false,"campfire_choices":[{"data":"Armaments","floor":6,"key":"SMITH"},{"data":"True Grit","floor":8,"key":"SMITH"},{"data":"Rampage","floor":15,"key":"SMITH"},{"data":"Limit Break","floor":23,"key":"SMITH"}],"circlet_count":0,"master_deck":["Strike_R","Strike_R","Defend_R","Defend_R","Defend_R","Defend_R","Bash","Immolate","True Grit+1","Armaments+1","Shrug It Off","Clash","Infernal Blade","Rampage+1","Rupture","Spot Weakness","Limit Break+1","Disarm","Ghostly","Ghostly","Ghostly","Ghostly","Ghostly"],"relics":["Burning Blood","Lantern","Toy Ornithopter","Odd Mushroom","Bottled Lightning","Empty Cage"],"acts_visited":["Exordium","TheCity"],"potions_floor_usage":[13,16,19,21,24],"damage_taken":[{"damage":6,"enemies":"Jaw Worm","floor":1,"turns":3},{"damage":10,"enemies":"Small Slimes","floor":2,"turns":2},{"damage":0,"enemies":"Cultist","floor":4,"turns":2},{"damage":1,"enemies":"2 Fungi Beasts","floor":5,"turns":2},{"damage":16,"enemies":"Lagavulin","floor":7,"turns":6},{"damage":9,"enemies":"The Mushroom Lair","floor":10,"turns":2},{"damage":6,"enemies":"Gremlin Nob","floor":11,"turns":3},{"damage":0,"enemies":"3 Louse","floor":13,"turns":2},{"damage":0,"enemies":"Blue Slaver","floor":14,"turns":2},{"damage":53,"enemies":"Hexaghost","floor":16,"turns":11},{"damage":26,"enemies":"2 Thieves","floor":18,"turns":4},{"damage":10,"enemies":"Chosen","floor":19,"turns":5},{"damage":34,"enemies":"3 Cultists","floor":21,"turns":6},{"damage":48,"enemies":"Slavers","floor":24,"turns":7}],"seed_played":"1042011547446766451","potions_obtained":[{"floor":10,"key":"SteroidPotion"},{"floor":11,"key":"BlessingOfTheForge"},{"floor":12,"key":"AttackPotion"},{"floor":13,"key":"DuplicationPotion"},{"floor":18,"key":"PowerPotion"},{"floor":21,"key":"ColorlessPotion"}],"is_trial":false,"path_per_floor":["M","M","$","M","M","R","E","R","T","?","E","?","M","M","R","B",null,"M","M","?","M","?","R","E"],"character_chosen":"IRONCLAD","items_purchased":["Shrug It Off"],"campfire_rested":0,"item_purchase_floors":[3],"current_hp_per_floor":[80,76,76,80,80,80,70,70,70,67,67,67,78,80,80,33,80,60,61,61,38,38,38,0,0],"gold":193,"neow_bonus":"THREE_RARE_CARDS","is_daily":false,"chose_seed":false,"campfire_upgraded":4,"win_rate":0.0,"timestamp":1613308838,"path_taken":["M","M","$","M","M","R","E","R","T","?","E","?","M","M","R","BOSS","M","M","?","M","?","R","E"],"items_purchased_type":["Card"],"build_version":"2020-12-22","purchased_purges":1,"victory":false,"max_hp_per_floor":[80,80,80,80,80,80,80,80,80,80,80,80,80,80,80,80,80,80,80,80,80,40,40,40,40],"relic_stats":{"counters":[14,57],"obtain_stats":[{"Lantern":7,"Bottled Lightning":11,"Odd Mushroom":10,"Empty Cage":17,"Burning Blood":0,"Toy Ornithopter":9},{"Lantern":5,"Bottled Lightning":7,"Odd Mushroom":6,"Empty Cage":10,"Burning Blood":0,"Toy Ornithopter":5},{"Lantern":15,"Bottled Lightning":20,"Odd Mushroom":17,"Empty Cage":35,"Burning Blood":0,"Toy Ornithopter":15}],"Burning Blood":67,"Toy Ornithopter":20},"card_choices":[{"not_picked":["Berserk","Reaper"],"picked":"Immolate","floor":0},{"not_picked":["Searing Blow","Seeing Red"],"picked":"True Grit","floor":1},{"not_picked":["Clothesline","Headbutt"],"picked":"Armaments","floor":2},{"not_picked":["Anger","Perfected Strike"],"picked":"Clash","floor":4},{"not_picked":["Pommel Strike","Dual Wield","Body Slam"],"picked":"SKIP","floor":5},{"not_picked":["Cleave","Havoc"],"picked":"Infernal Blade","floor":7},{"not_picked":["Warcry","Shrug It Off"],"picked":"Rampage","floor":10},{"not_picked":["Berserk","Hemokinesis"],"picked":"Rupture","floor":11},{"not_picked":["Blood for Blood","Dual Wield"],"picked":"Spot Weakness","floor":13},{"not_picked":["Body Slam","Combust","Reckless Charge"],"picked":"SKIP","floor":14},{"not_picked":["Juggernaut","Corruption"],"picked":"Limit Break","floor":16},{"not_picked":["Havoc","Warcry","Shrug It Off"],"picked":"SKIP","floor":18},{"not_picked":["Anger","True Grit+1"],"picked":"Disarm","floor":19},{"not_picked":["Perfected Strike","Blood for Blood","Dropkick"],"picked":"SKIP","floor":21}],"player_experience":257321,"relics_obtained":[{"floor":7,"key":"Lantern"},{"floor":9,"key":"Toy Ornithopter"},{"floor":10,"key":"Odd Mushroom"},{"floor":11,"key":"Bottled Lightning"}],"event_choices":[{"damage_healed":0,"gold_gain":0,"player_choice":"Fought Mushrooms","damage_taken":0,"max_hp_gain":0,"max_hp_loss":0,"event_name":"Mushrooms","floor":10,"gold_loss":0},{"damage_healed":0,"gold_gain":0,"player_choice":"Bought 1 Potion","damage_taken":0,"max_hp_gain":0,"max_hp_loss":0,"event_name":"The Woman in Blue","floor":12,"gold_loss":0},{"cards_removed":["Strike_R"],"damage_healed":0,"gold_gain":0,"player_choice":"Gave Gold","damage_taken":0,"max_hp_gain":0,"max_hp_loss":0,"event_name":"Beggar","floor":20,"gold_loss":75},{"damage_healed":0,"gold_gain":0,"player_choice":"Became a Ghost","damage_taken":0,"max_hp_gain":0,"max_hp_loss":40,"event_name":"Ghosts","floor":22,"gold_loss":0,"cards_obtained":["Ghostly","Ghostly","Ghostly","Ghostly","Ghostly"]}],"is_beta":false,"boss_relics":[{"not_picked":["SacredBark","Ectoplasm"],"picked":"Empty Cage"}],"items_purged_floors":[3],"is_endless":false,"potions_floor_spawned":[10,11,13,14,18,21],"killed_by":"Slavers","ascension_level":0}}