{"host":"fbdlh90rovbiajun","time":1613284720,"event":{"mods":["AchievementEnabler","BaseMod","Colored Map","Keyboard Shortcuts","Minty Spire (QoL Compilation)","SuperFastMode"],"gold_per_floor":[114,114,15,15,15,40,40,40,65,85,85,98,173,184,184,288,288,302,124,124,124,124,124,158,108,108,108,133,152,152,167,167,265,265,284,41,58,58,0,10,23,33,60,60,76,76,376,386,386,386,386,386,159,186,186,186],"floor_reached":55,"language":"KOR","playtime":1571,"items_purged":["Defend_R","Defend_R","Madness"],"score":753,"play_id":"cc43181b-36c3-4ed5-b4dd-eaac319962ae","local_time":"20210214153840","is_ascension_mode":false,"campfire_choices":[{"data":"Inflame","floor":8,"key":"SMITH"},{"data":"Flex","floor":11,"key":"SMITH"},{"data":"Heavy Blade","floor":15,"key":"SMITH"},{"data":"Hemokinesis","floor":23,"key":"SMITH"},{"data":"Offering","floor":27,"key":"SMITH"},{"data":"1","floor":30,"key":"LIFT"},{"data":"2","floor":32,"key":"LIFT"},{"data":"3","floor":44,"key":"LIFT"},{"floor":49,"key":"RECALL"},{"data":"Limit Break","floor":52,"key":"SMITH"}],"circlet_count":0,"master_deck":["Strike_R","Strike_R","Strike_R","Strike_R","Strike_R","Bash","Inflame+1","Flex+1","Clash","Heavy Blade+1","Offering+1","Inflame+1","Thunderclap","Hemokinesis+1","Iron Wave+1","Inflame+1","Limit Break+1","Flex","Offering+1","Heavy Blade+1","Clash+1","Madness","Flex"],"relics":["Burning Blood","NeowsBlessing","Strawberry","Lantern","Coffee Dripper","MutagenicStrength","Girya","Sundial","Torii","SlaversCollar","DollysMirror","Red Mask","Kunai"],"acts_visited":["Exordium","TheCity","TheBeyond","TheEnding"],"potions_floor_usage":[16,24,33,50,55,55,55],"damage_taken":[{"damage":0,"enemies":"2 Louse","floor":1,"turns":1},{"damage":0,"enemies":"Gremlin Nob","floor":6,"turns":1},{"damage":0,"enemies":"Jaw Worm","floor":10,"turns":1},{"damage":0,"enemies":"Small Slimes","floor":12,"turns":3},{"damage":10,"enemies":"Looter","floor":14,"turns":2},{"damage":46,"enemies":"The Guardian","floor":16,"turns":9},{"damage":0,"enemies":"Spheric Guardian","floor":18,"turns":2},{"damage":23,"enemies":"Slavers","floor":24,"turns":2},{"damage":25,"enemies":"Book of Stabbing","floor":28,"turns":3},{"damage":1,"enemies":"2 Thieves","floor":29,"turns":2},{"damage":14,"enemies":"Centurion and Healer","floor":31,"turns":3},{"damage":15,"enemies":"Collector","floor":33,"turns":4},{"damage":7,"enemies":"3 Shapes","floor":35,"turns":2},{"damage":17,"enemies":"Orb Walker","floor":37,"turns":2},{"damage":10,"enemies":"Writhing Mass","floor":40,"turns":2},{"damage":6,"enemies":"Spire Growth","floor":41,"turns":1},{"damage":10,"enemies":"4 Shapes","floor":42,"turns":2},{"damage":12,"enemies":"Sphere and 2 Shapes","floor":45,"turns":3},{"damage":12,"enemies":"Transient","floor":48,"turns":5},{"damage":6,"enemies":"Donu and Deca","floor":50,"turns":2},{"damage":34,"enemies":"Shield and Spear","floor":54,"turns":3},{"damage":84,"enemies":"The Heart","floor":55,"turns":3}],"seed_played":"57788288261383746","potions_obtained":[{"floor":6,"key":"PowerPotion"},{"floor":10,"key":"FearPotion"},{"floor":16,"key":"ColorlessPotion"},{"floor":24,"key":"GamblersBrew"},{"floor":29,"key":"FearPotion"},{"floor":37,"key":"Explosive Potion"},{"floor":41,"key":"SpeedPotion"},{"floor":48,"key":"Ancient Potion"}],"is_trial":false,"path_per_floor":["M","?","$","?","?","E","$","R","T","M","R","M","?","M","R","B",null,"M","$","?","?","?","R","E","?","T","R","E","M","R","M","R","B",null,"M","$","M","?","?","M","M","M","T","R","M","?","?","M","R","B",null,"R","$","E","B"],"character_chosen":"IRONCLAD","items_purchased":["Iron Wave","Flex","Thunderclap","Hemokinesis","DollysMirror","Flex","SteroidPotion"],"campfire_rested":0,"item_purchase_floors":[3,3,19,19,36,53,53],"current_hp_per_floor":[80,73,73,73,78,91,91,91,91,92,92,92,81,77,77,37,92,92,92,92,92,92,92,75,75,75,75,56,61,61,53,53,44,92,91,91,80,80,80,76,76,72,72,72,66,54,54,48,48,48,92,92,92,64,0,0],"gold":186,"neow_bonus":"THREE_ENEMY_KILL","is_daily":false,"chose_seed":false,"campfire_upgraded":6,"win_rate":0.0,"timestamp":1613284720,"path_taken":["M","?","$","?","?","E","$","R","T","M","R","M","?","M","R","BOSS","M","$","?","?","?","R","E","?","T","R","E","M","R","M","R","BOSS","M","$","?","?","?","M","M","M","T","R","M","?","?","M","R","BOSS","R","$","E","BOSS"],"items_purchased_type":["Card","Card","Card","Card","Relic","Card","Potion"],"build_version":"2020-12-22","purchased_purges":3,"victory":false,"max_hp_per_floor":[80,80,80,80,85,92,92,92,92,92,92,92,92,92,92,92,92,92,92,92,92,92,92,92,92,92,92,92,92,92,92,92,92,92,92,92,92,92,92,92,92,92,92,92,92,92,92,92,92,92,92,92,92,92,92,92],"card_choices":[{"not_picked":["Thunderclap","Cleave"],"picked":"Inflame","floor":1},{"not_picked":["Second Wind","Warcry"],"picked":"Clash","floor":6},{"not_picked":["Shrug It Off","Clash","True Grit"],"picked":"SKIP","floor":10},{"not_picked":["Armaments","Flame Barrier","Perfected Strike"],"picked":"SKIP","floor":12},{"not_picked":["Dual Wield","Entrench"],"picked":"Heavy Blade","floor":14},{"not_picked":["Demon Form","Corruption"],"picked":"Offering","floor":16},{"not_picked":["Rampage","Body Slam+1"],"picked":"Inflame+1","floor":18},{"not_picked":["Ghostly Armor","Dual Wield","Twin Strike+1"],"picked":"SKIP","floor":24},{"not_picked":["Entrench","Bloodletting+1"],"picked":"Iron Wave+1","floor":28},{"not_picked":["Disarm","Burning Pact","Perfected Strike+1"],"picked":"SKIP","floor":29},{"not_picked":["Flame Barrier","Heavy Blade"],"picked":"Inflame+1","floor":31},{"not_picked":["Berserk","Reaper"],"picked":"Limit Break","floor":33},{"not_picked":["Warcry","Headbutt"],"picked":"Flex","floor":35},{"not_picked":["Warcry+1","Searing Blow+1","Clash"],"picked":"SKIP","floor":37},{"not_picked":["Cleave","Body Slam+1","Intimidate"],"picked":"SKIP","floor":40},{"not_picked":["Iron Wave","Clash+1","Dual Wield"],"picked":"SKIP","floor":41},{"not_picked":["Perfected Strike+1","Seeing Red+1"],"picked":"Heavy Blade+1","floor":42},{"not_picked":["Brutality","Shrug It Off+1"],"picked":"Clash+1","floor":45},{"not_picked":["Headbutt","Perfected Strike+1","Pommel Strike+1"],"picked":"SKIP","floor":48},{"not_picked":["Feel No Pain","Cleave+1","Rupture+1"],"picked":"SKIP","floor":54}],"player_experience":34342,"relics_obtained":[{"floor":6,"key":"Strawberry"},{"floor":9,"key":"Lantern"},{"floor":24,"key":"Girya"},{"floor":26,"key":"Sundial"},{"floor":28,"key":"Torii"},{"floor":54,"key":"Kunai"}],"event_choices":[{"cards_removed":["Defend_R"],"damage_healed":0,"gold_gain":0,"player_choice":"Card Removal","damage_taken":7,"max_hp_gain":0,"max_hp_loss":0,"event_name":"Golden Wing","floor":2,"gold_loss":0},{"damage_healed":0,"gold_gain":0,"player_choice":"Grow","damage_taken":0,"max_hp_gain":0,"max_hp_loss":0,"event_name":"Living Wall","floor":4,"gold_loss":0,"cards_upgraded":["Iron Wave"]},{"damage_healed":0,"gold_gain":0,"player_choice":"Donut","damage_taken":0,"max_hp_gain":5,"max_hp_loss":0,"event_name":"Big Fish","floor":5,"gold_loss":0},{"damage_healed":0,"gold_gain":75,"player_choice":"Gather Gold","damage_taken":11,"max_hp_gain":0,"max_hp_loss":0,"event_name":"World of Goop","floor":13,"gold_loss":0},{"damage_healed":0,"gold_gain":0,"player_choice":"Ignored","damage_taken":0,"max_hp_gain":0,"max_hp_loss":0,"event_name":"Ghosts","floor":20,"gold_loss":0},{"cards_removed":["Defend_R"],"damage_healed":0,"gold_gain":0,"player_choice":"Elegance","damage_taken":0,"max_hp_gain":0,"max_hp_loss":0,"event_name":"Back to Basics","floor":21,"gold_loss":0},{"damage_healed":0,"gold_gain":0,"player_choice":"Inject Mutagens","damage_taken":0,"relics_obtained":["MutagenicStrength"],"max_hp_gain":0,"max_hp_loss":0,"event_name":"Drug Dealer","floor":22,"gold_loss":0},{"damage_healed":0,"gold_gain":0,"player_choice":"Bet on Owner","damage_taken":0,"max_hp_gain":0,"max_hp_loss":0,"event_name":"The Joust","floor":25,"gold_loss":50},{"cards_removed":["Iron Wave"],"damage_healed":0,"gold_gain":0,"player_choice":"Removed Attack","damage_taken":0,"max_hp_gain":0,"max_hp_loss":0,"event_name":"Falling","floor":38,"gold_loss":0},{"damage_healed":0,"gold_gain":0,"player_choice":"Paid","damage_taken":0,"relics_obtained":["Red Mask"],"max_hp_gain":0,"max_hp_loss":0,"event_name":"Tomb of Lord Red Mask","floor":39,"gold_loss":58},{"damage_healed":0,"gold_gain":0,"player_choice":"Embrace Madness","damage_taken":12,"max_hp_gain":0,"max_hp_loss":0,"event_name":"Winding Halls","floor":46,"gold_loss":0,"cards_obtained":["Madness","Madness"]},{"damage_healed":0,"gold_gain":300,"player_choice":"Gold","damage_taken":0,"max_hp_gain":0,"max_hp_loss":0,"event_name":"Wheel of Change","floor":47,"gold_loss":0}],"is_beta":false,"boss_relics":[{"not_picked":["Astrolabe","Cursed Key"],"picked":"Coffee Dripper"},{"not_picked":["Tiny House","Philosopher\u0027s Stone"],"picked":"SlaversCollar"}],"items_purged_floors":[19,36,53],"is_endless":false,"potions_floor_spawned":[6,10,16,24,29,37,41,48,54],"killed_by":"The Heart","ascension_level":0}}