{"host":"c97twqu0op5dg8i4","time":1613327298,"event":{"mods":["AchievementEnabler","BaseMod","Colored Map","Minty Spire (QoL Compilation)","Permanent Neow"],"gold_per_floor":[364,364,140,158,9,9,24,53,53,53,53,128,160,10,10,10,107,107,81,92,92,92,17,17,42,65,65,65,65,65],"floor_reached":29,"language":"ENG","playtime":700,"items_purged":["Writhe","Strike_B"],"score":392,"play_id":"6f61a8a6-85e7-4ac3-8978-375a7770edba","local_time":"20210214132818","is_ascension_mode":true,"campfire_choices":[{"data":"Zap","floor":6,"key":"SMITH"},{"data":"Consume","floor":9,"key":"SMITH"},{"data":"Loop","floor":11,"key":"SMITH"},{"floor":16,"key":"REST"},{"data":"Hologram","floor":24,"key":"SMITH"}],"circlet_count":0,"master_deck":["AscendersBane","Strike_B","Strike_B","Strike_B","Defend_B","Defend_B","Zap+1","Dualcast","Cold Snap","Leap","Loop+1","Glacier","Hologram+1","Consume+1","Loop","Conserve Battery","Core Surge","Static Discharge+1","Self Repair","Echo Form"],"relics":["Cracked Core","Ornamental Fan","DataDisk","Blue Candle","Singing Bowl","Pocketwatch","Incense Burner","SacredBark","Enchiridion","Bottled Lightning","Darkstone Periapt"],"acts_visited":["Exordium","TheCity"],"potions_floor_usage":[25],"damage_taken":[{"damage":4,"enemies":"Small Slimes","floor":1,"turns":3},{"damage":0,"enemies":"2 Louse","floor":4,"turns":1},{"damage":2,"enemies":"Jaw Worm","floor":7,"turns":3},{"damage":12,"enemies":"Lagavulin","floor":8,"turns":8},{"damage":17,"enemies":"Gremlin Nob","floor":13,"turns":5},{"damage":7,"enemies":"Slime Boss","floor":17,"turns":11},{"damage":3,"enemies":"2 Thieves","floor":19,"turns":5},{"damage":5,"enemies":"Chosen","floor":20,"turns":4},{"damage":33,"enemies":"Gremlin Leader","floor":25,"turns":6},{"damage":14,"enemies":"3 Cultists","floor":29,"turns":3}],"seed_played":"783328366383233892","potions_obtained":[{"floor":4,"key":"Swift Potion"},{"floor":8,"key":"SkillPotion"},{"floor":25,"key":"Weak Potion"}],"is_trial":false,"path_per_floor":["M","?","$","M","$","R","M","E","R","T","R","?","E","$","?","R","B",null,"M","M","?","?","?","R","E","T","T","$","M"],"character_chosen":"DEFECT","items_purchased":["DataDisk","Loop","Glacier","Conserve Battery"],"campfire_rested":1,"item_purchase_floors":[3,5,5,14],"current_hp_per_floor":[64,57,57,57,57,57,55,43,43,43,43,32,15,15,15,37,30,64,61,56,40,40,40,40,14,14,14,14,0,0],"gold":65,"neow_bonus":"TWO_FIFTY_GOLD","is_daily":false,"chose_seed":false,"campfire_upgraded":4,"win_rate":0.0,"timestamp":1613327298,"path_taken":["M","?","$","M","$","R","M","E","R","T","R","?","E","?","?","R","BOSS","M","?","?","?","?","R","E","?","T","?","M"],"items_purchased_type":["Relic","Card","Card","Card"],"build_version":"2020-12-22","purchased_purges":2,"victory":false,"max_hp_per_floor":[75,75,75,75,75,75,75,75,75,75,75,75,75,75,75,75,75,75,75,75,75,75,75,75,75,75,75,75,75,75],"card_choices":[{"not_picked":["Hologram","Leap"],"picked":"Cold Snap","floor":1},{"not_picked":["Steam","Stack"],"picked":"Leap","floor":4},{"not_picked":["Compile Driver","Gash"],"picked":"Hologram","floor":7},{"not_picked":["Reinforced Body","Barrage"],"picked":"Consume","floor":8},{"not_picked":["Recycle","Turbo"],"picked":"Loop","floor":13},{"not_picked":["Rainbow","Creative AI"],"picked":"Core Surge","floor":17},{"not_picked":["Gash","Hologram"],"picked":"Static Discharge+1","floor":19},{"not_picked":["Redo","Turbo"],"picked":"Self Repair","floor":20},{"not_picked":["Gash+1","Coolheaded"],"picked":"Echo Form","floor":25}],"player_experience":409618,"relics_obtained":[{"floor":8,"key":"Blue Candle"},{"floor":10,"key":"Singing Bowl"},{"floor":13,"key":"Pocketwatch"},{"floor":21,"key":"Enchiridion"},{"floor":25,"key":"Bottled Lightning"},{"floor":27,"key":"Darkstone Periapt"}],"event_choices":[{"damage_healed":0,"gold_gain":0,"player_choice":"Success","damage_taken":7,"relics_obtained":["Ornamental Fan"],"max_hp_gain":0,"max_hp_loss":0,"event_name":"Scrap Ooze","floor":2,"gold_loss":0},{"damage_healed":0,"gold_gain":75,"player_choice":"Gather Gold","damage_taken":11,"max_hp_gain":0,"max_hp_loss":0,"event_name":"World of Goop","floor":12,"gold_loss":0},{"damage_healed":0,"gold_gain":0,"player_choice":"Gave Potion","damage_taken":0,"relics_obtained":["Incense Burner"],"max_hp_gain":0,"max_hp_loss":0,"event_name":"WeMeetAgain","floor":15,"gold_loss":0},{"damage_healed":0,"gold_gain":0,"player_choice":"Obtained Book","damage_taken":16,"max_hp_gain":0,"max_hp_loss":0,"event_name":"Cursed Tome","floor":21,"gold_loss":0},{"cards_removed":["Defend_B"],"damage_healed":0,"gold_gain":0,"player_choice":"Elegance","damage_taken":0,"max_hp_gain":0,"max_hp_loss":0,"event_name":"Back to Basics","floor":22,"gold_loss":0},{"cards_removed":["Defend_B"],"damage_healed":0,"gold_gain":0,"player_choice":"Gave Gold","damage_taken":0,"max_hp_gain":0,"max_hp_loss":0,"event_name":"Beggar","floor":23,"gold_loss":75}],"is_beta":false,"boss_relics":[{"not_picked":["Busted Crown","Ectoplasm"],"picked":"SacredBark"}],"items_purged_floors":[3,14],"is_endless":false,"potions_floor_spawned":[4,8,25],"killed_by":"3 Cultists","ascension_level":12}}