{"host":"ndpbn7fqb3wjbd7p","time":1613345982,"event":{"mods":["AchievementEnabler","Act Like it!","AlwaysNeverKeys","BaseMod","Better Vampires","Block Reminder","Colored Powertips","DeckTracker","Defuse TimeMaze Blight","Friendly Minions","Hermit","Highlight Path","MarisaÅiñ∂âJÅ@ñÇóùçπÅj","Minty Spire (QoL Compilation)","Permanent Neow","Shade Mod","StSLib","SuperFastMode","Synergy Search","The Mystic","Unceasing Turn Reminder","Wandering Minibosses"],"gold_per_floor":[110,124,124,124,148,148,179,179,179,32,47,47,47,90,90,180,180,203,49,34,34],"floor_reached":20,"language":"ENG","playtime":913,"items_purged":[],"score":297,"play_id":"748b9f10-ce7e-4184-804e-063bd93d1665","local_time":"20210215003942","is_ascension_mode":true,"campfire_choices":[{"data":"Auto Shields","floor":6,"key":"SMITH"},{"floor":8,"key":"REST"},{"data":"Skim","floor":12,"key":"SMITH"},{"data":"Coolheaded","floor":15,"key":"SMITH"}],"circlet_count":0,"master_deck":["AscendersBane","Strike_B","Strike_B","Strike_B","Strike_B","Defend_B","Defend_B","Defend_B","Defend_B","Zap","Dualcast","Skim+1","Auto Shields+1","Lockon","Gash","Core Surge+1","Coolheaded+1","Machine Learning","Reprogram"],"relics":["Cracked Core","Golden Idol","Pantograph","InkBottle","ClockworkSouvenir","Sundial","Black Star","Nunchaku"],"acts_visited":["Exordium","TheCity"],"potions_floor_usage":[16,20],"damage_taken":[{"damage":2,"enemies":"Jaw Worm","floor":1,"turns":3},{"damage":0,"enemies":"2 Louse","floor":2,"turns":4},{"damage":1,"enemies":"Cultist","floor":5,"turns":3},{"damage":30,"enemies":"3 Sentries","floor":7,"turns":8},{"damage":0,"enemies":"Large Slime","floor":11,"turns":5},{"damage":15,"enemies":"Lagavulin","floor":14,"turns":6},{"damage":48,"enemies":"Hexaghost","floor":16,"turns":15},{"damage":54,"enemies":"3 Byrds","floor":18,"turns":9},{"damage":11,"enemies":"2 Thieves","floor":20,"turns":1}],"seed_played":"-5540493111527509671","potions_obtained":[{"floor":2,"key":"FearPotion"},{"floor":14,"key":"FocusPotion"},{"floor":18,"key":"FearPotion"}],"is_trial":false,"path_per_floor":["M","M","?","?","M","R","E","R","T","$","M","R","?","E","R","B",null,"M","$","M"],"character_chosen":"DEFECT","items_purchased":["ClockworkSouvenir","Nunchaku"],"campfire_rested":1,"item_purchase_floors":[10,19],"current_hp_per_floor":[66,66,66,66,65,65,35,55,55,55,55,55,55,40,40,17,56,2,2,0,0],"gold":34,"neow_bonus":"THREE_CARDS","is_daily":false,"chose_seed":false,"campfire_upgraded":3,"win_rate":0.0,"timestamp":1613345982,"path_taken":["M","M","?","?","M","R","E","R","T","$","?","R","?","E","R","BOSS","M","$","?"],"items_purchased_type":["Relic","Relic"],"build_version":"2020-12-22","purchased_purges":0,"victory":false,"max_hp_per_floor":[75,75,69,69,69,69,69,69,69,69,69,69,69,69,69,69,69,69,69,69,69],"card_choices":[{"not_picked":["Chill","Compile Driver"],"picked":"Skim","floor":0},{"not_picked":["Beam Cell","Conserve Battery"],"picked":"Auto Shields","floor":1},{"not_picked":["Compile Driver","Hologram"],"picked":"Lockon","floor":2},{"not_picked":["Compile Driver","Beam Cell"],"picked":"Gash","floor":5},{"not_picked":["Beam Cell","Doom and Gloom"],"picked":"Core Surge","floor":7},{"not_picked":["Blizzard","Leap","Rebound"],"picked":"SKIP","floor":11},{"not_picked":["Blizzard","Rip and Tear"],"picked":"Coolheaded","floor":14},{"not_picked":["Reboot","Meteor Strike"],"picked":"Machine Learning","floor":16},{"not_picked":["Gash","Cold Snap"],"picked":"Reprogram","floor":18}],"player_experience":1234676,"relics_obtained":[{"floor":7,"key":"Pantograph"},{"floor":9,"key":"InkBottle"},{"floor":14,"key":"Sundial"}],"event_choices":[{"damage_healed":0,"gold_gain":0,"player_choice":"Lose Max HP","damage_taken":0,"relics_obtained":["Golden Idol"],"max_hp_gain":0,"max_hp_loss":6,"event_name":"Golden Idol","floor":3,"gold_loss":0},{"damage_healed":0,"gold_gain":0,"player_choice":"Bought 0 Potions","damage_taken":0,"max_hp_gain":0,"max_hp_loss":0,"event_name":"The Woman in Blue","floor":4,"gold_loss":0},{"damage_healed":0,"gold_gain":0,"player_choice":"Upgraded","damage_taken":0,"max_hp_gain":0,"max_hp_loss":0,"event_name":"Upgrade Shrine","floor":13,"gold_loss":0,"cards_upgraded":["Core Surge"]}],"is_beta":false,"boss_relics":[{"not_picked":["SacredBark","Ectoplasm"],"picked":"Black Star"}],"items_purged_floors":[],"is_endless":false,"potions_floor_spawned":[2,14,18],"killed_by":"2 Thieves","ascension_level":13}}