{"host":"qj2ynjh122p6ybyd","time":1613307649,"event":{"mods":["AchievementEnabler","Aspiration","BaseMod","Better Match","Better Note","Highlight Path","Infinite Spire","Minty Spire (QoL Compilation)","Quick Restart","Relic Stats","Reliquary","Replay The Spire","StSLib","SuperFastMode","The Blackbeard","The Gatherer"],"gold_per_floor":[113,123,198,373,224,252,252,252,252],"floor_reached":8,"language":"RUS","playtime":178,"items_purged":["Doubt"],"score":92,"play_id":"43aec217-d266-49e3-abd3-e03f145b2885","local_time":"20210214150049","is_ascension_mode":true,"campfire_choices":[{"floor":7,"key":"REST"}],"circlet_count":0,"master_deck":["AscendersBane","Strike_B","Strike_B","Strike_B","Strike_B","Defend_B","Defend_B","Defend_B","Defend_B","Zap","Dualcast","Conserve Battery","Self Repair"],"relics":["Cracked Core","aspiration:Nostalgia","m_SeaBlood","infinitespire:Beetle Shell"],"acts_visited":["Exordium"],"potions_floor_usage":[],"damage_taken":[{"damage":4,"enemies":"2 Louse","floor":1,"turns":2},{"damage":7,"enemies":"Small Slimes","floor":2,"turns":4},{"damage":45,"enemies":"3 Sentries","floor":6,"turns":9},{"damage":43,"enemies":"Lagavulin","floor":8,"turns":6}],"seed_played":"5739766842423440517","potions_obtained":[],"is_trial":false,"path_per_floor":["M","M","?","?","$","E","R","E"],"character_chosen":"DEFECT","items_purchased":["Self Repair"],"campfire_rested":1,"item_purchase_floors":[5],"current_hp_per_floor":[66,65,54,54,54,22,43,0,0],"gold":252,"neow_bonus":"NOSTALGIA","is_daily":false,"chose_seed":false,"campfire_upgraded":0,"win_rate":0.0,"timestamp":1613307649,"path_taken":["M","M","?","?","$","E","R","E"],"items_purchased_type":["Card"],"build_version":"2020-12-22","purchased_purges":1,"victory":false,"max_hp_per_floor":[71,71,71,71,71,71,71,71,71],"relic_stats":{"counters":[4,21],"obtain_stats":[{"m_SeaBlood":0,"aspiration:Nostalgia":0,"infinitespire:Beetle Shell":6,"Cracked Core":0},{"m_SeaBlood":0,"aspiration:Nostalgia":0,"infinitespire:Beetle Shell":3,"Cracked Core":0},{"m_SeaBlood":0,"aspiration:Nostalgia":0,"infinitespire:Beetle Shell":15,"Cracked Core":0}]},"card_choices":[{"not_picked":["Flex","Beam Cell","Gash"],"picked":"SKIP","floor":1},{"not_picked":["Rebound","Sweeping Beam"],"picked":"Conserve Battery","floor":2},{"not_picked":["ReplayTheSpireMod:System Scan","BasicCrystalCard","Streamline"],"picked":"SKIP","floor":6}],"player_experience":385361,"relics_obtained":[{"floor":6,"key":"infinitespire:Beetle Shell"}],"event_choices":[{"damage_healed":0,"gold_gain":75,"player_choice":"Gather Gold","damage_taken":11,"max_hp_gain":0,"max_hp_loss":0,"event_name":"World of Goop","floor":3,"gold_loss":0},{"damage_healed":0,"gold_gain":175,"player_choice":"AGREE","damage_taken":0,"max_hp_gain":0,"max_hp_loss":0,"event_name":"Liars Game","floor":4,"gold_loss":0,"cards_obtained":["Doubt"]}],"is_beta":false,"boss_relics":[],"items_purged_floors":[5],"is_endless":false,"potions_floor_spawned":[],"killed_by":"Lagavulin","ascension_level":14}}