{"host":"mnpd8gh7cwxsn5kh","time":1613318658,"event":{"mods":["BaseMod","Bestiary","Block Reminder","Colored Map","Colored Powertips","Highlight Path","Minty Spire (QoL Compilation)","Relic Sorter","Relic Stats"],"gold_per_floor":[210,27,27,43,57,86,86,111,135,135,154,154,169,189,189,263,263,277,277,94,104,104,130,130,162,162,162,182,202,222,247,247,324,324,343,357,5,30,30,57,57,67,91,91,91,119,132,166,166,166],"floor_reached":51,"language":"ENG","playtime":5781,"items_purged":["Strike_P","Strike_P","Defend_P"],"score":1539,"play_id":"6c01411b-0ae0-4f87-a2e6-b75169262b5e","local_time":"20210214170418","is_ascension_mode":true,"campfire_choices":[{"data":"CrushJoints","floor":7,"key":"SMITH"},{"data":"Conclude","floor":10,"key":"SMITH"},{"data":"SashWhip","floor":15,"key":"SMITH"},{"data":"BattleHymn","floor":24,"key":"SMITH"},{"data":"Perseverance","floor":27,"key":"SMITH"},{"data":"Vault","floor":32,"key":"SMITH"},{"floor":41,"key":"REST"},{"data":"Vault","floor":44,"key":"SMITH"},{"floor":49,"key":"REST"}],"circlet_count":0,"master_deck":["AscendersBane","Strike_P+1","Defend_P","Defend_P","Defend_P","Eruption+1","Vigilance","BattleHymn+1","CrushJoints+1","Consecrate","Conclude+1","Perseverance+1","ThirdEye","SashWhip+1","Protect","InnerPeace","Evaluate+1","Vault+1","CutThroughFate+1","Vault+1","Wireheading","Wallop","ClearTheMind+1","Worship+1","CutThroughFate","SpiritShield+1","Tantrum+1","Crescendo+1","Meditate+1","WaveOfTheHand+1","Wallop+1"],"relics":["PureWater","Whetstone","Omamori","Tiny Chest","Velvet Choker","Bag of Preparation","Regal Pillow","Du-Vu Doll","Toxic Egg 2","Juzu Bracelet","Calling Bell","Smiling Mask","Yang","Unceasing Top","Shuriken","StoneCalendar","Mummified Hand","Anchor","MealTicket","Bottled Lightning","PreservedInsect"],"acts_visited":["Exordium","TheCity","TheBeyond"],"potions_floor_usage":[6,8,16,29,31,33,33,50,50],"damage_taken":[{"damage":0,"enemies":"Jaw Worm","floor":1,"turns":4},{"damage":3,"enemies":"2 Louse","floor":4,"turns":3},{"damage":0,"enemies":"Cultist","floor":5,"turns":4},{"damage":5,"enemies":"3 Sentries","floor":6,"turns":3},{"damage":26,"enemies":"Gremlin Nob","floor":8,"turns":4},{"damage":3,"enemies":"Gremlin Gang","floor":11,"turns":3},{"damage":0,"enemies":"Exordium Thugs","floor":13,"turns":3},{"damage":0,"enemies":"Exordium Wildlife","floor":14,"turns":2},{"damage":0,"enemies":"The Guardian","floor":16,"turns":8},{"damage":7,"enemies":"Shell Parasite","floor":18,"turns":3},{"damage":0,"enemies":"Spheric Guardian","floor":21,"turns":4},{"damage":0,"enemies":"Book of Stabbing","floor":23,"turns":5},{"damage":5,"enemies":"Gremlin Leader","floor":25,"turns":5},{"damage":0,"enemies":"3 Cultists","floor":28,"turns":2},{"damage":0,"enemies":"Centurion and Healer","floor":29,"turns":5},{"damage":0,"enemies":"Snake Plant","floor":30,"turns":2},{"damage":9,"enemies":"Slavers","floor":31,"turns":4},{"damage":14,"enemies":"Collector","floor":33,"turns":8},{"damage":0,"enemies":"3 Shapes","floor":35,"turns":2},{"damage":8,"enemies":"3 Darklings","floor":36,"turns":6},{"damage":0,"enemies":"Mind Bloom Boss Battle","floor":38,"turns":7},{"damage":24,"enemies":"Nemesis","floor":40,"turns":6},{"damage":0,"enemies":"Transient","floor":42,"turns":5},{"damage":0,"enemies":"Reptomancer","floor":46,"turns":3},{"damage":0,"enemies":"Maw","floor":47,"turns":6},{"damage":26,"enemies":"Nemesis","floor":48,"turns":8},{"damage":45,"enemies":"Awakened One","floor":50,"turns":11}],"seed_played":"2987013854594532683","potions_obtained":[{"floor":5,"key":"Fire Potion"},{"floor":6,"key":"EntropicBrew"},{"floor":13,"key":"SpeedPotion"},{"floor":23,"key":"DuplicationPotion"},{"floor":29,"key":"Ancient Potion"},{"floor":31,"key":"ColorlessPotion"},{"floor":35,"key":"Ancient Potion"},{"floor":38,"key":"Ambrosia"},{"floor":48,"key":"SteroidPotion"}],"is_trial":false,"path_per_floor":["M","$","?","M","M","E","R","E","T","R","M","?","M","M","R","B",null,"M","?","$","M","T","E","R","E","T","R","M","M","M","E","R","B",null,"M","M","$","?","T","E","R","M","T","R","?","E","M","E","R","B",null],"character_chosen":"WATCHER","items_purchased":["CrushJoints","Consecrate","Wireheading","Shuriken","Crescendo+1"],"campfire_rested":2,"item_purchase_floors":[2,2,20,37,37],"current_hp_per_floor":[61,61,61,58,58,53,53,27,27,27,24,46,46,46,46,46,63,56,56,56,56,56,56,56,51,51,51,51,51,51,42,42,28,58,58,50,50,50,50,26,61,61,61,61,61,61,61,35,68,23],"gold":166,"neow_bonus":"HUNDRED_GOLD","is_daily":false,"chose_seed":false,"campfire_upgraded":7,"win_rate":0.0,"timestamp":1613318658,"path_taken":["M","$","?","M","M","E","R","E","T","R","M","?","M","M","R","BOSS","M","?","?","M","?","E","R","E","T","R","M","?","?","E","R","BOSS","M","M","$","?","?","E","R","M","T","R","?","E","M","E","R","BOSS"],"items_purchased_type":["Card","Card","Card","Relic","Card"],"build_version":"2020-12-22","purchased_purges":3,"victory":true,"max_hp_per_floor":[68,68,68,68,68,68,68,68,68,68,68,68,68,68,68,68,68,68,68,68,68,68,68,68,68,68,68,68,68,68,68,68,68,68,68,68,68,68,68,68,68,68,68,68,68,68,68,68,68,68],"relic_stats":{"Regal Pillow":28,"counters":[27,126],"Yang":[123],"StoneCalendar":[1],"PreservedInsect":0,"Bag of Preparation":[32],"Juzu Bracelet":0,"Whetstone":["Strike_P","Eruption"],"Smiling Mask":75,"Shuriken":[23],"Mummified Hand":[14],"Tiny Chest":2,"MealTicket":0,"obtain_stats":[{"Regal Pillow":23,"Velvet Choker":17,"Yang":34,"StoneCalendar":38,"PreservedInsect":48,"Omamori":8,"Bag of Preparation":22,"Juzu Bracelet":31,"Whetstone":6,"Smiling Mask":34,"Du-Vu Doll":25,"Calling Bell":34,"Anchor":40,"Shuriken":37,"Mummified Hand":39,"Tiny Chest":9,"MealTicket":43,"Bottled Lightning":46,"PureWater":0,"Toxic Egg 2":26,"Unceasing Top":34},{"Regal Pillow":12,"Velvet Choker":9,"Yang":18,"StoneCalendar":21,"PreservedInsect":26,"Omamori":5,"Bag of Preparation":11,"Juzu Bracelet":17,"Whetstone":4,"Smiling Mask":18,"Du-Vu Doll":13,"Calling Bell":18,"Anchor":22,"Shuriken":20,"Mummified Hand":21,"Tiny Chest":5,"MealTicket":23,"Bottled Lightning":24,"PureWater":0,"Toxic Egg 2":13,"Unceasing Top":18},{"Regal Pillow":46,"Velvet Choker":34,"Yang":72,"StoneCalendar":87,"PreservedInsect":115,"Omamori":18,"Bag of Preparation":41,"Juzu Bracelet":64,"Whetstone":14,"Smiling Mask":72,"Du-Vu Doll":51,"Calling Bell":72,"Anchor":93,"Shuriken":80,"Mummified Hand":87,"Tiny Chest":18,"MealTicket":98,"Bottled Lightning":101,"PureWater":0,"Toxic Egg 2":51,"Unceasing Top":72}],"Unceasing Top":[0]},"card_choices":[{"not_picked":["Consecrate","Vengeance"],"picked":"BattleHymn","floor":1},{"not_picked":["Conclude","Weave"],"picked":"Perseverance","floor":4},{"not_picked":["Vengeance","WreathOfFlame","JustLucky"],"picked":"SKIP","floor":5},{"not_picked":["Halt","ForeignInfluence"],"picked":"ThirdEye","floor":6},{"not_picked":["Prostrate","FollowUp"],"picked":"SashWhip","floor":8},{"not_picked":["EmptyBody","ClearTheMind"],"picked":"Protect","floor":11},{"not_picked":["Conclude","ClearTheMind"],"picked":"InnerPeace","floor":13},{"not_picked":["ReachHeaven","PathToVictory"],"picked":"Evaluate","floor":14},{"not_picked":["Brilliance","Wish"],"picked":"Vault","floor":16},{"not_picked":["Nirvana+1","ForeignInfluence"],"picked":"CutThroughFate+1","floor":18},{"not_picked":["ThirdEye","Crescendo"],"picked":"Wallop","floor":21},{"not_picked":["LikeWater","Wireheading","Study"],"picked":"SKIP","floor":23},{"not_picked":["Worship","Consecrate","Collect"],"picked":"SKIP","floor":25},{"not_picked":["Prostrate+1","EmptyBody+1"],"picked":"ClearTheMind+1","floor":28},{"not_picked":["ReachHeaven","Establishment","Pray+1"],"picked":"SKIP","floor":29},{"not_picked":["ClearTheMind+1","Crescendo+1"],"picked":"Worship+1","floor":30},{"not_picked":["BowlingBash","InnerPeace+1"],"picked":"CutThroughFate","floor":31},{"not_picked":["DeusExMachina+1","Establishment"],"picked":"SpiritShield+1","floor":33},{"not_picked":["ForeignInfluence+1","CarveReality","FollowUp"],"picked":"SKIP","floor":35},{"not_picked":["MentalFortress","Halt+1"],"picked":"Tantrum+1","floor":36},{"not_picked":["CrushJoints","WindmillStrike"],"picked":"Meditate+1","floor":40},{"not_picked":["MentalFortress","Halt+1"],"picked":"WaveOfTheHand+1","floor":42},{"not_picked":["SashWhip","Prostrate+1","Adaptation+1"],"picked":"SKIP","floor":46},{"not_picked":["Prostrate+1","Consecrate","CrushJoints"],"picked":"SKIP","floor":47},{"not_picked":["BattleHymn","CutThroughFate"],"picked":"Wallop+1","floor":48}],"player_experience":524086,"relics_obtained":[{"floor":6,"key":"Whetstone"},{"floor":8,"key":"Omamori"},{"floor":9,"key":"Tiny Chest"},{"floor":22,"key":"Bag of Preparation"},{"floor":23,"key":"Regal Pillow"},{"floor":25,"key":"Du-Vu Doll"},{"floor":26,"key":"Toxic Egg 2"},{"floor":31,"key":"Juzu Bracelet"},{"floor":34,"key":"Smiling Mask"},{"floor":34,"key":"Yang"},{"floor":34,"key":"Unceasing Top"},{"floor":38,"key":"StoneCalendar"},{"floor":39,"key":"Mummified Hand"},{"floor":40,"key":"Anchor"},{"floor":43,"key":"MealTicket"},{"floor":46,"key":"Bottled Lightning"},{"floor":48,"key":"PreservedInsect"}],"event_choices":[{"damage_healed":0,"gold_gain":0,"cards_transformed":["Strike_P"],"player_choice":"Change","damage_taken":0,"max_hp_gain":0,"max_hp_loss":0,"event_name":"Living Wall","floor":3,"gold_loss":0,"cards_obtained":["Conclude"]},{"damage_healed":22,"gold_gain":0,"player_choice":"Banana","damage_taken":0,"max_hp_gain":0,"max_hp_loss":0,"event_name":"Big Fish","floor":12,"gold_loss":0},{"damage_healed":0,"gold_gain":0,"player_choice":"Copied","damage_taken":0,"max_hp_gain":0,"max_hp_loss":0,"event_name":"Duplicator","floor":19,"gold_loss":0,"cards_obtained":["Vault"]},{"damage_healed":0,"gold_gain":0,"player_choice":"Fight","damage_taken":0,"max_hp_gain":0,"max_hp_loss":0,"event_name":"MindBloom","floor":38,"gold_loss":0},{"damage_healed":0,"gold_gain":0,"player_choice":"Forge","damage_taken":0,"max_hp_gain":0,"max_hp_loss":0,"event_name":"Accursed Blacksmith","floor":45,"gold_loss":0,"cards_upgraded":["Evaluate"]}],"is_beta":false,"boss_relics":[{"not_picked":["Fusion Hammer","Ectoplasm"],"picked":"Velvet Choker"},{"not_picked":["HolyWater","VioletLotus"],"picked":"Calling Bell"}],"items_purged_floors":[2,20,37],"is_endless":false,"potions_floor_spawned":[5,6,13,14,23,28,29,31,35,38,42,48],"ascension_level":16}}