{"host":"hl3ams4am2ku5u4p","time":1613329625,"event":{"mods":["AchievementEnabler","Act Like it!","Aspiration","BaseMod","Beaked The Cultist","BetterRewards","CatGirl Mod","Colored Map","Colored Powertips","Conspire","Downfall","Energized Spire","Halation","Hallownest","HornydragonMod","Hubris","Infinite Spire","Jedi Mod","Mad Scientist","Magitek Elite","Minty Spire (QoL Compilation)","READ ME - Guardian Mod","Replay The Spire","Spikes Relics","StSLib","SuperFastMode","The Blackbeard","The Bug Knight","The Construct","The Disciple","The Jungle","The Mystic","The Necromancer","The Senshi"],"gold_per_floor":[115,115,133,4,48,48,59,59,59,77,96,96,113,123,123,218,218,232,244,244,292,110,140,155,155,210,210,210,210,228,239,239,334,334,346,364,376,386,397,397,427,427,427,427,463,101,115,131,131,131],"floor_reached":51,"language":"FRA","playtime":1847,"items_purged":["blackbeard:BlackbeardStrike"],"score":695,"play_id":"0d48d7c2-5f3b-4c38-9a4d-d6a9d4d89e85","local_time":"20210214200705","is_ascension_mode":false,"campfire_choices":[{"data":"blackbeard:Spear","floor":6,"key":"SMITH"},{"data":"blackbeard:Cutlass","floor":8,"key":"SMITH"},{"floor":15,"key":"REST"},{"floor":25,"key":"REST"},{"floor":29,"key":"REST"},{"data":"blackbeard:BoostMorale","floor":32,"key":"SMITH"},{"floor":40,"key":"REST"},{"floor":42,"key":"REST"},{"floor":44,"key":"REST"},{"floor":49,"key":"REST"}],"circlet_count":0,"master_deck":["blackbeard:BlackbeardStrike","blackbeard:BlackbeardStrike","blackbeard:IntimidatingStrike","blackbeard:BlackbeardDefend","blackbeard:BlackbeardDefend","blackbeard:BlackbeardDefend","blackbeard:Cutlass+1","blackbeard:GoldenCannonball+1","blackbeard:Spear+1","blackbeard:Toast","blackbeard:BeatUp+1","blackbeard:PirateHook+1","blackbeard:Anchor","blackbeard:CatONineTails","blackbeard:PirateStrength+1","blackbeard:Shrapnel+1","blackbeard:CloakAndCannonball+1","blackbeard:BlindAttacks+1","blackbeard:BoostMorale+1","blackbeard:PirateStrength+1","blackbeard:JollyRoger","blackbeard:TerrorOfTheSeas","blackbeard:BlindAttacks+1","blackbeard:Salvager+1","blackbeard:TacticalRetreat+1","blackbeard:Spear","blackbeard:GoldenDefense","blackbeard:GoldenStrike+1","blackbeard:DelayedPain","blackbeard:BoostMorale"],"relics":["blackbeard:LoadTheCannons","Membership Card","Molten Egg 2","Oddly Smooth Stone","Frozen Egg 2","Hallownest:DreamNailRelic","hubris:MobiusCoin","Shuriken","Empty Cage","aspiration:HatOfInfinitePower","SpikesRelics:DaevaFist","Bag of Preparation","hubris:Backtick","conspire:InfiniteJournal","jedi:firstaidkit","hubris:SphereOfDissonance","infinitespire:ShieldingShard","infinitespire:EmpoweringShard","aspiration:Nostalgia","Guardian:ModeShifter"],"acts_visited":["Exordium","Hallownest:Greenpath","Hallownest:CityofTears"],"potions_floor_usage":[23,33,38,39,41,50,50],"damage_taken":[{"damage":2,"enemies":"Hallownest:monsterHuskWarrior","floor":1,"turns":2},{"damage":2,"enemies":"Hallownest:2_Tiktiks_and_1_Crawlid","floor":3,"turns":3},{"damage":0,"enemies":"Hallownest:monsterHuskGuard","floor":7,"turns":3},{"damage":3,"enemies":"Hallownest:2_Tiktiks_1_Baldur_1_Crawlid","floor":10,"turns":4},{"damage":0,"enemies":"Hallownest:Wandering_and_Horned","floor":11,"turns":3},{"damage":5,"enemies":"Hallownest:Guard_and_Warrior","floor":13,"turns":4},{"damage":7,"enemies":"Hallownest:MossCreep_and_Mosskin","floor":14,"turns":4},{"damage":50,"enemies":"Hallownest:BossBrokenVessel","floor":16,"turns":8},{"damage":24,"enemies":"Hallownest:3_Youths","floor":18,"turns":5},{"damage":20,"enemies":"Hallownest:Guard_and_Sentry","floor":19,"turns":4},{"damage":12,"enemies":"Hallownest:Glutton_and_Coward","floor":21,"turns":3},{"damage":6,"enemies":"Hallownest:eliteWatcherKnight","floor":23,"turns":7},{"damage":1,"enemies":"Hallownest:monsterShrumalOgre","floor":24,"turns":3},{"damage":0,"enemies":"Hallownest:3_Mistakes","floor":30,"turns":3},{"damage":3,"enemies":"Hallownest:Master_and_Novice","floor":31,"turns":2},{"damage":19,"enemies":"Hallownest:BossSoulMaster","floor":33,"turns":5},{"damage":16,"enemies":"Hallownest:2_Littles","floor":35,"turns":4},{"damage":15,"enemies":"Hallownest:3_Siblings","floor":36,"turns":3},{"damage":28,"enemies":"Hallownest:2_Wandering_and_1_Horned","floor":37,"turns":4},{"damage":11,"enemies":"Hallownest:Xero_Hu_Marmu","floor":38,"turns":4},{"damage":0,"enemies":"Hallownest:2_Wing_and_1_Kings","floor":39,"turns":4},{"damage":18,"enemies":"Hallownest:eliteHiveKnight","floor":41,"turns":4},{"damage":0,"enemies":"Hallownest:2_Great","floor":47,"turns":2},{"damage":3,"enemies":"Hallownest:Shield_Sturdy","floor":48,"turns":3},{"damage":46,"enemies":"Hallownest:BossGreyPrinceZote","floor":50,"turns":6}],"seed_played":"-4687936786715465727","potions_obtained":[{"floor":1,"key":"construct:ShiftPotion"},{"floor":16,"key":"SteroidPotion"},{"floor":21,"key":"Strength Potion"},{"floor":23,"key":"FearPotion"},{"floor":30,"key":"Flashbang"},{"floor":35,"key":"jedi:StrikingPotion"},{"floor":37,"key":"champ:CounterPotion"},{"floor":39,"key":"jedi:tentaclejuice"},{"floor":48,"key":"Regen Potion"}],"is_trial":false,"path_per_floor":["M","?","M","$","?","R","M","R","T","M","M","?","M","M","R","B",null,"M","M","?","M","$","E","M","R","T","T","?","R","M","M","R","B",null,"M","M","M","M","M","R","E","R","T","R","$","$","M","M","R","B",null],"character_chosen":"BLACKBEARD_CLASS","items_purchased":["Membership Card","Molten Egg 2","Oddly Smooth Stone","blackbeard:GoldenCannonball+1","Frozen Egg 2","hubris:MobiusCoin","blackbeard:BoostMorale","aspiration:HatOfInfinitePower","blackbeard:GoldenDefense","blackbeard:GoldenStrike+1","Strength Potion","blackbeard:DelayedPain","infinitespire:ShieldingShard","infinitespire:EmpoweringShard","aspiration:Nostalgia"],"campfire_rested":7,"item_purchase_floors":[0,0,0,0,0,4,22,22,45,45,45,46,46,46,46],"current_hp_per_floor":[57,57,55,55,55,55,55,55,55,52,52,52,47,40,62,12,75,51,31,31,19,19,13,12,34,34,34,42,64,64,61,61,42,75,59,44,16,5,5,27,9,31,31,53,53,53,53,52,74,33],"gold":131,"neow_bonus":"","is_daily":false,"chose_seed":false,"campfire_upgraded":3,"win_rate":0.0,"timestamp":1613329625,"path_taken":["M","?","?","$","?","R","M","R","T","M","M","?","?","M","R","BOSS","M","M","?","M","?","E","?","R","T","?","?","R","?","M","R","BOSS","M","M","M","M","M","R","E","R","T","R","?","$","M","?","R","BOSS"],"items_purchased_type":["Relic","Relic","Relic","Card","Relic","Relic","Card","Relic","Card","Card","Potion","Card","Relic","Relic","Relic"],"build_version":"2020-12-22","purchased_purges":1,"victory":true,"max_hp_per_floor":[75,75,75,75,75,75,75,75,75,75,75,75,75,75,75,75,75,75,75,75,75,75,75,75,75,75,75,75,75,75,75,75,75,75,75,75,75,75,75,75,75,75,75,75,75,75,75,75,75,75],"card_choices":[{"not_picked":["blackbeard:DangerousBlow+1","blackbeard:CloakAndCannonball"],"picked":"blackbeard:Spear","floor":1},{"not_picked":["blackbeard:RearmingStrike+1","blackbeard:GoldenStrike+1","blackbeard:Sharpening"],"picked":"SKIP","floor":3},{"not_picked":["blackbeard:Spear","blackbeard:Upgrade"],"picked":"blackbeard:Toast","floor":7},{"not_picked":["blackbeard:WoodenLeg+1","blackbeard:PiratesWill"],"picked":"blackbeard:BeatUp+1","floor":10},{"not_picked":["blackbeard:Boarding+1","blackbeard:VengefulSpirit"],"picked":"blackbeard:PirateHook+1","floor":11},{"not_picked":["blackbeard:RearmingStrike+1","blackbeard:GoldenDefense"],"picked":"blackbeard:Anchor","floor":13},{"not_picked":["blackbeard:GoldenCannonball+1","blackbeard:TacticalRetreat"],"picked":"blackbeard:CatONineTails","floor":14},{"not_picked":["blackbeard:BountyHunter+1","blackbeard:WeaponMastery+1"],"picked":"blackbeard:PirateStrength+1","floor":16},{"not_picked":["blackbeard:CannonBarrage","blackbeard:Sword"],"picked":"blackbeard:Shrapnel+1","floor":18},{"not_picked":["blackbeard:WoodenLeg+1","blackbeard:WeaponMastery+1"],"picked":"blackbeard:CloakAndCannonball+1","floor":19},{"not_picked":["blackbeard:AgileStrike+1","blackbeard:FishingNets"],"picked":"blackbeard:BlindAttacks+1","floor":21},{"not_picked":["blackbeard:AgileStrike+1","blackbeard:Toast+1"],"picked":"blackbeard:PirateStrength+1","floor":23},{"not_picked":["blackbeard:JollyRoger","blackbeard:Dagger","blackbeard:WoodenLeg+1"],"picked":"SKIP","floor":24},{"not_picked":["blackbeard:Dagger","blackbeard:WoodenLeg+1"],"picked":"blackbeard:JollyRoger","floor":24},{"not_picked":["blackbeard:DeadlyArsenal","blackbeard:Shrapnel+1"],"picked":"blackbeard:TerrorOfTheSeas","floor":30},{"not_picked":["blackbeard:GoldenStrike+1","blackbeard:Sharpening+1"],"picked":"blackbeard:BlindAttacks+1","floor":31},{"not_picked":["blackbeard:PowerHungry","blackbeard:HumongousCannonball+1"],"picked":"blackbeard:Salvager+1","floor":33},{"not_picked":["blackbeard:CloakAndCannonball+1","blackbeard:PowderKeg"],"picked":"blackbeard:TacticalRetreat+1","floor":35},{"not_picked":["blackbeard:DeadlyArsenal+1","blackbeard:Fencing","blackbeard:Sword"],"picked":"SKIP","floor":36},{"not_picked":["blackbeard:Shrapnel+1","blackbeard:Dagger","blackbeard:TacticalRetreat"],"picked":"SKIP","floor":37},{"not_picked":["blackbeard:CaptainsCabin+1","blackbeard:FieryDefense","blackbeard:WiseDefense+1"],"picked":"SKIP","floor":38},{"not_picked":["blackbeard:CloakAndCannonball+1","blackbeard:Dagger+1","blackbeard:InfiniteBarrage+1"],"picked":"SKIP","floor":39},{"not_picked":["blackbeard:Recklessness","blackbeard:BeatUp+1"],"picked":"blackbeard:Spear","floor":41},{"not_picked":["blackbeard:WiseDefense+1","blackbeard:DeadlyArsenal+1"],"picked":"blackbeard:BoostMorale","floor":47},{"not_picked":["blackbeard:TacticalRetreat+1","blackbeard:DeadlyArsenal","blackbeard:Fencing+1"],"picked":"SKIP","floor":48}],"player_experience":89712,"relics_obtained":[{"floor":9,"key":"Shuriken"},{"floor":23,"key":"SpikesRelics:DaevaFist"},{"floor":26,"key":"Bag of Preparation"},{"floor":41,"key":"jedi:firstaidkit"},{"floor":43,"key":"hubris:SphereOfDissonance"}],"event_choices":[],"is_beta":false,"boss_relics":[{"not_picked":["Replay:Wanted Poster","jedi:hotpepper"],"picked":"Empty Cage"},{"not_picked":["Replay:Grab Bag","construct:ClawGrip"],"picked":"hubris:Backtick"}],"items_purged_floors":[0],"is_endless":false,"potions_floor_spawned":[1,16,21,23,30,35,37,39,48],"ascension_level":0}}