{"host":"zsnmfqgcm92hlreo","time":1613345803,"event":{"mods":["AchievementEnabler","BaseMod","Bestiary","Block Reminder","Colored Map","Colored Powertips","Filter the Spire","Minty Spire (QoL Compilation)","Permanent Neow","Quick Restart","Relic Stats","StSLib","Weighted Paths"],"gold_per_floor":[109,109,159,179,179,220,220,236,236,276,276,276,307,307,307,403,403,417,417,417,442,337,380,380,411,411,126,159,204,204,245,254,358,358,381,421,90,90,117,170,204,240,314,348,225,265,265,324,333,333,333,333,333,102,152,152],"floor_reached":57,"language":"ENG","playtime":2628,"items_purged":[],"score":3166,"play_id":"cd6a2a7f-7195-4975-9310-007046f3ca3b","local_time":"20210214173643","is_ascension_mode":true,"campfire_choices":[{"floor":7.0,"key":"REST"},{"floor":12.0,"key":"REST"},{"data":"1","floor":15.0,"key":"LIFT"},{"data":"2","floor":24,"key":"LIFT"},{"data":"3","floor":30,"key":"LIFT"},{"floor":32,"key":"REST"},{"floor":47,"key":"RECALL"},{"floor":49,"key":"REST"},{"data":"Offering","floor":53,"key":"SMITH"}],"circlet_count":0,"master_deck":["AscendersBane","Bash","Dual Wield","Exhume","Metallicize","Metallicize","Burning Pact","Combust","Immolate","Reaper","Armaments","Twin Strike","Bloodletting","Armaments","Offering+1","Inflame+1","Heavy Blade","Metallicize","Disarm","Exhume","Heavy Blade","Combust+1","Spot Weakness","Corruption","Armaments+1","Flame Barrier","Limit Break","Feel No Pain+1","Clothesline+1","Dark Embrace+1","Shrug It Off","Disarm","Evolve+1","Flame Barrier","Juggernaut+1","Uppercut+1","Dark Embrace+1","Pommel Strike+1"],"relics":["Pandora\u0027s Box","Golden Idol","Girya","Mummified Hand","Blood Vial","Dream Catcher","Gremlin Horn","SlaversCollar","Prayer Wheel","CeramicFish","Smiling Mask","Brimstone","Pen Nib","Toy Ornithopter","Snecko Eye","Ice Cream","Gambling Chip","Frozen Egg 2","Pocketwatch","Charon\u0027s Ashes","Anchor","CaptainsWheel","Orrery","Bottled Tornado"],"acts_visited":["Exordium","TheCity","TheBeyond","TheEnding"],"potions_floor_usage":[21,25,29,33,35,48,51,55,56],"damage_taken":[{"damage":1.0,"enemies":"Small Slimes","floor":1.0,"turns":2.0},{"damage":0.0,"enemies":"2 Louse","floor":4.0,"turns":2.0},{"damage":25.0,"enemies":"3 Sentries","floor":6.0,"turns":3.0},{"damage":1.0,"enemies":"Cultist","floor":8.0,"turns":3.0},{"damage":29.0,"enemies":"Lagavulin","floor":10.0,"turns":6.0},{"damage":16.0,"enemies":"3 Sentries","floor":13.0,"turns":4.0},{"damage":54.0,"enemies":"Hexaghost","floor":16.0,"turns":9.0},{"damage":26.0,"enemies":"Chosen","floor":18.0,"turns":5.0},{"damage":23,"enemies":"3 Byrds","floor":21,"turns":3},{"damage":25,"enemies":"Slavers","floor":23,"turns":4},{"damage":44,"enemies":"Gremlin Leader","floor":25,"turns":4},{"damage":8,"enemies":"Shelled Parasite and Fungi","floor":28,"turns":4},{"damage":17,"enemies":"Book of Stabbing","floor":29,"turns":3},{"damage":51,"enemies":"Gremlin Leader","floor":31,"turns":4},{"damage":45,"enemies":"Champ","floor":33,"turns":6},{"damage":20,"enemies":"Orb Walker","floor":35,"turns":3},{"damage":28,"enemies":"Mind Bloom Boss Battle","floor":36,"turns":3},{"damage":7,"enemies":"3 Darklings","floor":39,"turns":2},{"damage":8,"enemies":"Giant Head","floor":40,"turns":3},{"damage":7,"enemies":"Spire Growth","floor":41,"turns":2},{"damage":1,"enemies":"Reptomancer","floor":42,"turns":2},{"damage":14,"enemies":"Nemesis","floor":44,"turns":3},{"damage":8,"enemies":"Giant Head","floor":46,"turns":3},{"damage":2,"enemies":"2 Orb Walkers","floor":48,"turns":2},{"damage":36,"enemies":"Awakened One","floor":50,"turns":6},{"damage":19,"enemies":"Time Eater","floor":51,"turns":3},{"damage":73,"enemies":"Shield and Spear","floor":55,"turns":5},{"damage":91,"enemies":"The Heart","floor":56,"turns":6}],"seed_played":"4879538499233393197","potions_obtained":[{"floor":1.0,"key":"GamblersBrew"},{"floor":8.0,"key":"LiquidMemories"},{"floor":13.0,"key":"BloodPotion"},{"floor":18.0,"key":"Energy Potion"},{"floor":25,"key":"Regen Potion"},{"floor":29,"key":"DuplicationPotion"},{"floor":33,"key":"SkillPotion"},{"floor":40,"key":"Fire Potion"},{"floor":46,"key":"ColorlessPotion"},{"floor":48,"key":"SkillPotion"}],"is_trial":false,"path_per_floor":["M","?","?","M","$","E","R","M","T","E","?","R","E","?","R","B",null,"M","?","?","M","$","E","R","E","T","$","M","E","R","E","R","B",null,"M","?","$","?","M","E","M","E","T","E","$","E","R","?","R","B","B",null,"R","$","E","B",null],"character_chosen":"IRONCLAD","items_purchased":["Heavy Blade","Metallicize","Brimstone","Exhume","Heavy Blade","Gambling Chip","Dark Embrace+1","Shrug It Off","Orrery","ColorlessPotion","Dark Embrace+1"],"campfire_rested":4,"item_purchase_floors":[22,22,27,27,27,37,45,45,54,54,54],"current_hp_per_floor":[74,48,41,49,49,36,58,57,57,32,32,54,52,47,47,5,58,39,54,54,51,51,52,52,38,38,38,49,57,57,24,46,59,71,58,75,75,85,85,84,78,79,79,81,81,85,85,85,85,79,66,80,80,80,85,2],"gold":152,"neow_bonus":"BOSS_RELIC","is_daily":false,"chose_seed":false,"campfire_upgraded":1,"win_rate":0.0,"timestamp":1613345803,"path_taken":["M","?","?","?","$","E","R","M","T","E","?","R","E","?","R","BOSS","M","?","?","M","$","E","R","E","T","$","M","E","R","E","R","BOSS","M","?","$","?","?","E","M","E","T","E","$","E","R","?","R","BOSS","BOSS","R","$","E","BOSS"],"items_purchased_type":["Card","Card","Relic","Card","Card","Relic","Card","Card","Relic","Potion","Card"],"build_version":"2020-12-22","purchased_purges":0,"victory":true,"max_hp_per_floor":[75,75,75,75,75,75,75,75,75,75,75,75,75,75,75,75,75,75,75,75,75,75,75,75,75,75,75,75,75,75,75,75,75,75,75,75,75,85,85,85,85,85,85,85,85,85,85,85,85,85,85,85,85,85,85,85],"relic_stats":{"Gremlin Horn":[20,20],"counters":[28,105],"Golden Idol":241,"CeramicFish":180,"Pen Nib":[10],"Charon\u0027s Ashes":[195],"Smiling Mask":0,"Blood Vial":35,"Dream Catcher":2,"Mummified Hand":[182],"Gambling Chip":[39],"Snecko Eye":[107,111,101,110],"Pandora\u0027s Box":["Dual Wield","Exhume","Metallicize","Metallicize","Anger","Burning Pact","Combust","Immolate","Reaper"],"Prayer Wheel":4,"obtain_stats":[{"Ice Cream":36,"Gremlin Horn":14,"CeramicFish":25,"Bottled Tornado":55,"Smiling Mask":26,"Burning Blood":0,"Blood Vial":10,"Dream Catcher":13,"Mummified Hand":9,"Gambling Chip":37,"Prayer Wheel":23,"Girya":6,"Golden Idol":2,"Pen Nib":29,"Charon\u0027s Ashes":44,"Frozen Egg 2":40,"SlaversCollar":17,"Anchor":46,"CaptainsWheel":48,"Brimstone":27,"Snecko Eye":34,"Orrery":54,"Pandora\u0027s Box":0,"Toy Ornithopter":31,"Pocketwatch":42},{"Ice Cream":17,"Gremlin Horn":6,"CeramicFish":11,"Bottled Tornado":27,"Smiling Mask":11,"Burning Blood":0,"Blood Vial":5,"Dream Catcher":6,"Mummified Hand":4,"Gambling Chip":17,"Prayer Wheel":10,"Girya":3,"Golden Idol":1,"Pen Nib":13,"Charon\u0027s Ashes":22,"Frozen Egg 2":19,"SlaversCollar":7,"Anchor":23,"CaptainsWheel":24,"Brimstone":11,"Snecko Eye":15,"Orrery":26,"Pandora\u0027s Box":0,"Toy Ornithopter":14,"Pocketwatch":21},{"Ice Cream":68,"Gremlin Horn":20,"CeramicFish":45,"Bottled Tornado":99,"Smiling Mask":45,"Burning Blood":0,"Blood Vial":16,"Dream Catcher":20,"Mummified Hand":10,"Gambling Chip":68,"Prayer Wheel":41,"Girya":7,"Golden Idol":2,"Pen Nib":52,"Charon\u0027s Ashes":80,"Frozen Egg 2":73,"SlaversCollar":29,"Anchor":83,"CaptainsWheel":85,"Brimstone":45,"Snecko Eye":62,"Orrery":94,"Pandora\u0027s Box":0,"Toy Ornithopter":56,"Pocketwatch":77}],"Toy Ornithopter":18,"Pocketwatch":[12]},"card_choices":[{"not_picked":["Evolve","Wild Strike","Headbutt"],"picked":"SKIP","floor":1.0},{"not_picked":["Body Slam","Power Through"],"picked":"Armaments","floor":4.0},{"not_picked":["Carnage","Burning Pact","Entrench"],"picked":"SKIP","floor":6.0},{"not_picked":["Body Slam","Clash"],"picked":"Twin Strike","floor":8.0},{"not_picked":["Clothesline","Heavy Blade"],"picked":"Bloodletting","floor":10.0},{"not_picked":["Sever Soul","Whirlwind"],"picked":"Armaments","floor":13.0},{"not_picked":["Brutality","Exhume"],"picked":"Offering","floor":16.0},{"not_picked":["Seeing Red","Heavy Blade+1"],"picked":"Inflame+1","floor":18.0},{"not_picked":["Pommel Strike","Burning Pact","Combust"],"picked":"SKIP","floor":21},{"not_picked":["Hemokinesis","Blood for Blood"],"picked":"Disarm","floor":23},{"not_picked":["Reckless Charge+1","True Grit","Twin Strike"],"picked":"SKIP","floor":25},{"not_picked":["Thunderclap","Seeing Red"],"picked":"Combust+1","floor":28},{"not_picked":["Bloodletting","True Grit","Body Slam"],"picked":"SKIP","floor":28},{"not_picked":["Perfected Strike","Rage"],"picked":"Fiend Fire","floor":29},{"not_picked":["Thunderclap","Flex","Clash"],"picked":"SKIP","floor":31},{"not_picked":["Headbutt","True Grit"],"picked":"Spot Weakness","floor":32},{"not_picked":["Offering","Berserk"],"picked":"Corruption","floor":33},{"not_picked":["Clash","Headbutt"],"picked":"Armaments+1","floor":35},{"not_picked":["Fire Breathing","Headbutt","Burning Pact"],"picked":"SKIP","floor":35},{"not_picked":["Perfected Strike","Armaments"],"picked":"Flame Barrier","floor":36},{"not_picked":["Flex","Thunderclap+1"],"picked":"Limit Break","floor":39},{"not_picked":["Body Slam+1","Warcry","Wild Strike"],"picked":"SKIP","floor":39},{"not_picked":["True Grit+1","Bludgeon"],"picked":"Feel No Pain+1","floor":40},{"not_picked":["Perfected Strike","Pommel Strike"],"picked":"Clothesline+1","floor":41},{"not_picked":["Sword Boomerang","Hemokinesis","Pummel"],"picked":"SKIP","floor":41},{"not_picked":["Headbutt","Combust+1","Anger+1"],"picked":"SKIP","floor":42},{"not_picked":["Pommel Strike","Feed","Rage"],"picked":"SKIP","floor":44},{"not_picked":["Body Slam","Sentinel"],"picked":"Disarm","floor":46},{"not_picked":["True Grit","Wild Strike"],"picked":"Evolve+1","floor":49},{"not_picked":["Clothesline","Reaper"],"picked":"Flame Barrier","floor":54},{"not_picked":["Anger","Combust+1"],"picked":"Juggernaut+1","floor":54},{"not_picked":["True Grit+1","Armaments"],"picked":"Uppercut+1","floor":54},{"not_picked":["Headbutt+1","Carnage+1"],"picked":"Pommel Strike+1","floor":55}],"player_experience":1129836,"relics_obtained":[{"floor":6.0,"key":"Girya"},{"floor":9.0,"key":"Mummified Hand"},{"floor":10.0,"key":"Blood Vial"},{"floor":13.0,"key":"Dream Catcher"},{"floor":23,"key":"Prayer Wheel"},{"floor":25,"key":"CeramicFish"},{"floor":26,"key":"Smiling Mask"},{"floor":29,"key":"Pen Nib"},{"floor":31,"key":"Toy Ornithopter"},{"floor":36,"key":"Ice Cream"},{"floor":40,"key":"Frozen Egg 2"},{"floor":42,"key":"Pocketwatch"},{"floor":44,"key":"Charon\u0027s Ashes"},{"floor":46,"key":"Anchor"},{"floor":48,"key":"CaptainsWheel"},{"floor":55,"key":"Bottled Tornado"}],"event_choices":[{"damage_healed":0.0,"max_hp_gain":0.0,"max_hp_loss":0.0,"gold_gain":0.0,"event_name":"Golden Idol","player_choice":"Take Damage","floor":2.0,"gold_loss":0.0,"damage_taken":26.0,"relics_obtained":["Golden Idol"]},{"damage_healed":0.0,"max_hp_gain":0.0,"max_hp_loss":0.0,"gold_gain":50.0,"event_name":"FaceTrader","player_choice":"Touch","floor":3.0,"gold_loss":0.0,"damage_taken":7.0},{"damage_healed":0.0,"max_hp_gain":0.0,"max_hp_loss":0.0,"gold_gain":0.0,"event_name":"Liars Game","player_choice":"Ignored","floor":11.0,"gold_loss":0.0,"damage_taken":0.0},{"damage_healed":0.0,"max_hp_gain":0.0,"max_hp_loss":0.0,"gold_gain":0.0,"event_name":"Scrap Ooze","player_choice":"Success","floor":14.0,"gold_loss":0.0,"damage_taken":5.0,"relics_obtained":["Gremlin Horn"]},{"damage_healed":15,"gold_gain":0,"player_choice":"Heal","damage_taken":0,"max_hp_gain":0,"max_hp_loss":0,"event_name":"The Library","floor":19,"gold_loss":0},{"cards_removed":["Anger"],"damage_healed":0,"gold_gain":0,"player_choice":"Elegance","damage_taken":0,"max_hp_gain":0,"max_hp_loss":0,"event_name":"Back to Basics","floor":20,"gold_loss":0},{"damage_healed":0,"gold_gain":0,"player_choice":"Fight","damage_taken":0,"max_hp_gain":0,"max_hp_loss":0,"event_name":"MindBloom","floor":36,"gold_loss":0},{"cards_removed":["Fiend Fire"],"damage_healed":0,"gold_gain":0,"player_choice":"Offered Rare","damage_taken":0,"max_hp_gain":10,"max_hp_loss":0,"event_name":"Bonfire Elementals","floor":38,"gold_loss":0},{"damage_healed":0,"gold_gain":0,"player_choice":"Fight","damage_taken":0,"max_hp_gain":0,"max_hp_loss":0,"event_name":"Mysterious Sphere","floor":48,"gold_loss":0}],"is_beta":false,"boss_relics":[{"not_picked":["Runic Cube","SacredBark"],"picked":"SlaversCollar"},{"not_picked":["Velvet Choker","Calling Bell"],"picked":"Snecko Eye"}],"items_purged_floors":[],"is_endless":false,"potions_floor_spawned":[1,8,10,13,18,25,29,33,40,46,48],"ascension_level":20}}