{"host":"684z1xpuwaoqmmh1","time":1613328707,"event":{"mods":["A Magickal Journey","BaseMod","Downfall","Hermit","Jorbs\u0027s Wanderer Trilogy","Marisa????????","Minty Spire (QoL Compilation)","Robot Space Explorer","Shade Mod","StSLib","The Bug Knight","The Dragon Tamer","The Elementalist","The Hayseed","The Hierophant","The Marked","The Mystic","The Runesmith","The Saiyan","The Senshi","The Spell Scribe","The Vixen","TheBandit","TheFirefly"],"gold_per_floor":[110,130,130,149,165,175,204,204,204,204,236,236,269,280,280,354,354,367,437,455,473,484,519,533,568,592,604,32,57,57,71,71,148,148,167,217,217,217,217,217,174,200,254,254,280,294,3,21,21,21,21,21,21,55,55,55],"floor_reached":55,"language":"ENG","playtime":3648,"items_purged":["theSenshi:SailorKick"],"score":1476,"play_id":"2ca60475-6e48-4bea-a7e7-c4322d32df3d","local_time":"20210214205147","is_ascension_mode":true,"campfire_choices":[{"floor":8,"key":"REST"},{"data":"theSenshi:MoonCrystalPowerMakeUp","floor":10,"key":"SMITH"},{"data":"theSenshi:GlimpseOfThePast","floor":12,"key":"SMITH"},{"data":"theSenshi:UranusStrength","floor":15,"key":"SMITH"},{"data":"theSenshi:MoonCrystalPowerMakeUp","floor":30,"key":"SMITH"},{"data":"theSenshi:SailorSaturnAssists","floor":32,"key":"SMITH"},{"floor":40,"key":"RECALL"},{"data":"theSenshi:TuxedoMaskAssists","floor":44,"key":"SMITH"},{"data":"theSenshi:MoonCosmicPowerMakeUp","floor":49,"key":"SMITH"},{"data":"theSenshi:MoonTwilightFlash","floor":52,"key":"SMITH"}],"circlet_count":0,"master_deck":["AscendersBane","theSenshi:SailorKick","theSenshi:SailorKick","theSenshi:SailorBlock","theSenshi:SailorBlock","theSenshi:SailorBlock","theSenshi:RoseThrow","theSenshi:MoonPrismPowerMakeUp","Bandage Up+1","theSenshi:MoonCrystalPowerMakeUp+1","theSenshi:SaturnsMystery","theSenshi:TuxedoMaskAssists+1","theSenshi:SailorVenusAssists","theSenshi:GlimpseOfThePast+1","theSenshi:MoonHealingEscalation","theSenshi:SaturnsMystery+1","theSenshi:SilverCrystal","theSenshi:UranusStrength+1","theSenshi:SailorSaturnAssists+1","theSenshi:MoonPunch+1","theSenshi:MoonCrystalPowerMakeUp+1","theSenshi:SailorJupiterAssists","theSenshi:MoonHealingEscalation","theSenshi:InTheNameOfTheMoon+1","theSenshi:PlutosSolemnity","theSenshi:MarsPride+1","theSenshi:KlutzyLuck+1","theSenshi:MoonTwilightFlash+1","theSenshi:MoonCosmicPowerMakeUp+1","theSenshi:SailorPlutoAssists"],"relics":["theSenshi:TransformationBroochRelic","Juzu Bracelet","Bird Faced Urn","CaptainsWheel","theSenshi:SpiralHeartMoonRodRelic","Busted Crown","Question Card","Nunchaku","Dead Branch","Bronze Scales","Bag of Marbles","Guardian:BottledAnomaly","PreservedInsect","Black Star","Guardian:PocketSentry","StoneCalendar","Vajra","hexamod:BolsterEngine","Art of War","champ:Barbells","Bag of Preparation","Mercury Hourglass"],"acts_visited":["Exordium","TheCity","TheBeyond","TheEnding"],"potions_floor_usage":[11,13,13,21,23,31,45,48,55],"damage_taken":[{"damage":5,"enemies":"Jaw Worm","floor":1,"turns":7},{"damage":6,"enemies":"Cultist","floor":2,"turns":5},{"damage":15,"enemies":"Small Slimes","floor":4,"turns":6},{"damage":0,"enemies":"3 Louse","floor":5,"turns":4},{"damage":19,"enemies":"Exordium Wildlife","floor":6,"turns":7},{"damage":73,"enemies":"3 Sentries","floor":7,"turns":15},{"damage":42,"enemies":"Gremlin Nob","floor":11,"turns":5},{"damage":13,"enemies":"Lagavulin","floor":13,"turns":10},{"damage":21,"enemies":"Large Slime","floor":14,"turns":12},{"damage":50,"enemies":"The Guardian","floor":16,"turns":21},{"damage":1,"enemies":"3 Byrds","floor":18,"turns":9},{"damage":21,"enemies":"Spheric Guardian","floor":20,"turns":8},{"damage":25,"enemies":"Chosen and Byrds","floor":21,"turns":10},{"damage":11,"enemies":"Centurion and Healer","floor":22,"turns":9},{"damage":66,"enemies":"Gremlin Leader","floor":23,"turns":14},{"damage":39,"enemies":"Shelled Parasite and Fungi","floor":24,"turns":7},{"damage":96,"enemies":"Book of Stabbing","floor":25,"turns":10},{"damage":40,"enemies":"Sentry and Sphere","floor":27,"turns":6},{"damage":42,"enemies":"Slavers","floor":29,"turns":8},{"damage":17,"enemies":"Snake Plant","floor":31,"turns":4},{"damage":57,"enemies":"Collector","floor":33,"turns":14},{"damage":22,"enemies":"3 Darklings","floor":35,"turns":8},{"damage":9,"enemies":"Nemesis","floor":42,"turns":5},{"damage":74,"enemies":"Giant Head","floor":45,"turns":8},{"damage":9,"enemies":"Orb Walker","floor":46,"turns":3},{"damage":21,"enemies":"Writhing Mass","floor":48,"turns":7},{"damage":117,"enemies":"Time Eater","floor":50,"turns":14},{"damage":105,"enemies":"Shield and Spear","floor":54,"turns":10},{"damage":107,"enemies":"The Heart","floor":55,"turns":8}],"seed_played":"-2436019398946221346","potions_obtained":[{"floor":6,"key":"FearPotion"},{"floor":7,"key":"LiquidMemories"},{"floor":11,"key":"Regen Potion"},{"floor":14,"key":"sneckomod:MuddlingPotion"},{"floor":16,"key":"Strength Potion"},{"floor":20,"key":"Guardian:BlockOnCardUsePotion"},{"floor":24,"key":"Strength Potion"},{"floor":29,"key":"DistilledChaos"},{"floor":31,"key":"Weak Potion"},{"floor":33,"key":"Fire Potion"},{"floor":45,"key":"Weak Potion"},{"floor":46,"key":"Fire Potion"}],"is_trial":false,"path_per_floor":["M","M","?","M","M","M","E","R","T","R","E","R","E","M","R","B",null,"M","T","M","M","M","E","M","E","T","M","$","E","R","M","R","B",null,"M","?","?","?","?","R","$","E","T","R","E","M","$","M","R","B",null,"R","$","E","B"],"character_chosen":"THE_SENSHI","items_purchased":["Bronze Scales","Bag of Marbles","Guardian:BottledAnomaly","theSenshi:PlutosSolemnity","champ:Barbells","theSenshi:MoonTwilightFlash","theSenshi:MoonCosmicPowerMakeUp"],"campfire_rested":1,"item_purchase_floors":[28,28,28,41,47,47,47],"current_hp_per_floor":[67,65,65,59,72,66,7,29,29,29,8,8,59,72,72,75,75,75,75,72,73,75,75,71,22,22,27,27,29,29,59,59,68,73,75,75,75,75,75,75,75,75,75,75,33,71,71,75,75,23,62,62,62,32,0,0],"gold":55,"neow_bonus":"RANDOM_COLORLESS","is_daily":false,"chose_seed":false,"campfire_upgraded":8,"win_rate":0.0,"timestamp":1613328707,"path_taken":["M","M","?","M","M","M","E","R","T","R","E","R","E","M","R","BOSS","M","?","M","M","M","E","M","E","T","M","$","E","R","M","R","BOSS","M","?","?","?","?","R","?","E","T","R","E","M","$","M","R","BOSS","R","$","E","BOSS"],"items_purchased_type":["Relic","Relic","Relic","Card","Relic","Card","Card"],"build_version":"2020-12-22","purchased_purges":1,"victory":false,"max_hp_per_floor":[75,75,75,75,75,75,75,75,75,75,75,75,75,75,75,75,75,75,75,75,75,75,75,75,75,75,75,75,75,75,75,75,75,75,75,75,75,75,75,75,75,75,75,75,75,75,75,75,75,75,75,75,75,75,75,75],"card_choices":[{"not_picked":["Trip","Impatience"],"picked":"Bandage Up","floor":0},{"not_picked":["theSenshi:SupersonicWaves","theSenshi:SailorMarsAssists"],"picked":"theSenshi:MoonCrystalPowerMakeUp","floor":1},{"not_picked":["theSenshi:EncouragingSpeech","theSenshi:MoonTiaraMagic"],"picked":"theSenshi:SaturnsMystery","floor":2},{"not_picked":["theSenshi:TuxedoSmokingBomber","theSenshi:TallSilhouette"],"picked":"theSenshi:TuxedoMaskAssists","floor":4},{"not_picked":["theSenshi:LunaWiseMentor","theSenshi:SupersonicWaves"],"picked":"theSenshi:SailorVenusAssists","floor":5},{"not_picked":["theSenshi:MoonPower","theSenshi:SailorVenusAssists"],"picked":"theSenshi:GlimpseOfThePast","floor":6},{"not_picked":["theSenshi:UranusStrength","theSenshi:LunasBite"],"picked":"theSenshi:MoonHealingEscalation","floor":7},{"not_picked":["theSenshi:SailorMarsAssists","theSenshi:TuxedoSmokingBomber"],"picked":"theSenshi:SaturnsMystery","floor":11},{"not_picked":["theSenshi:SailorJupiterAssists","theSenshi:MoonTwilightFlash"],"picked":"theSenshi:SilverCrystal","floor":13},{"not_picked":["theSenshi:MoonPunch","theSenshi:MoonTwilightFlash"],"picked":"theSenshi:UranusStrength","floor":14},{"not_picked":["theSenshi:WarriorOfTheMoon","theSenshi:StudyParty"],"picked":"theSenshi:SailorSaturnAssists","floor":16},{"not_picked":[],"picked":"theSenshi:MoonPunch+1","floor":18},{"not_picked":["theSenshi:SupersonicWaves"],"picked":"theSenshi:MoonCrystalPowerMakeUp","floor":20},{"not_picked":["theSenshi:Sidestep"],"picked":"theSenshi:SailorJupiterAssists","floor":21},{"not_picked":["theSenshi:SailorJupiterAssists","theSenshi:LunasBite"],"picked":"SKIP","floor":22},{"not_picked":["theSenshi:EncouragingSpeech","theSenshi:LateForSchool"],"picked":"SKIP","floor":23},{"not_picked":["theSenshi:MoonKick","theSenshi:MoonsReflection"],"picked":"SKIP","floor":24},{"not_picked":["theSenshi:HesSoDreamy","theSenshi:EncouragingSpeech"],"picked":"SKIP","floor":25},{"not_picked":["theSenshi:MoonTiaraMagic"],"picked":"theSenshi:MoonHealingEscalation","floor":27},{"not_picked":["theSenshi:SailorMarsAssists","theSenshi:SupersonicWaves"],"picked":"SKIP","floor":29},{"not_picked":["theSenshi:SupersonicWaves+1","theSenshi:SailorMarsAssists"],"picked":"SKIP","floor":31},{"not_picked":["theSenshi:LunaSensingAllies"],"picked":"theSenshi:InTheNameOfTheMoon","floor":33},{"not_picked":["theSenshi:SailorChibiMoonAssists","theSenshi:EncouragingSpeech"],"picked":"SKIP","floor":35},{"not_picked":["theSenshi:SupersonicWaves"],"picked":"theSenshi:MarsPride+1","floor":42},{"not_picked":["theSenshi:NeptunesGrace","theSenshi:EncouragingSpeech"],"picked":"SKIP","floor":45},{"not_picked":["theSenshi:GatheringStrength"],"picked":"theSenshi:KlutzyLuck+1","floor":46},{"not_picked":["theSenshi:MoonPrincessHalation","theSenshi:SailorStarFighterAssists"],"picked":"SKIP","floor":48},{"not_picked":["theSenshi:Sidestep"],"picked":"theSenshi:SailorPlutoAssists","floor":54}],"player_experience":3293577,"relics_obtained":[{"floor":7,"key":"Juzu Bracelet"},{"floor":9,"key":"Bird Faced Urn"},{"floor":11,"key":"CaptainsWheel"},{"floor":13,"key":"theSenshi:SpiralHeartMoonRodRelic"},{"floor":19,"key":"Question Card"},{"floor":23,"key":"Nunchaku"},{"floor":25,"key":"Dead Branch"},{"floor":29,"key":"PreservedInsect"},{"floor":42,"key":"Guardian:PocketSentry"},{"floor":42,"key":"StoneCalendar"},{"floor":43,"key":"Vajra"},{"floor":45,"key":"hexamod:BolsterEngine"},{"floor":45,"key":"Art of War"},{"floor":54,"key":"Bag of Preparation"},{"floor":54,"key":"Mercury Hourglass"}],"event_choices":[{"cards_removed":["theSenshi:SailorKick"],"damage_healed":0,"gold_gain":0,"player_choice":"Purged","damage_taken":0,"max_hp_gain":0,"max_hp_loss":0,"event_name":"Purifier","floor":3,"gold_loss":0},{"damage_healed":0,"gold_gain":0,"player_choice":"Upgraded","damage_taken":0,"max_hp_gain":0,"max_hp_loss":0,"event_name":"Upgrade Shrine","floor":37,"gold_loss":0,"cards_upgraded":["theSenshi:InTheNameOfTheMoon"]},{"damage_healed":0,"gold_gain":0,"player_choice":"Ignored","damage_taken":0,"max_hp_gain":0,"max_hp_loss":0,"event_name":"Tomb of Lord Red Mask","floor":38,"gold_loss":0},{"cards_removed":["theSenshi:SailorBlock"],"damage_healed":0,"gold_gain":0,"player_choice":"Removed Skill","damage_taken":0,"max_hp_gain":0,"max_hp_loss":0,"event_name":"Falling","floor":39,"gold_loss":0}],"is_beta":false,"boss_relics":[{"not_picked":["Tiny House","Runic Pyramid"],"picked":"Busted Crown"},{"not_picked":["Snecko Eye","SacredBark"],"picked":"Black Star"}],"items_purged_floors":[28],"is_endless":false,"potions_floor_spawned":[6,7,11,14,16,20,24,29,31,33,35,45,46],"killed_by":"The Heart","ascension_level":19}}