{"host":"tm3ghj8mno6gwywm","time":1613331294,"event":{"mods":["2.2 Compatiblity","AchievementEnabler","Bard","BaseMod","Beaked The Cultist","Better Third Choice","Colored Map","Colored Powertips","Conspire","Downfall","Glutton Mod","GungeonMod","Halation","Hermit","Hubris","Infinite Spire","Jorbs\u0027s Wanderer Trilogy","Mad Scientist","Marisa????????","Marked Mod","Mimic Mod","Minty Spire (QoL Compilation)","Potionbrewer","Quick Restart","Replay The Spire","Shade Mod","Shop Mod","Somnambulant","Spicy Shops","StSLib","SuperFastMode","The Bug Knight","The Construct","The Cursed","The Disciple","The Hierophant","The IronCluck","The Judge","The Jungle","The Necromancer","The Runesmith","The Servant 0.9.4","egg"],"gold_per_floor":[418,472,547,578,590,512,541,257,289,322,340,378,378,393,393,493,493,521,521,541,562,576,576,590,602,634,634,634,649,356,386,386,497,497,514,439,454,49,64,82,82,116,161,161,182,203,203,227,227,232,232,232,0,31,98],"floor_reached":56,"language":"ENG","playtime":1747,"items_purged":[],"score":1466,"play_id":"c8bf470b-d345-40cc-b6b8-94969dc244be","local_time":"20210214143454","is_ascension_mode":false,"campfire_choices":[{"floor":13,"key":"RECALL"},{"floor":15,"key":"REST"},{"floor":23,"key":"REST"},{"floor":27,"key":"REST"},{"floor":32,"key":"REST"},{"floor":41,"key":"REST"},{"floor":44,"key":"REST"},{"floor":49,"key":"REST"},{"floor":52,"key":"REST"}],"circlet_count":0,"master_deck":["Strike_B+1","Strike_B+1","Strike_B+1","Strike_B+1","Defend_B+1","Defend_B+1","Defend_B+1","Defend_B+1","Zap+1","Dualcast+1","Compile Driver+1","Panic Button+1","Sweeping Beam+1","Loop+1","Fission+1","Coolheaded+1","Heatsinks+1","ReplayTheSpireMod:Calculation Training+1","Self Repair+1","Mayhem+1","Hello World+1","BasicCrystalCard+1","Force Field+1","Creative AI+1","Echo Form+1","Defragment+1","Defragment+1","Blizzard+1","Storm+1","Coolheaded+1","Capacitor+1","Loop+1","ReplayTheSpireMod:Calculation Training+1","Electrodynamics+1","Coolheaded+1","Defragment+1","ReplaySolidLightProjector+1","Amplify+1","Static Discharge+1"],"relics":["Cracked Core","Old Coin","WingedGreaves","Lizard Tail","Mummified Hand","Black Star","Molten Egg 2","Toxic Egg 2","Frozen Egg 2","Quantum Egg","Membership Card","Bottled Flame","Orrery","halation:BottledLove","Potion Belt","halation:Thesaurus","Bag of Marbles","Regal Pillow","Letter Opener","halation:IllGainedPizza","infinitespire:Beetle Shell","Replay:Bottled Eggs","Anchor","Symbiotic Virus","Replay:Towering Pillar of Hats","Replay:Lucky Slots","infinitespire:WardingShard","Cables","Nuclear Battery","Membership Card","DataDisk","Runic Capacitor","Bronze Scales","CaptainsWheel","Snack Pack","hubris:TinFlute","conspire:GiftBox","sneckomod:BlankCard","bronze:DonusWashers","DemoMod:OrangeGuonStone","Ginger","infinitespire:Freezer"],"acts_visited":["Exordium","TheCity","TheBeyond","TheEnding"],"potions_floor_usage":[10,10,10,50],"damage_taken":[{"damage":0,"enemies":"2 Louse","floor":1,"turns":2},{"damage":9,"enemies":"conspire:MimicChest","floor":4,"turns":5},{"damage":0,"enemies":"Small Slimes","floor":5,"turns":2},{"damage":25,"enemies":"3 Sentries","floor":7,"turns":5},{"damage":0,"enemies":"Cultist","floor":9,"turns":4},{"damage":0,"enemies":"Lagavulin","floor":10,"turns":3},{"damage":0,"enemies":"Cultist","floor":11,"turns":2},{"damage":1,"enemies":"Looter","floor":12,"turns":4},{"damage":0,"enemies":"Looter","floor":14,"turns":2},{"damage":0,"enemies":"Slime Boss","floor":16,"turns":7},{"damage":23,"enemies":"3 Byrds","floor":18,"turns":3},{"damage":0,"enemies":"Spheric Guardian","floor":20,"turns":3},{"damage":22,"enemies":"Shelled Parasite and Fungi","floor":21,"turns":5},{"damage":13,"enemies":"Snake Plant","floor":22,"turns":3},{"damage":0,"enemies":"3 Cultists","floor":24,"turns":3},{"damage":0,"enemies":"conspire:HollyBat","floor":25,"turns":4},{"damage":5,"enemies":"Snake Plant","floor":26,"turns":3},{"damage":0,"enemies":"Snake Plant","floor":29,"turns":2},{"damage":0,"enemies":"3 Cultists","floor":31,"turns":2},{"damage":24,"enemies":"conspire:MysteriousRune","floor":33,"turns":5},{"damage":0,"enemies":"3 Darklings","floor":35,"turns":1},{"damage":5,"enemies":"3 Shapes","floor":37,"turns":2},{"damage":0,"enemies":"Writhing Mass","floor":39,"turns":3},{"damage":0,"enemies":"Spire Growth","floor":40,"turns":2},{"damage":0,"enemies":"beaked:SuperParasite","floor":42,"turns":3},{"damage":0,"enemies":"3 Darklings","floor":43,"turns":4},{"damage":0,"enemies":"3 Darklings","floor":45,"turns":3},{"damage":0,"enemies":"Jaw Worm Horde","floor":46,"turns":2},{"damage":0,"enemies":"Maw","floor":48,"turns":3},{"damage":0,"enemies":"hubris:GrandSnecko","floor":50,"turns":4},{"damage":0,"enemies":"Shield and Spear","floor":54,"turns":2},{"damage":45,"enemies":"The Heart","floor":55,"turns":6}],"seed_played":"3393469000010218616","potions_obtained":[{"floor":1,"key":"FocusPotion"},{"floor":4,"key":"Dexterity Potion"},{"floor":7,"key":"potionbrewer:NoxiousPotion"},{"floor":16,"key":"DuplicationPotion"},{"floor":18,"key":"Energy Potion"},{"floor":22,"key":"Venom Potion"},{"floor":24,"key":"FearPotion"},{"floor":29,"key":"Weak Potion"},{"floor":35,"key":"Adrenaline Potion"},{"floor":39,"key":"FocusPotion"}],"is_trial":false,"path_per_floor":["M","?","?","?","M","$","E","$","MIM","E","M","MIM","R","M","R","B",null,"M","?","M","M","M","R","M","M","MIM","R","?","M","$","MIM","R","B",null,"M","$","M","$","M","M","R","E","MIM","R","M","M","?","M","R","B",null,"R","$","E","B",null],"character_chosen":"DEFECT","items_purchased":["Orrery","Self Repair+1","War Paint","halation:Thesaurus","Mayhem+1","Symbiotic Virus","Replay:Towering Pillar of Hats","Replay:Lucky Slots","Membership Card","Defragment+1","DataDisk","Runic Capacitor","Bronze Scales","CaptainsWheel","bronze:DonusWashers","Static Discharge+1","DemoMod:OrangeGuonStone"],"campfire_rested":8,"item_purchase_floors":[6,8,8,8,8,30,30,30,36,38,38,38,38,38,53,53,53],"current_hp_per_floor":[75,75,64,55,55,55,30,30,40,40,50,59,59,69,75,75,75,62,62,72,60,47,75,75,75,70,75,75,75,75,75,75,71,75,75,75,70,70,70,75,75,75,75,75,75,75,72,72,75,75,75,75,75,75,42],"gold":98,"neow_bonus":"UPGRADE_CARD","is_daily":false,"chose_seed":false,"campfire_upgraded":0,"win_rate":0.0,"timestamp":1613331294,"path_taken":["M","?","?","?","M","$","E","$","MIM","E","M","?","R","M","R","BOSS","M","?","M","M","M","R","M","M","MIM","R","?","?","$","?","R","BOSS","M","$","M","?","?","M","R","E","MIM","R","M","M","?","M","R","BOSS","R","$","E","BOSS"],"items_purchased_type":["Relic","Card","Relic","Relic","Card","Relic","Relic","Relic","Relic","Card","Relic","Relic","Relic","Relic","Relic","Card","Relic"],"build_version":"2020-12-22","purchased_purges":0,"victory":true,"max_hp_per_floor":[75,75,75,75,75,75,75,75,75,75,75,75,75,75,75,75,75,75,75,75,75,75,75,75,75,75,75,75,75,75,75,75,75,75,75,75,75,75,75,75,75,75,75,75,75,75,75,75,75,75,75,75,75,75,75],"card_choices":[{"not_picked":["Recycle+1","Reinforced Body+1"],"picked":"Compile Driver+1","floor":1},{"not_picked":["Hologram+1","hubris:PowerSurge+1"],"picked":"Panic Button+1","floor":5},{"not_picked":["conspire:Rain+1","Leap+1"],"picked":"Sweeping Beam+1","floor":6},{"not_picked":["Compile Driver+1","Sweeping Beam+1"],"picked":"Loop+1","floor":6},{"not_picked":["Rip and Tear+1","Reinforced Body+1"],"picked":"Fission+1","floor":6},{"not_picked":["Steam+1","Gash+1"],"picked":"Coolheaded+1","floor":6},{"not_picked":["Steam+1","Turbo+1"],"picked":"Heatsinks+1","floor":6},{"not_picked":["BasicCrystalCard+1","hubris:Prefetch+1"],"picked":"ReplayTheSpireMod:Calculation Training+1","floor":7},{"not_picked":["FTL+1","Lockon+1"],"picked":"Hello World+1","floor":9},{"not_picked":["Aggregate+1","Sunder+1","Hologram+1"],"picked":"SKIP","floor":10},{"not_picked":["Cold Snap+1","Turbo+1"],"picked":"BasicCrystalCard+1","floor":11},{"not_picked":["ReplaySolidLightProjector+1","Aggregate+1"],"picked":"Force Field+1","floor":12},{"not_picked":["Blizzard+1","Cold Snap+1"],"picked":"Creative AI+1","floor":14},{"not_picked":["hubris:DoWhile+1","Rainbow+1"],"picked":"Echo Form+1","floor":16},{"not_picked":["Barrage+1","Gash+1"],"picked":"Defragment+1","floor":18},{"not_picked":["Turbo+1","Mirror Shield+1"],"picked":"Defragment+1","floor":20},{"not_picked":["Rebound+1","Gash+1"],"picked":"Blizzard+1","floor":21},{"not_picked":["Streamline+1","Go for the Eyes+1","FTL+1"],"picked":"SKIP","floor":22},{"not_picked":["Doom and Gloom+1","Fission+1"],"picked":"Storm+1","floor":24},{"not_picked":["Go for the Eyes+1","Beam Cell+1"],"picked":"Coolheaded+1","floor":25},{"not_picked":["Rebound+1","Recycle+1"],"picked":"Capacitor+1","floor":26},{"not_picked":["Conserve Battery+1","Turbo+1"],"picked":"Loop+1","floor":29},{"not_picked":["ReplayTheSpireMod:Fabricate Wheel+1","Darkness+1"],"picked":"ReplayTheSpireMod:Calculation Training+1","floor":31},{"not_picked":["Amplify+1","ReplayRNGCard+1"],"picked":"Electrodynamics+1","floor":33},{"not_picked":["ReplayGash+1","Stack+1","Force Field+1"],"picked":"SKIP","floor":35},{"not_picked":["ReplayTheSpireMod:GoodbyeWorld+1","Panic Button+1"],"picked":"Coolheaded+1","floor":37},{"not_picked":["Cold Snap+1","Barrage+1","Sunder+1"],"picked":"SKIP","floor":39},{"not_picked":["Go for the Eyes+1","Stack+1","Rebound+1"],"picked":"SKIP","floor":40},{"not_picked":["conspire:SharedLibrary+1","All For One+1"],"picked":"ReplaySolidLightProjector+1","floor":42},{"not_picked":["Thunder Strike+1","Multi-Cast+1"],"picked":"Amplify+1","floor":43},{"not_picked":["BasicCrystalCard+1","Tempest+1","Cold Snap+1"],"picked":"SKIP","floor":45},{"not_picked":["Genetic Algorithm+1","Gash+1","Streamline+1"],"picked":"SKIP","floor":46},{"not_picked":["Sweeping Beam+1","Biased Cognition+1","ReplayTheSpireMod:Repulse+1"],"picked":"SKIP","floor":48},{"not_picked":["BasicCrystalCard+1","Consume+1","Chill+1"],"picked":"SKIP","floor":54}],"player_experience":878608,"relics_obtained":[{"floor":4,"key":"Bottled Flame"},{"floor":7,"key":"halation:BottledLove"},{"floor":7,"key":"Potion Belt"},{"floor":9,"key":"Regal Pillow"},{"floor":10,"key":"Letter Opener"},{"floor":10,"key":"halation:IllGainedPizza"},{"floor":12,"key":"infinitespire:Beetle Shell"},{"floor":26,"key":"Replay:Bottled Eggs"},{"floor":26,"key":"Anchor"},{"floor":31,"key":"infinitespire:WardingShard"},{"floor":31,"key":"Cables"},{"floor":42,"key":"Snack Pack"},{"floor":42,"key":"hubris:TinFlute"},{"floor":43,"key":"conspire:GiftBox"},{"floor":43,"key":"sneckomod:BlankCard"},{"floor":54,"key":"Ginger"},{"floor":54,"key":"infinitespire:Freezer"}],"event_choices":[{"damage_healed":0,"gold_gain":54,"player_choice":"Gained Gold","damage_taken":0,"max_hp_gain":0,"max_hp_loss":0,"event_name":"Golden Wing","floor":2,"gold_loss":0},{"damage_healed":0,"gold_gain":75,"player_choice":"Gold","damage_taken":11,"max_hp_gain":0,"max_hp_loss":0,"event_name":"betterThird:BetterGoop","floor":3,"gold_loss":0},{"damage_healed":0,"gold_gain":0,"player_choice":"Simplicity","damage_taken":0,"max_hp_gain":0,"max_hp_loss":6,"event_name":"betterThird:BetterWriting","floor":19,"gold_loss":0},{"damage_healed":0,"gold_gain":0,"player_choice":"0 cards matched","damage_taken":0,"max_hp_gain":0,"max_hp_loss":0,"event_name":"Match and Keep!","floor":28,"gold_loss":0,"cards_obtained":[]},{"damage_healed":0,"gold_gain":0,"player_choice":"Punched","damage_taken":3,"max_hp_gain":0,"max_hp_loss":0,"event_name":"Designer","floor":47,"gold_loss":0}],"is_beta":false,"boss_relics":[{"not_picked":["halation:Risk","hubris:TerracottaHorce","Honey Jar"]},{"not_picked":["hubris:RunicObelisk","beaked:MawFillet"],"picked":"Nuclear Battery"}],"items_purged_floors":[],"is_endless":false,"potions_floor_spawned":[1,4,7,16,18,22,24,29,35,39,42],"ascension_level":0}}