{"host":"dlqyscxstsnu98l1","time":1613282157,"event":{"mods":["AchievementEnabler","BaseMod","Colored Map","Colored Powertips","GifTheSpireLib","Highlight Path","Minty Spire (QoL Compilation)","Random Character Button","SacredBarkPlus","StSLib","everything is the same but u backflip on backflip"],"gold_per_floor":[116,41,41,57,57,57,57,71,71,106,106,106,121,139,139,265,265,284,304,330,354,354,354,369,369,369,294,294,310,310,310,310],"floor_reached":31,"language":"ENG","playtime":18284,"items_purged":["Writhe"],"score":307,"play_id":"69f35ceb-f42f-4b5d-9da3-a72c7cb6d014","local_time":"20210213235557","is_ascension_mode":true,"campfire_choices":[{"data":"Zap","floor":6,"key":"SMITH"},{"data":"Barrage","floor":11,"key":"SMITH"},{"floor":15,"key":"REST"},{"floor":23,"key":"REST"},{"floor":28,"key":"REST"},{"data":"Ghostly","floor":30,"key":"SMITH"}],"circlet_count":0,"master_deck":["Zap+1","Dualcast","Capacitor","Barrage+1","Conserve Battery","Conserve Battery","Coolheaded","Electrodynamics","Barrage","Reprogram","Auto Shields","Reinforced Body","Capacitor","Force Field","Cold Snap+1","Barrage","Undo+1","Steam","Ghostly+1","Ghostly","Ghostly","Ghostly","Ghostly","Redo+1"],"relics":["Cracked Core","StoneCalendar","Golden Idol","Du-Vu Doll","Pandora\u0027s Box","Juzu Bracelet","Meat on the Bone"],"acts_visited":["Exordium","TheCity"],"potions_floor_usage":[10,10,18,22,29,31],"damage_taken":[{"damage":0,"enemies":"Small Slimes","floor":1,"turns":3},{"damage":3,"enemies":"2 Louse","floor":4,"turns":3},{"damage":0,"enemies":"Cultist","floor":8,"turns":4},{"damage":25,"enemies":"3 Sentries","floor":10,"turns":5},{"damage":4,"enemies":"Red Slaver","floor":13,"turns":4},{"damage":16,"enemies":"Gremlin Gang","floor":14,"turns":4},{"damage":23,"enemies":"Hexaghost","floor":16,"turns":9},{"damage":5,"enemies":"Shell Parasite","floor":18,"turns":5},{"damage":7,"enemies":"Spheric Guardian","floor":19,"turns":4},{"damage":36,"enemies":"3 Cultists","floor":21,"turns":5},{"damage":0,"enemies":"Masked Bandits","floor":22,"turns":1},{"damage":24,"enemies":"Chosen and Byrds","floor":24,"turns":5},{"damage":15,"enemies":"Cultist and Chosen","floor":29,"turns":7},{"damage":29,"enemies":"Gremlin Leader","floor":31,"turns":5}],"seed_played":"-3496728035787575369","potions_obtained":[{"floor":4,"key":"FocusPotion"},{"floor":8,"key":"Explosive Potion"},{"floor":10,"key":"Energy Potion"},{"floor":14,"key":"SmokeBomb"},{"floor":18,"key":"Strength Potion"},{"floor":24,"key":"EssenceOfSteel"},{"floor":29,"key":"Fire Potion"}],"is_trial":false,"path_per_floor":["M","$","?","M","?","R","?","M","T","E","R","?","M","M","R","B",null,"M","M","T","M","?","R","M","?","T","?","R","M","R","E"],"character_chosen":"DEFECT","items_purchased":[],"campfire_rested":3,"item_purchase_floors":[],"current_hp_per_floor":[75,75,75,72,72,72,69,69,69,44,44,44,40,24,44,21,69,64,57,57,21,21,41,17,17,17,17,27,24,24,0,0],"gold":310,"neow_bonus":"ONE_RARE_RELIC","is_daily":false,"chose_seed":false,"campfire_upgraded":3,"win_rate":0.0,"timestamp":1613282157,"path_taken":["M","$","?","M","?","R","?","M","T","E","R","?","M","?","R","BOSS","M","M","?","M","?","R","M","?","T","?","R","M","R","E"],"items_purchased_type":[],"build_version":"2020-12-22","purchased_purges":1,"victory":false,"max_hp_per_floor":[75,75,75,75,75,75,69,69,69,69,69,69,69,69,69,69,69,69,69,69,69,69,69,69,34,34,34,34,34,34,34,34],"card_choices":[{"not_picked":["Recycle","Sweeping Beam","Beam Cell"],"picked":"SKIP","floor":1},{"not_picked":["Static Discharge","Gash"],"picked":"Capacitor","floor":4},{"not_picked":["Leap","Skim"],"picked":"Barrage","floor":8},{"not_picked":["Redo","Fission"],"picked":"Conserve Battery","floor":10},{"not_picked":["Aggregate","Redo"],"picked":"Conserve Battery","floor":13},{"not_picked":["Rebound","Redo"],"picked":"Coolheaded","floor":14},{"not_picked":["Seek","All For One"],"picked":"Electrodynamics","floor":16},{"not_picked":["Blizzard","Reinforced Body"],"picked":"Cold Snap+1","floor":18},{"not_picked":["Streamline+1","Gash"],"picked":"Barrage","floor":19},{"not_picked":["Go for the Eyes+1","Redo"],"picked":"Undo+1","floor":21},{"not_picked":["Static Discharge","Loop+1"],"picked":"Steam","floor":24},{"not_picked":["Scrape","Stack"],"picked":"Redo+1","floor":29}],"player_experience":184724,"relics_obtained":[{"floor":10,"key":"Du-Vu Doll"},{"floor":20,"key":"Juzu Bracelet"},{"floor":26,"key":"Meat on the Bone"}],"event_choices":[{"damage_healed":0,"gold_gain":0,"player_choice":"Ignored","damage_taken":0,"max_hp_gain":0,"max_hp_loss":0,"event_name":"Golden Wing","floor":3,"gold_loss":0},{"damage_healed":0,"gold_gain":0,"player_choice":"Leave","damage_taken":0,"max_hp_gain":0,"max_hp_loss":0,"event_name":"The Cleric","floor":5,"gold_loss":0},{"damage_healed":0,"gold_gain":0,"player_choice":"Lose Max HP","damage_taken":0,"relics_obtained":["Golden Idol"],"max_hp_gain":0,"max_hp_loss":6,"event_name":"Golden Idol","floor":7,"gold_loss":0},{"cards_removed":["Strike_B"],"damage_healed":0,"gold_gain":0,"player_choice":"Offered Basic","damage_taken":0,"max_hp_gain":0,"max_hp_loss":0,"event_name":"Bonfire Elementals","floor":12,"gold_loss":0},{"damage_healed":0,"gold_gain":0,"player_choice":"Fought Bandits","damage_taken":0,"max_hp_gain":0,"max_hp_loss":0,"event_name":"Masked Bandits","floor":22,"gold_loss":0},{"damage_healed":0,"gold_gain":0,"player_choice":"Became a Ghost","damage_taken":0,"max_hp_gain":0,"max_hp_loss":35,"event_name":"Ghosts","floor":25,"gold_loss":0,"cards_obtained":["Ghostly","Ghostly","Ghostly","Ghostly","Ghostly"]},{"cards_removed":["Lockon"],"damage_healed":0,"gold_gain":0,"player_choice":"Gave Gold","damage_taken":0,"max_hp_gain":0,"max_hp_loss":0,"event_name":"Beggar","floor":27,"gold_loss":75}],"is_beta":false,"boss_relics":[{"not_picked":["Busted Crown","Calling Bell"],"picked":"Pandora\u0027s Box"}],"items_purged_floors":[2],"is_endless":false,"potions_floor_spawned":[4,8,10,14,18,24,29],"killed_by":"Gremlin Leader","ascension_level":4}}