{"host":"y2nx07t75db4hs5p","time":1613315678,"event":{"mods":["Act Like it!","BaseMod","Gensokyo","KomeijiMod","Minty Spire (QoL Compilation)","StSLib"],"gold_per_floor":[170,188,188,113,130,130,156,156,180,194,10,26,38,0,0,102,102,122,135,147,247,264,290,290,307,332,332,332,332],"floor_reached":28,"language":"ZHS","playtime":1345,"items_purged":["Clumsy"],"score":317,"play_id":"04a6a07c-7435-489a-aab8-9abdf50d08fa","local_time":"20210214231438","is_ascension_mode":false,"campfire_choices":[{"data":"Absorbed","floor":6,"key":"SMITH"},{"floor":15,"key":"RECALL"},{"data":"StarOfDavid","floor":24,"key":"SMITH"},{"data":"NaturallyHealing","floor":27,"key":"SMITH"}],"circlet_count":0,"master_deck":["Strike_Remiria","Strike_Remiria","Strike_Remiria","Defend_Remirira","Defend_Remirira","Defend_Remirira","Absorbed+1","Scratch","DemonLordWalk","FateMeister","VampirishNight","BodyStrengthen","Gensokyo:RPG","Absorbed+1","DoubleEdge","BloodyMagicSquare","StarOfDavid+1","BloodySuit+1","NaturallyHealing+1","Paradox","DoubleEdge","Exsanguinate+1"],"relics":["ThirstyCrossSpe","Gensokyo:NagashiBinaDoll","Regal Pillow","Gensokyo:OccultBall","DollysMirror","Coffee Dripper","Ice Cream","StoneCalendar","Smiling Mask","Pen Nib"],"acts_visited":["Gensokyo:Gensokyo","Gensokyo:Gensokyoer"],"potions_floor_usage":[7,12,20,22,25],"damage_taken":[{"damage":0,"enemies":"Gensokyo:2_Kodama","floor":1,"turns":4},{"damage":0,"enemies":"Gensokyo:3_Fairies","floor":2,"turns":4},{"damage":5,"enemies":"Gensokyo:Python","floor":5,"turns":4},{"damage":0,"enemies":"Gensokyo:Mamizou","floor":7,"turns":6},{"damage":7,"enemies":"Gensokyo:VengefulSpirit","floor":10,"turns":5},{"damage":1,"enemies":"Gensokyo:3_Kodama","floor":12,"turns":4},{"damage":0,"enemies":"Gensokyo:LivingMonolith","floor":13,"turns":3},{"damage":36,"enemies":"Gensokyo:Kokoro","floor":16,"turns":8},{"damage":7,"enemies":"Gensokyo:Chomper","floor":18,"turns":6},{"damage":10,"enemies":"Gensokyo:AngelMirror","floor":19,"turns":6},{"damage":36,"enemies":"Gensokyo:Slime_Group","floor":20,"turns":5},{"damage":9,"enemies":"Gensokyo:Slime_Group","floor":21,"turns":9},{"damage":8,"enemies":"Gensokyo:Wraith","floor":22,"turns":6},{"damage":31,"enemies":"Gensokyo:Reisen","floor":23,"turns":5},{"damage":13,"enemies":"Gensokyo:3_Gloops","floor":25,"turns":4},{"damage":30,"enemies":"Gensokyo:Tenshi","floor":28,"turns":3}],"seed_played":"-6549309590601919132","potions_obtained":[{"floor":1,"key":"CalmPotion"},{"floor":2,"key":"ColorlessPotion"},{"floor":10,"key":"Fire Potion"},{"floor":19,"key":"Swift Potion"},{"floor":20,"key":"Weak Potion"},{"floor":22,"key":"Fire Potion"},{"floor":23,"key":"BlessingOfTheForge"}],"is_trial":false,"path_per_floor":["M","M","?","$","M","R","E","?","T","M","COS","M","M","?","R","B",null,"M","M","M","?","M","E","R","M","T","R","E"],"character_chosen":"RemiriaScarlet","items_purchased":[],"campfire_rested":0,"item_purchase_floors":[],"current_hp_per_floor":[70,70,70,70,65,65,65,65,65,58,58,57,63,82,82,50,100,93,83,50,51,43,24,24,24,24,24,0,0],"gold":332,"neow_bonus":"TRANSFORM_TWO_CARDS","is_daily":false,"chose_seed":false,"campfire_upgraded":3,"win_rate":0.0,"timestamp":1613315678,"path_taken":["M","M","?","?","M","R","E","?","T","M","COS","M","M","?","R","BOSS","M","M","M","?","M","E","R","M","T","R","E"],"items_purchased_type":[],"build_version":"2020-12-22","purchased_purges":1,"victory":false,"max_hp_per_floor":[100,100,100,100,100,100,100,100,100,100,100,100,100,100,100,100,100,100,100,100,100,100,100,100,100,100,100,100,100],"card_choices":[{"not_picked":["TricksterDevil","StigmaNizer"],"picked":"FateMeister","floor":1},{"not_picked":["TrickFate","PartStrengthen"],"picked":"VampirishNight","floor":2},{"not_picked":["FateCollect","TricksterDevil"],"picked":"BodyStrengthen","floor":5},{"not_picked":["RocketKickup","NightDance","PartStrengthen"],"picked":"SKIP","floor":7},{"not_picked":["PainBurst","FastHealing","ServantFlier"],"picked":"SKIP","floor":10},{"not_picked":["BathedInBlood","RocketKickup"],"picked":"DoubleEdge","floor":12},{"not_picked":["CruelSlaughter","ServantFlier"],"picked":"BloodyMagicSquare","floor":13},{"not_picked":["MiserableFate_Remiria","AllTheWorldInNightmare"],"picked":"StarOfDavid","floor":16},{"not_picked":["StigmaNizer","FateMeister"],"picked":"BloodySuit+1","floor":18},{"not_picked":["DamonLordCradle_Remiria","YoungDemonLord","CombatMeter"],"picked":"SKIP","floor":19},{"not_picked":["FastHealing","Feint+1"],"picked":"NaturallyHealing","floor":20},{"not_picked":["DamonLordCradle_Remiria","BodyStrengthen"],"picked":"Paradox","floor":21},{"not_picked":["Tearing+1","LifeBreak"],"picked":"DoubleEdge","floor":22},{"not_picked":["ServantFlier+1","BloodCollect"],"picked":"Exsanguinate+1","floor":23},{"not_picked":["PartStrengthen","DamonLordCradle_Remiria","DoubleEdge"],"picked":"SKIP","floor":25}],"player_experience":334161,"relics_obtained":[{"floor":7,"key":"Regal Pillow"},{"floor":12,"key":"Gensokyo:OccultBall"},{"floor":16,"key":"Gensokyo:OccultBall"},{"floor":21,"key":"Ice Cream"},{"floor":21,"key":"StoneCalendar"},{"floor":21,"key":"Gensokyo:OccultBall"},{"floor":23,"key":"Smiling Mask"},{"floor":26,"key":"Pen Nib"}],"event_choices":[],"is_beta":false,"boss_relics":[{"not_picked":["Runic Pyramid","Busted Crown"],"picked":"Coffee Dripper"}],"items_purged_floors":[4],"is_endless":false,"potions_floor_spawned":[1,2,10,19,20,22,23],"killed_by":"Gensokyo:Tenshi","ascension_level":0}}