{"host":"w5wm7ibv4mob2r08","time":1613293349,"event":{"mods":["AchievementEnabler","BaseMod","Hermit","Minty Spire (QoL Compilation)","Quick Restart","StSLib","SuperFastMode"],"gold_per_floor":[116,116,116,130,7,41,41,41,68,85,99,133,143,243,243,338,338,353,353,353,278,29,29,40,40,63,63,63,63,63,92,92,191,191,210,210,210,224,124,124,149,149,217,227,239,239,239,115,115,115],"floor_reached":51,"language":"KOR","playtime":1711,"items_purged":["hermit:Defend_Hermit","hermit:Strike_Hermit+1"],"score":1058,"play_id":"a0a5bc44-7169-4e4e-ac9c-b504738028fa","local_time":"20210214180229","is_ascension_mode":true,"campfire_choices":[{"data":"hermit:Covet","floor":7.0,"key":"SMITH"},{"data":"hermit:FromBeyond","floor":15.0,"key":"SMITH"},{"data":"hermit:BlackWind","floor":23.0,"key":"SMITH"},{"data":"hermit:Manifest","floor":25.0,"key":"SMITH"},{"data":"hermit:HeroicBravado","floor":27.0,"key":"SMITH"},{"data":"hermit:WideOpen","floor":29.0,"key":"SMITH"},{"data":"hermit:Quickdraw","floor":32.0,"key":"SMITH"},{"floor":40.0,"key":"REST"},{"floor":42.0,"key":"REST"},{"data":"Deep Breath","floor":46,"key":"SMITH"},{"data":"hermit:Enervate","floor":49,"key":"SMITH"}],"circlet_count":0,"master_deck":["AscendersBane","hermit:Strike_Hermit+1","hermit:Defend_Hermit+1","hermit:Defend_Hermit+1","hermit:Defend_Hermit+1","hermit:Snapshot","hermit:Covet+1","hermit:Enervate+1","hermit:Virtue","hermit:FromBeyond+1","hermit:HeroicBravado+1","hermit:WideOpen+1","hermit:BlackWind+1","hermit:Brawl+1","hermit:Manifest+1","Purity","hermit:Quickdraw+1","Pain","RitualDagger","Madness","Madness","Dark Shackles","Deep Breath+1","hermit:ShadowCloak+1","Parasite","hermit:Combo+1"],"relics":["hermit:Momento","NeowsBlessing","Anchor","Eternal Feather","Pen Nib","Bag of Preparation","Cursed Key","Orrery","Boot","Bottled Lightning","Sozu","Meat on the Bone","hermit:Horseshoe","Toy Ornithopter"],"acts_visited":["Exordium","TheCity","TheBeyond"],"potions_floor_usage":[],"damage_taken":[{"damage":0.0,"enemies":"Small Slimes","floor":1.0,"turns":1.0},{"damage":0.0,"enemies":"Jaw Worm","floor":4.0,"turns":1.0},{"damage":0.0,"enemies":"Gremlin Nob","floor":6.0,"turns":1.0},{"damage":0.0,"enemies":"2 Louse","floor":10.0,"turns":2.0},{"damage":13.0,"enemies":"Exordium Thugs","floor":11.0,"turns":5.0},{"damage":15.0,"enemies":"Lagavulin","floor":12.0,"turns":6.0},{"damage":2.0,"enemies":"3 Louse","floor":13.0,"turns":3.0},{"damage":39.0,"enemies":"Hexaghost","floor":16.0,"turns":9.0},{"damage":21.0,"enemies":"Shell Parasite","floor":18.0,"turns":7.0},{"damage":0.0,"enemies":"2 Thieves","floor":24.0,"turns":2.0},{"damage":2.0,"enemies":"Gremlin Leader","floor":31.0,"turns":6.0},{"damage":42.0,"enemies":"Automaton","floor":33.0,"turns":8.0},{"damage":10.0,"enemies":"Orb Walker","floor":35.0,"turns":4.0},{"damage":22.0,"enemies":"3 Darklings","floor":38.0,"turns":6.0},{"damage":14.0,"enemies":"Nemesis","floor":41.0,"turns":9.0},{"damage":23.0,"enemies":"Spire Growth","floor":44.0,"turns":6.0},{"damage":28.0,"enemies":"Transient","floor":45.0,"turns":5.0},{"damage":96,"enemies":"Donu and Deca","floor":50,"turns":11}],"seed_played":"-2567997035893622684","potions_obtained":[{"floor":4.0,"key":"LiquidMemories"},{"floor":11.0,"key":"hermit:BlackBile"},{"floor":16.0,"key":"Dexterity Potion"},{"floor":18.0,"key":"ColorlessPotion"},{"floor":33.0,"key":"FairyPotion"}],"is_trial":false,"path_per_floor":["M","?","?","M","$","E","R","$","T","M","M","E","M","?","R","B",null,"M","?","?","?","$","R","M","R","T","R","?","R","$","E","R","B",null,"M","?","?","M","$","R","E","R","T","M","M","R","?","?","R","B",null],"character_chosen":"HERMIT","items_purchased":["Fire Potion","Orrery","Purity"],"campfire_rested":2,"item_purchase_floors":[5,22,22],"current_hp_per_floor":[68,65,58,58,58,58,64,64,64,64,51,36,34,34,40,1,57,36,36,22,22,22,31,31,40,40,49,43,55,55,53,65,23,66,56,46,36,14,14,50,36,72,72,49,33,48,48,48,63,16],"gold":115,"neow_bonus":"THREE_ENEMY_KILL","is_daily":false,"chose_seed":false,"campfire_upgraded":9,"win_rate":0.0,"timestamp":1613293349,"path_taken":["M","?","?","M","$","E","R","?","T","M","M","E","M","?","R","BOSS","M","?","?","?","?","R","?","R","T","R","?","R","$","E","R","BOSS","M","?","?","M","$","R","E","R","T","M","M","R","?","?","R","BOSS"],"items_purchased_type":["Potion","Relic","Card"],"build_version":"2020-12-22","purchased_purges":2,"victory":true,"max_hp_per_floor":[75,75,75,75,75,75,75,75,75,75,75,75,75,75,75,75,75,75,75,80,80,80,80,80,80,80,80,80,80,80,80,80,80,80,80,80,80,80,80,80,80,80,80,80,80,80,80,80,80,80],"card_choices":[{"not_picked":["hermit:Misfire","hermit:Vantage"],"picked":"hermit:Enervate","floor":1.0},{"not_picked":["hermit:BodyArmor","hermit:Dive","hermit:TakeAim"],"picked":"SKIP","floor":4.0},{"not_picked":["hermit:HighNoon","hermit:CursedWeapon","hermit:CalledShot"],"picked":"SKIP","floor":6.0},{"not_picked":["hermit:Dive","hermit:CalledShot","hermit:Quickdraw"],"picked":"SKIP","floor":10.0},{"not_picked":["hermit:CalledShot","hermit:Shortfuse","hermit:PistolWhip"],"picked":"SKIP","floor":11.0},{"not_picked":["hermit:ShadowCloak","hermit:Desperado"],"picked":"hermit:Virtue","floor":12.0},{"not_picked":["hermit:Shortfuse","hermit:ItchyTrigger"],"picked":"hermit:FromBeyond","floor":13.0},{"not_picked":["hermit:OverwhelmingPower","hermit:HighNoon"],"picked":"hermit:HeroicBravado","floor":16.0},{"not_picked":["hermit:Desperado","hermit:CalledShot"],"picked":"hermit:WideOpen","floor":18.0},{"not_picked":["hermit:Desperado","hermit:TrackingShot"],"picked":"hermit:BlackWind","floor":22.0},{"not_picked":["hermit:LowProfile","hermit:SprayPray"],"picked":"hermit:Brawl+1","floor":22.0},{"not_picked":["hermit:Misfire","hermit:Brawl"],"picked":"hermit:Manifest","floor":22.0},{"not_picked":["hermit:DeadMansHand","hermit:Misfire+1"],"picked":"hermit:Quickdraw","floor":24.0},{"not_picked":["hermit:HoleUp","hermit:SprayPray","hermit:HighCaliber"],"picked":"SKIP","floor":31.0},{"not_picked":["hermit:Roulette","hermit:Cheat+1","hermit:Enervate"],"picked":"SKIP","floor":35.0},{"not_picked":["Transmutation","PanicButton"],"picked":"Dark Shackles","floor":37.0},{"not_picked":["Chrysalis","Discovery"],"picked":"Deep Breath","floor":37.0},{"not_picked":["hermit:Snipe+1","hermit:LoneWolf","hermit:Roulette"],"picked":"SKIP","floor":38.0},{"not_picked":["hermit:Misfire","hermit:TrackingShot+1"],"picked":"hermit:ShadowCloak+1","floor":41.0},{"not_picked":["hermit:Manifest+1","hermit:Virtue+1"],"picked":"hermit:Combo+1","floor":44.0},{"not_picked":["hermit:BodyArmor+1","hermit:Shortfuse+1","hermit:Manifest"],"picked":"SKIP","floor":45}],"player_experience":581975,"relics_obtained":[{"floor":6.0,"key":"Eternal Feather"},{"floor":9.0,"key":"Pen Nib"},{"floor":12.0,"key":"Bag of Preparation"},{"floor":26.0,"key":"Boot"},{"floor":31.0,"key":"Bottled Lightning"},{"floor":41.0,"key":"Meat on the Bone"},{"floor":43.0,"key":"hermit:Horseshoe"}],"event_choices":[{"damage_healed":0.0,"max_hp_gain":0.0,"max_hp_loss":0.0,"gold_gain":0.0,"event_name":"Scrap Ooze","player_choice":"Success","floor":2.0,"gold_loss":0.0,"damage_taken":3.0,"relics_obtained":["Anchor"]},{"cards_removed":["hermit:Strike_Hermit"],"damage_healed":0.0,"max_hp_gain":0.0,"max_hp_loss":0.0,"gold_gain":0.0,"event_name":"Golden Wing","player_choice":"Card Removal","floor":3.0,"gold_loss":0.0,"damage_taken":7.0},{"damage_healed":0.0,"max_hp_gain":0.0,"max_hp_loss":0.0,"gold_gain":100.0,"event_name":"Wheel of Change","player_choice":"Gold","floor":14.0,"gold_loss":0.0,"damage_taken":0.0},{"damage_healed":0.0,"max_hp_gain":0.0,"max_hp_loss":0.0,"gold_gain":0.0,"event_name":"Back to Basics","player_choice":"Simplicity","floor":19.0,"gold_loss":0.0,"damage_taken":0.0,"cards_upgraded":["hermit:Strike_Hermit","hermit:Strike_Hermit","hermit:Strike_Hermit","hermit:Defend_Hermit","hermit:Defend_Hermit","hermit:Defend_Hermit"]},{"damage_healed":0.0,"max_hp_gain":5.0,"max_hp_loss":0.0,"gold_gain":0.0,"event_name":"Forgotten Altar","player_choice":"Shed Blood","floor":20.0,"gold_loss":0.0,"damage_taken":19.0},{"cards_removed":["hermit:Strike_Hermit"],"damage_healed":0.0,"max_hp_gain":0.0,"max_hp_loss":0.0,"gold_gain":0.0,"event_name":"Beggar","player_choice":"Gave Gold","floor":21.0,"gold_loss":75.0,"damage_taken":0.0},{"damage_healed":0.0,"max_hp_gain":0.0,"max_hp_loss":0.0,"gold_gain":0.0,"event_name":"Nest","player_choice":"Joined the Cult","floor":28.0,"gold_loss":0.0,"damage_taken":6.0,"cards_obtained":["RitualDagger"]},{"damage_healed":0.0,"max_hp_gain":0.0,"max_hp_loss":0.0,"gold_gain":0.0,"event_name":"Winding Halls","player_choice":"Embrace Madness","floor":36.0,"gold_loss":0.0,"damage_taken":10.0,"cards_obtained":["Madness","Madness"]},{"damage_healed":0.0,"max_hp_gain":0.0,"max_hp_loss":0.0,"gold_gain":0.0,"event_name":"SensoryStone","player_choice":"Memory 3","floor":37.0,"gold_loss":0.0,"damage_taken":10.0},{"damage_healed":0,"gold_gain":0,"player_choice":"Ignored","damage_taken":0,"max_hp_gain":0,"max_hp_loss":0,"event_name":"Mysterious Sphere","floor":47,"gold_loss":0},{"damage_healed":0,"gold_gain":0,"player_choice":"Paid Gold","damage_taken":0,"relics_obtained":["Toy Ornithopter"],"max_hp_gain":0,"max_hp_loss":0,"event_name":"WeMeetAgain","floor":48,"gold_loss":124}],"is_beta":false,"boss_relics":[{"not_picked":["hermit:DentedPlate","Busted Crown"],"picked":"Cursed Key"},{"not_picked":["Tiny House","Black Star"],"picked":"Sozu"}],"items_purged_floors":[5,39],"is_endless":false,"potions_floor_spawned":[4,11,16,18,33,44,45],"ascension_level":10}}