{"host":"4b06nrmhsmzqjm1r","time":1613321612,"event":{"mods":["2.2 Compatiblity","AchievementEnabler","BaseMod","BetterRewards","Colored Map","Colored Powertips","Downfall","Hermit","Highlight Path","Minty Spire (QoL Compilation)","StSLib","The Cursed"],"gold_per_floor":[99,116,116,116,116,130,201,221,246,52,52,66,87,98,116,213,213,213,16,116,130,115,15,15,79,2,52,63,76,76,136,147,245,245,245,61,111,216,46,46,46,46,66,100,111,161,61,130,149,149],"floor_reached":51,"language":"ENG","playtime":5226,"items_purged":["bronze:Strike","bronze:Strike"],"score":727,"play_id":"90cb17e4-15d7-43f9-bf40-70592a45951d","local_time":"20210214175332","is_ascension_mode":false,"campfire_choices":[{"data":"bronze:Goto","floor":1.0,"key":"SMITH"},{"data":"bronze:Verify","floor":11.0,"key":"SMITH"},{"floor":18.0,"key":"RECALL"},{"data":"bronze:AlphaBuild","floor":23.0,"key":"SMITH"},{"floor":30.0,"key":"REST"},{"data":"bronze:Assembly","floor":35.0,"key":"SMITH"},{"data":"bronze:GetLatest","floor":40.0,"key":"SMITH"},{"data":"bronze:Optimize","floor":42.0,"key":"SMITH"},{"data":"bronze:BuggyMess","floor":47.0,"key":"SMITH"}],"circlet_count":0,"master_deck":["bronze:Replicate","bronze:Goto+1","bronze:WhirlingStrike+1","bronze:Shell","bronze:Optimize+1","bronze:WhirlingStrike","bronze:Verify+1","bronze:Deprecate","bronze:Frontload","bronze:CutThrough","bronze:Fortify","bronze:OilSpill","bronze:OilSpill","bronze:Return","bronze:AlphaBuild+1","bronze:FineTuning+1","bronze:CutThrough","bronze:ForceShield","bronze:OilSpill","bronze:Iterate","bronze:Turbo","bronze:ItsAFeature","bronze:FineTuning","bronze:Assembly+1","bronze:BugBarrage","bronze:Optimize","bronze:BuggyMess+1","bronze:Repulsor","bronze:Turbo","bronze:Break","bronze:Turbo","bronze:Overheat","bronze:Invalidate","bronze:Backtrace","bronze:GetLatest+1","bronze:Iterate+1","bronze:WildBeam","bronze:BuggyMess","bronze:BronzeArmor"],"relics":["bronze:BronzeCore","Pear","Mercury Hourglass","Odd Mushroom","bronze:MakeshiftBattery","downfall:CloakOfManyFaces","CultistMask","FaceOfCleric","GremlinMask","SsserpentHead","downfall:HeartBlessingRed","OrangePellets","Regal Pillow","Nloth\u0027s Gift","Pandora\u0027s Box","Membership Card","Dead Branch","TungstenRod","Singing Bowl","Lizard Tail","downfall:HeartBlessingGreen"],"acts_visited":["Exordium","TheCity","TheBeyond"],"potions_floor_usage":[50,50,50],"damage_taken":[{"damage":0.0,"enemies":"Cultist","floor":2.0,"turns":4.0},{"damage":0.0,"enemies":"2 Louse","floor":6.0,"turns":2.0},{"damage":0.0,"enemies":"Small Slimes","floor":8.0,"turns":2.0},{"damage":24.0,"enemies":"3 Sentries","floor":9.0,"turns":6.0},{"damage":10.0,"enemies":"downfall:FleeingMerchant","floor":10.0,"turns":4.0},{"damage":10.0,"enemies":"Exordium Thugs","floor":12.0,"turns":3.0},{"damage":10.0,"enemies":"The Mushroom Lair","floor":13.0,"turns":2.0},{"damage":0.0,"enemies":"Gremlin Gang","floor":14.0,"turns":2.0},{"damage":0.0,"enemies":"Lots of Slimes","floor":15.0,"turns":1.0},{"damage":2.0,"enemies":"DF_ARCHETYPE_STREAMLINE","floor":16.0,"turns":11.0},{"damage":15.0,"enemies":"downfall:FleeingMerchant","floor":19.0,"turns":4.0},{"damage":18.0,"enemies":"downfall:FaceTrader","floor":20.0,"turns":6.0},{"damage":19.0,"enemies":"3 Byrds","floor":21.0,"turns":3.0},{"damage":20.0,"enemies":"downfall:FleeingMerchant","floor":22.0,"turns":4.0},{"damage":9.0,"enemies":"Shell Parasite","floor":25.0,"turns":3.0},{"damage":0.0,"enemies":"downfall:FleeingMerchant","floor":26.0,"turns":2.0},{"damage":3.0,"enemies":"Shelled Parasite and Fungi","floor":28.0,"turns":6.0},{"damage":7.0,"enemies":"3 Cultists","floor":29.0,"turns":3.0},{"damage":10.0,"enemies":"Centurion and Healer","floor":31.0,"turns":5.0},{"damage":22.0,"enemies":"Chosen and Byrds","floor":32.0,"turns":5.0},{"damage":5.0,"enemies":"WA_ARCHETYPE_CALM","floor":33.0,"turns":8.0},{"damage":0.0,"enemies":"Orin","floor":37.0,"turns":5.0},{"damage":43.0,"enemies":"2 Orb Walkers","floor":38.0,"turns":3.0},{"damage":20.0,"enemies":"3 Shapes","floor":43.0,"turns":2.0},{"damage":28.0,"enemies":"Reptomancer","floor":44.0,"turns":4.0},{"damage":14.0,"enemies":"3 Darklings","floor":45.0,"turns":3.0},{"damage":15.0,"enemies":"Spire Growth","floor":48.0,"turns":3.0},{"damage":12.0,"enemies":"Sphere and 2 Shapes","floor":49.0,"turns":3.0},{"damage":39,"enemies":"IC_BLOCK_ARCHETYPE","floor":50,"turns":7}],"seed_played":"2478993997448474416","potions_obtained":[{"floor":2.0,"key":"Explosive Potion"},{"floor":8.0,"key":"Energy Potion"},{"floor":12.0,"key":"Block Potion"},{"floor":15.0,"key":"FearPotion"},{"floor":20.0,"key":"Ancient Potion"},{"floor":28.0,"key":"SmokeBomb"},{"floor":29.0,"key":"Fire Potion"},{"floor":38.0,"key":"SpeedPotion"},{"floor":43.0,"key":"Energy Potion"},{"floor":49.0,"key":"CultistPotion"}],"is_trial":false,"path_per_floor":["R","M","?","?","?","M","T","M","E","$","R","M","?","M","M","B",null,"R","$","?","M","$","R","T","M","$","?","M","M","R","M","M","B",null,"R","$","?","?","$","R","T","R","M","E","M","?","R","M","M","B",null],"character_chosen":"THE_AUTOMATON","items_purchased":["bronze:Frontload","bronze:CutThrough","bronze:CutThrough","bronze:ForceShield","bronze:Assembly","OrangePellets","Regal Pillow","bronze:BugBarrage","SteroidPotion","Membership Card","bronze:GetLatest","TungstenRod","bronze:WildBeam"],"campfire_rested":1,"item_purchase_floors":[10,10,19,19,26,26,26,26,26,36,36,39,39],"current_hp_per_floor":[77,77,77,77,77,77,87,87,63,53,53,43,33,33,33,31,87,87,72,54,36,17,17,17,9,10,10,8,2,44,35,14,10,96,96,96,97,55,55,55,55,55,38,13,53,105,105,91,82,44],"gold":149,"neow_bonus":"TEN_PERCENT_HP_BONUS","is_daily":false,"chose_seed":false,"campfire_upgraded":7,"win_rate":0.0,"timestamp":1613321612,"path_taken":["R","M","?","?","?","M","T","M","E","$","R","M","?","?","M","BOSS","R","$","?","M","$","R","T","?","?","?","M","M","R","?","M","BOSS","R","$","?","?","$","R","T","R","M","E","M","?","R","?","M","BOSS"],"items_purchased_type":["Card","Card","Card","Card","Card","Relic","Relic","Card","Potion","Relic","Card","Relic","Card"],"build_version":"2020-12-22","purchased_purges":2,"victory":true,"max_hp_per_floor":[77,77,77,77,77,77,87,87,87,87,87,87,87,87,87,87,87,87,87,87,88,89,89,89,90,91,91,92,93,93,94,95,96,96,96,96,97,98,98,98,98,98,101,104,105,105,105,106,109,110],"card_choices":[{"not_picked":["bronze:BitShift","bronze:Backtrace"],"picked":"bronze:WhirlingStrike","floor":2.0},{"not_picked":["bronze:Philosophize","bronze:Turbo"],"picked":"bronze:Optimize","floor":6.0},{"not_picked":["bronze:Overload","bronze:WildBeam"],"picked":"bronze:WhirlingStrike","floor":8.0},{"not_picked":["bronze:Flail","bronze:BugBarrage"],"picked":"bronze:Verify","floor":9.0},{"not_picked":["bronze:Optimize","bronze:Invalidate"],"picked":"bronze:Deprecate","floor":10.0},{"not_picked":["bronze:GetLatest","bronze:ItsAFeature"],"picked":"bronze:Fortify","floor":12.0},{"not_picked":["bronze:BugBarrage","bronze:DarkDash"],"picked":"bronze:OilSpill","floor":13.0},{"not_picked":["bronze:WhirlingStrike","bronze:Invalidate"],"picked":"bronze:OilSpill","floor":14.0},{"not_picked":["bronze:ShipIt","bronze:DelayedSlice"],"picked":"bronze:Return","floor":15.0},{"not_picked":["bronze:CleanCode","bronze:ThunderWave"],"picked":"bronze:AlphaBuild","floor":16.0},{"not_picked":["bronze:Deprecate","bronze:OilSpill+1"],"picked":"bronze:FineTuning+1","floor":19.0},{"not_picked":["bronze:WhirlingStrike","bronze:MaxOutput"],"picked":"bronze:OilSpill","floor":20.0},{"not_picked":["bronze:BitShift","bronze:Invalidate"],"picked":"bronze:Iterate","floor":21.0},{"not_picked":["bronze:BitShift+1","bronze:OilSpill"],"picked":"bronze:Turbo","floor":22.0},{"not_picked":["bronze:CloningBeam","bronze:Invalidate+1"],"picked":"bronze:ItsAFeature","floor":25.0},{"not_picked":["bronze:OilSpill","bronze:Shield"],"picked":"bronze:FineTuning","floor":26.0},{"not_picked":["bronze:DelayedGuard","bronze:Backtrace"],"picked":"bronze:Optimize","floor":28.0},{"not_picked":["bronze:WildBeam","bronze:CloningBeam"],"picked":"bronze:BuggyMess","floor":29.0},{"not_picked":["bronze:BitShift","bronze:ChosenStrike+1"],"picked":"bronze:Repulsor","floor":31.0},{"not_picked":["bronze:DelayedGuard+1","bronze:OilSpill"],"picked":"bronze:Turbo","floor":32.0},{"not_picked":["bronze:AlphaBuild","bronze:FindAndReplace"],"picked":"bronze:Break","floor":33.0},{"not_picked":["bronze:FineTuning","bronze:DelayedGuard+1"],"picked":"bronze:Iterate+1","floor":38.0},{"not_picked":["bronze:WhirlingStrike","bronze:Shield","bronze:CutThrough+1"],"picked":"Singing Bowl","floor":43.0},{"not_picked":["bronze:ThunderWave","bronze:Mutator","bronze:Verify"],"picked":"Singing Bowl","floor":44.0},{"not_picked":["bronze:FollowUp+1","bronze:DarkDash"],"picked":"bronze:BuggyMess","floor":45.0},{"not_picked":["bronze:Overheat+1","bronze:Invalidate+1"],"picked":"bronze:BronzeArmor","floor":48.0},{"not_picked":["bronze:Overheat","bronze:FollowUp+1","bronze:DarkDash+1"],"picked":"Singing Bowl","floor":49.0}],"player_experience":245153,"relics_obtained":[{"floor":7.0,"key":"Pear"},{"floor":9.0,"key":"Mercury Hourglass"},{"floor":13.0,"key":"Odd Mushroom"},{"floor":20.0,"key":"downfall:CloakOfManyFaces"},{"floor":38.0,"key":"Dead Branch"},{"floor":41.0,"key":"Singing Bowl"},{"floor":44.0,"key":"Lizard Tail"}],"event_choices":[{"damage_healed":0.0,"max_hp_gain":0.0,"max_hp_loss":0.0,"gold_gain":0.0,"event_name":"Mushrooms","player_choice":"Fought Mushrooms","floor":13.0,"gold_loss":0.0,"damage_taken":0.0},{"damage_healed":0.0,"max_hp_gain":0.0,"max_hp_loss":0.0,"gold_gain":0.0,"event_name":"OrinTheCat","player_choice":"Fight","floor":37.0,"gold_loss":0.0,"damage_taken":0.0},{"damage_healed":0.0,"max_hp_gain":0.0,"max_hp_loss":0.0,"gold_gain":0.0,"event_name":"Mysterious Sphere","player_choice":"Fight","floor":38.0,"gold_loss":0.0,"damage_taken":0.0},{"cards_removed":["bronze:ChosenStrike"],"damage_healed":52.0,"max_hp_gain":0.0,"max_hp_loss":0.0,"gold_gain":0.0,"event_name":"Bonfire Elementals","player_choice":"Offered Uncommon","floor":46.0,"gold_loss":0.0,"damage_taken":0.0}],"is_beta":false,"boss_relics":[{"not_picked":["Sozu","Tiny House"],"picked":"bronze:MakeshiftBattery"},{"not_picked":["Calling Bell","Black Star"],"picked":"Pandora\u0027s Box"}],"items_purged_floors":[10,19],"is_endless":false,"potions_floor_spawned":[2,8,12,15,20,28,29,37,38,43,49],"ascension_level":0}}