{"host":"q57ekfojy3i00x9o","time":1613316210,"event":{"mods":["Act Like it!","Arknights","Aspiration","BaseMod","Colored Map","Energized Spire","Hermit","Minty Spire (QoL Compilation)","Quick Restart","Spicy Shops","Spikes Relics","StSLib","slay the spire mod where everything is the same but ironclad has a cowboy hat"],"gold_per_floor":[119,27,45,56,25,55,55,68,138,138,138,157,188,198,198,293,243,263,280,36,50,50,50,75,75,143,159,169,26,26,26,26,131,131,150,32,32,50,65,65,83,83,83,83,110,110,122,140,140,140],"floor_reached":51,"language":"RUS","playtime":1523,"items_purged":["ats:Strike C","Doubt"],"score":1064,"play_id":"38ecc215-c945-4aaf-9844-531e7d505934","local_time":"20210214202330","is_ascension_mode":true,"campfire_choices":[{"floor":10,"key":"REST"},{"data":"ats:Flexible Camouflage","floor":15,"key":"SMITH"},{"floor":23,"key":"REST"},{"floor":30,"key":"REST"},{"data":"ats:Ambush","floor":32,"key":"SMITH"},{"floor":44,"key":"RECALL"},{"floor":46,"key":"REST"},{"floor":49,"key":"REST"}],"circlet_count":0,"master_deck":["AscendersBane","ats:Strike G","ats:Strike S","ats:Armor Crushing Shot","ats:Defend","ats:Defend","ats:Defend","ats:Defend","ats:Emotion Absorption","ats:Curse Doll","ats:Sashimi Platter","ats:Flexible Camouflage+1","ats:Closed Bolt Burst Fire","ats:Blood Oath","ats:Sashimi Platter","ats:Red Shift","ats:Sashimi Platter","ats:Magnetic Hammer","ats:Consecutive Shot Auto","ats:Nebulous Foxfire","ats:Strike C","ats:Sunburst","ats:Charging Defense+1","ats:Part Time Job","ats:Calcification","ats:Explosion Area Strengthen","ats:Powerful Strike","ats:Leaping Hammer+1","ats:Curse Doll","ats:Red Shift","ats:Apocalypse","ats:Ambush+1","ats:Mental Burst","ats:Very Hot Blade+1","ats:Leaping Hammer+1","ats:Healing Strengthening+1","ats:Consecutive Shot Auto+1","ats:Phantom+1","ats:Overload","ats:Counter Healing Mode+1","Parasite","ats:Powerful Strike+1","ats:Consecutive Shot Auto"],"relics":["ats:Sanity","StoneCalendar","ats:Originium","aspiration:ArtOfWarUpgrade","Smiling Mask","Meat on the Bone","Boot","energizedSpire:HugeHouse","Orrery","SnailShell","Frozen Egg 2","Membership Card","Bird Faced Urn","Fusion Hammer","ClockworkSouvenir","aspiration:HummingbirdHeart","Bottled Tornado"],"acts_visited":["Exordium","TheCity","TheBeyond"],"potions_floor_usage":[13,16,27,33,33,38,39,45,48],"damage_taken":[{"damage":9,"enemies":"2 Louse","floor":1,"turns":3},{"damage":15,"enemies":"ats:Genji","floor":3,"turns":4},{"damage":1,"enemies":"Cultist","floor":4,"turns":3},{"damage":49,"enemies":"Gremlin Nob","floor":6,"turns":5},{"damage":12,"enemies":"Looter","floor":8,"turns":4},{"damage":18,"enemies":"Exordium Thugs","floor":12,"turns":6},{"damage":39,"enemies":"Lagavulin","floor":13,"turns":7},{"damage":17,"enemies":"Red Slaver","floor":14,"turns":5},{"damage":61,"enemies":"The Guardian","floor":16,"turns":10},{"damage":30,"enemies":"Spheric Guardian","floor":18,"turns":4},{"damage":7,"enemies":"Chosen","floor":19,"turns":4},{"damage":47,"enemies":"3 Cultists","floor":21,"turns":6},{"damage":25,"enemies":"Gremlin Leader","floor":24,"turns":6},{"damage":14,"enemies":"Shelled Parasite and Fungi","floor":27,"turns":5},{"damage":37,"enemies":"Snake Plant","floor":28,"turns":4},{"damage":14,"enemies":"Collector","floor":33,"turns":9},{"damage":17,"enemies":"3 Darklings","floor":35,"turns":5},{"damage":0,"enemies":"Orb Walker","floor":38,"turns":3},{"damage":8,"enemies":"Spire Growth","floor":39,"turns":6},{"damage":23,"enemies":"Maw","floor":41,"turns":6},{"damage":3,"enemies":"Reptomancer","floor":45,"turns":7},{"damage":41,"enemies":"Writhing Mass","floor":47,"turns":6},{"damage":0,"enemies":"Jaw Worm Horde","floor":48,"turns":3},{"damage":131,"enemies":"Donu and Deca","floor":50,"turns":11}],"seed_played":"-2642286435606675358","potions_obtained":[{"floor":3,"key":"Dexterity Potion"},{"floor":4,"key":"ats:Flame Arts Potion"},{"floor":14,"key":"Block Potion"},{"floor":18,"key":"SteroidPotion"},{"floor":19,"key":"ats:Top Emergency Sanity Potion"},{"floor":24,"key":"EssenceOfSteel"},{"floor":35,"key":"Strength Potion"},{"floor":37,"key":"FairyPotion"},{"floor":38,"key":"Strength Potion"},{"floor":41,"key":"ColorlessPotion"},{"floor":47,"key":"LiquidMemories"}],"is_trial":false,"path_per_floor":["M","$","M","M","$","E","?","M","T","R","?","M","E","M","R","B",null,"M","M","$","M","?","R","E","$","T","M","M","$","R","$","R","B",null,"M","$","?","M","M","R","M","R","T","R","E","R","M","M","R","B",null],"character_chosen":"DOCTOR_CLASS","items_purchased":["ats:Sashimi Platter","ats:Flexible Camouflage","ats:Shell Defense","Orrery","ats:Red Shift","Membership Card","Bird Faced Urn","ClockworkSouvenir","ats:Healing Strengthening+1"],"campfire_rested":5,"item_purchase_floors":[2,2,5,20,20,29,31,36,36],"current_hp_per_floor":[56,56,48,54,54,13,13,15,15,34,41,39,52,48,48,55,59,38,41,41,38,38,56,60,60,60,60,39,39,57,57,57,60,60,60,60,60,60,58,58,60,60,60,60,60,60,48,59,60,31],"gold":140,"neow_bonus":"ONE_RARE_RELIC","is_daily":false,"chose_seed":false,"campfire_upgraded":2,"win_rate":0.0,"timestamp":1613316210,"path_taken":["M","$","M","M","$","E","?","?","T","R","?","?","E","M","R","BOSS","M","M","$","M","?","R","E","?","T","M","M","$","R","$","R","BOSS","M","$","?","M","M","R","?","R","T","R","E","R","M","?","R","BOSS"],"items_purchased_type":["Card","Card","Card","Relic","Card","Relic","Relic","Relic","Card"],"build_version":"2020-12-22","purchased_purges":2,"victory":true,"max_hp_per_floor":[65,65,65,65,65,65,65,65,65,65,65,65,65,65,65,65,60,60,60,60,60,60,60,60,60,60,60,60,60,60,60,60,60,60,60,60,60,60,60,60,60,60,60,60,60,60,60,60,60,60],"card_choices":[{"not_picked":["ats:Guard Mode","ats:Song Of Battle"],"picked":"ats:Curse Doll","floor":1},{"not_picked":["ats:Ignite","ats:Shell Defense"],"picked":"ats:Closed Bolt Burst Fire","floor":3},{"not_picked":["ats:Curse Doll","ats:Ignite"],"picked":"ats:Blood Oath","floor":4},{"not_picked":["ats:Assault Order","ats:Curse Doll"],"picked":"ats:Sashimi Platter","floor":6},{"not_picked":["ats:Fractured Body","ats:Leaping Hammer"],"picked":"ats:Red Shift","floor":8},{"not_picked":["ats:Powerful Strike","ats:Overload"],"picked":"ats:Sashimi Platter","floor":12},{"not_picked":["ats:Burning Ground","ats:Hook Shot"],"picked":"ats:Magnetic Hammer","floor":13},{"not_picked":["ats:Chain Hook","ats:Part Time Job"],"picked":"ats:Consecutive Shot Auto","floor":14},{"not_picked":["ats:Rat Pack","ats:True Silver Slash"],"picked":"ats:Nebulous Foxfire","floor":16},{"not_picked":["ats:Closed Bolt Burst Fire","ats:Assault Order+1"],"picked":"ats:Charging Defense+1","floor":18},{"not_picked":["ats:Defend Order","ats:Hammer On"],"picked":"ats:Part Time Job","floor":19},{"not_picked":["ats:Ignite","ats:Hammer On"],"picked":"ats:Calcification","floor":20},{"not_picked":["ats:Guard Mode","ats:Hook Shot"],"picked":"ats:Explosion Area Strengthen","floor":20},{"not_picked":["ats:Healing Drone+1","ats:Leaping Hammer"],"picked":"ats:Powerful Strike","floor":20},{"not_picked":["ats:Very Hot Blade","ats:Absolute Focus"],"picked":"ats:Leaping Hammer+1","floor":20},{"not_picked":["ats:Wolf Pack","ats:Closed Bolt Burst Fire"],"picked":"ats:Curse Doll","floor":20},{"not_picked":["ats:Blood Oath+1","ats:Cat Scratch+1"],"picked":"ats:Apocalypse","floor":21},{"not_picked":["ats:Blood Oath","ats:Counter Healing Mode+1"],"picked":"ats:Ambush","floor":24},{"not_picked":["ats:Revitalization","ats:Hammer On+1"],"picked":"ats:Mental Burst","floor":27},{"not_picked":["ats:Serious Mode+1","ats:LN2 Cannon"],"picked":"ats:Very Hot Blade+1","floor":28},{"not_picked":["ats:Chain Hook+1","ats:Guardian Obelisk"],"picked":"ats:Leaping Hammer+1","floor":35},{"not_picked":["ats:Spore Proliferation+1","ats:Steam Pump"],"picked":"ats:Consecutive Shot Auto+1","floor":38},{"not_picked":["ats:Absolute Focus","ats:Curse Doll"],"picked":"ats:Phantom+1","floor":39},{"not_picked":["ats:Volcano","ats:Spore Proliferation+1"],"picked":"ats:Overload","floor":41},{"not_picked":["ats:Guard Mode","ats:Hammer On"],"picked":"ats:Counter Healing Mode+1","floor":45},{"not_picked":["ats:Closed Bolt Burst Fire","ats:Magnetic Hammer"],"picked":"ats:Powerful Strike+1","floor":47},{"not_picked":["ats:Healing Drone","ats:Phantom+1"],"picked":"ats:Consecutive Shot Auto","floor":48}],"player_experience":768492,"relics_obtained":[{"floor":6,"key":"ats:Originium"},{"floor":6,"key":"Art of War"},{"floor":9,"key":"Meat on the Bone"},{"floor":13,"key":"ats:Originium"},{"floor":13,"key":"Boot"},{"floor":24,"key":"ats:Originium"},{"floor":24,"key":"SnailShell"},{"floor":26,"key":"Frozen Egg 2"},{"floor":43,"key":"aspiration:HummingbirdHeart"},{"floor":45,"key":"ats:Originium"},{"floor":45,"key":"Bottled Tornado"}],"event_choices":[{"damage_healed":0,"gold_gain":0,"player_choice":"Gave Potion","damage_taken":0,"relics_obtained":["Smiling Mask"],"max_hp_gain":0,"max_hp_loss":0,"event_name":"WeMeetAgain","floor":7,"gold_loss":0},{"cards_removed":["ats:Strike V"],"damage_healed":0,"gold_gain":0,"player_choice":"Card Removal","damage_taken":0,"max_hp_gain":0,"max_hp_loss":0,"event_name":"Wheel of Change","floor":22,"gold_loss":0},{"damage_healed":0,"gold_gain":0,"player_choice":"Got Potions","damage_taken":0,"max_hp_gain":0,"max_hp_loss":0,"event_name":"Lab","floor":37,"gold_loss":0}],"is_beta":false,"boss_relics":[{"not_picked":["aspiration:SecretTechniqueScroll","Pandora\u0027s Box"],"picked":"energizedSpire:HugeHouse"},{"not_picked":["energizedSpire:RedRose","ats:Sanity Plus"],"picked":"Fusion Hammer"}],"items_purged_floors":[20,36],"is_endless":false,"potions_floor_spawned":[3,4,14,18,19,24,35,38,41,47],"ascension_level":10}}