{"host":"0mhttqdumuceah7q","time":1613312993,"event":{"mods":["AchievementEnabler","BaseMod","Colored Map","DeckTracker","Minty Spire (QoL Compilation)","Permanent Neow"],"gold_per_floor":[113,133,150,120,130,130,156,175,198,214,228,248,264,282,282,282,282],"floor_reached":16,"language":"KOR","playtime":758,"items_purged":[],"score":110,"play_id":"0c5976de-711e-40e5-851e-870a9d215e89","local_time":"20210214232953","is_ascension_mode":false,"campfire_choices":[{"data":"Bane","floor":6,"key":"SMITH"},{"data":"Deadly Poison","floor":15,"key":"SMITH"}],"circlet_count":0,"master_deck":["Strike_G","Strike_G","Strike_G","Strike_G","Strike_G","Defend_G","Defend_G","Defend_G","Defend_G","Defend_G","Survivor","Neutralize","Escape Plan","PiercingWail","Bane+1","Flying Knee","Quick Slash","Blade Dance","Deadly Poison+1","Backflip","Deflect","Backstab"],"relics":["Ring of the Snake","Snake Skull","Vajra","Happy Flower"],"acts_visited":["Exordium"],"potions_floor_usage":[7,7,16],"damage_taken":[{"damage":0,"enemies":"2 Louse","floor":1,"turns":3},{"damage":5,"enemies":"Jaw Worm","floor":2,"turns":3},{"damage":0,"enemies":"Small Slimes","floor":3,"turns":4},{"damage":3,"enemies":"Looter","floor":4,"turns":4},{"damage":5,"enemies":"Exordium Wildlife","floor":5,"turns":4},{"damage":25,"enemies":"Lagavulin","floor":7,"turns":7},{"damage":0,"enemies":"3 Louse","floor":8,"turns":3},{"damage":5,"enemies":"Lots of Slimes","floor":10,"turns":4},{"damage":10,"enemies":"Large Slime","floor":11,"turns":5},{"damage":0,"enemies":"Red Slaver","floor":12,"turns":2},{"damage":0,"enemies":"Exordium Thugs","floor":13,"turns":3},{"damage":0,"enemies":"Gremlin Gang","floor":14,"turns":3},{"damage":26,"enemies":"Slime Boss","floor":16,"turns":6}],"seed_played":"5405775805107683496","potions_obtained":[{"floor":1,"key":"Fire Potion"},{"floor":5,"key":"SpeedPotion"},{"floor":7,"key":"Ancient Potion"},{"floor":13,"key":"CultistPotion"},{"floor":14,"key":"SpeedPotion"}],"is_trial":false,"path_per_floor":["M","M","M","M","M","R","E","M","T","M","M","M","M","M","R","B"],"character_chosen":"THE_SILENT","items_purchased":[],"campfire_rested":0,"item_purchase_floors":[],"current_hp_per_floor":[70,65,65,62,57,57,32,32,32,27,17,17,17,17,17,0,0],"gold":282,"neow_bonus":"RANDOM_COMMON_RELIC","is_daily":false,"chose_seed":false,"campfire_upgraded":2,"win_rate":0.0,"timestamp":1613312993,"path_taken":["M","M","M","M","M","R","E","M","T","M","M","M","M","M","R","BOSS"],"items_purchased_type":[],"build_version":"2020-12-22","purchased_purges":0,"victory":false,"max_hp_per_floor":[70,70,70,70,70,70,70,70,70,70,70,70,70,70,70,70,70],"card_choices":[{"not_picked":["Dash","Outmaneuver"],"picked":"Escape Plan","floor":1},{"not_picked":["Heel Hook","Acrobatics"],"picked":"PiercingWail","floor":2},{"not_picked":["Flying Knee","Acrobatics"],"picked":"Bane","floor":3},{"not_picked":["Dagger Spray","Masterful Stab"],"picked":"Flying Knee","floor":4},{"not_picked":["Acrobatics","Bane"],"picked":"Quick Slash","floor":5},{"not_picked":["Well Laid Plans","A Thousand Cuts"],"picked":"Blade Dance","floor":7},{"not_picked":["Slice","Masterful Stab"],"picked":"Deadly Poison","floor":8},{"not_picked":["Underhanded Strike","Skewer"],"picked":"Backflip","floor":10},{"not_picked":["Dodge and Roll","Acrobatics"],"picked":"Deflect","floor":11},{"not_picked":["PiercingWail","Accuracy","Backstab"],"picked":"SKIP","floor":12},{"not_picked":["Sucker Punch","Choke","Acrobatics"],"picked":"SKIP","floor":13},{"not_picked":["Deflect","Expertise"],"picked":"Backstab","floor":14}],"player_experience":88116,"relics_obtained":[{"floor":7,"key":"Vajra"},{"floor":9,"key":"Happy Flower"}],"event_choices":[],"is_beta":false,"boss_relics":[],"items_purged_floors":[],"is_endless":false,"potions_floor_spawned":[1,5,7,13,14],"killed_by":"Slime Boss","ascension_level":0}}