{"host":"7m635teefjn47zxe","time":1613306333,"event":{"mods":["BaseMod","Colored Map","Minty Spire (QoL Compilation)","Permanent Neow","Relic Stats","StSLib","everything is the same but u backflip on backflip"],"gold_per_floor":[115,390,410,52,68,96,96,124,179,197,232,232,250,282,282,377,377,395,395,409,409,422,449,449,476,476,299,299,329,349,366,366,468,468,482,532,549,200,211,240,240,269,295,321,335,335,6,36,36,36,36,36,36,67,67],"floor_reached":56,"language":"ENG","playtime":3627,"items_purged":["Regret","Strike_G","Strike_G"],"score":1486,"play_id":"2347376a-f862-4b9b-8593-612ed586c93a","local_time":"20210214133853","is_ascension_mode":true,"campfire_choices":[{"data":"Deadly Poison","floor":7,"key":"SMITH"},{"floor":12,"key":"REST"},{"data":"Predator","floor":15,"key":"SMITH"},{"data":"Footwork","floor":24,"key":"SMITH"},{"floor":28,"key":"REST"},{"data":"Neutralize","floor":32,"key":"SMITH"},{"floor":41,"key":"RECALL"},{"floor":49,"key":"REST"},{"floor":52,"key":"REST"}],"circlet_count":0,"master_deck":["Strike_G","Defend_G","Defend_G","Defend_G+1","Defend_G+1","Defend_G","Survivor","Neutralize+1","Predator+1","Deadly Poison+1","Concentrate+1","Prepared+1","Dash+1","PiercingWail+1","Bouncing Flask+1","Flechettes+1","Dodge and Roll+1","Dagger Spray+1","Underhanded Strike+1","Flechettes+1","Storm of Steel+1","PiercingWail+1","Crippling Poison+1","Deadly Poison+1","Quick Slash+1","Footwork+1","Acrobatics+1","Burst+1","Phantasmal Killer+1","Concentrate+1","Flying Knee+1","Prepared+1","Tactician+1","PiercingWail+1","Die Die Die+1","Backflip+1","Setup+1","Acrobatics+1","Bouncing Flask+1","Doppelganger+1","Tactician+1","Noxious Fumes","Deadly Poison+1","Phantasmal Killer+1","Blur+1"],"relics":["Runic Pyramid","Toxic Egg 2","Molten Egg 2","Dream Catcher","Orichalcum","Prayer Wheel","Meat on the Bone","HoveringKite","Lizard Tail","HornCleat","The Specimen","Regal Pillow","Fusion Hammer","Du-Vu Doll","Vajra","Snake Skull","Calipers","Potion Belt","Oddly Smooth Stone","Tough Bandages","War Paint"],"acts_visited":["Exordium","TheCity","TheBeyond","TheEnding"],"potions_floor_usage":[23,33,42,44,50,55,55,55,55],"damage_taken":[{"damage":1,"enemies":"Jaw Worm","floor":1,"turns":4},{"damage":3,"enemies":"Cultist","floor":3,"turns":4},{"damage":0,"enemies":"2 Louse","floor":5,"turns":3},{"damage":8,"enemies":"Lagavulin","floor":6,"turns":6},{"damage":14,"enemies":"3 Sentries","floor":8,"turns":8},{"damage":10,"enemies":"Lots of Slimes","floor":10,"turns":4},{"damage":3,"enemies":"Lagavulin","floor":11,"turns":5},{"damage":8,"enemies":"Large Slime","floor":13,"turns":3},{"damage":4,"enemies":"Gremlin Nob","floor":14,"turns":3},{"damage":0,"enemies":"Slime Boss","floor":16,"turns":4},{"damage":0,"enemies":"Spheric Guardian","floor":18,"turns":2},{"damage":2,"enemies":"3 Byrds","floor":20,"turns":5},{"damage":4,"enemies":"Centurion and Healer","floor":22,"turns":5},{"damage":6,"enemies":"Gremlin Leader","floor":23,"turns":5},{"damage":30,"enemies":"Slavers","floor":25,"turns":5},{"damage":9,"enemies":"Gremlin Leader","floor":29,"turns":4},{"damage":0,"enemies":"Snake Plant","floor":30,"turns":2},{"damage":2,"enemies":"Cultist and Chosen","floor":31,"turns":3},{"damage":59,"enemies":"Champ","floor":33,"turns":9},{"damage":12,"enemies":"3 Darklings","floor":35,"turns":4},{"damage":0,"enemies":"Mind Bloom Boss Battle","floor":36,"turns":5},{"damage":0,"enemies":"Orb Walker","floor":37,"turns":3},{"damage":0,"enemies":"Jaw Worm Horde","floor":39,"turns":2},{"damage":8,"enemies":"Reptomancer","floor":40,"turns":4},{"damage":12,"enemies":"Giant Head","floor":42,"turns":6},{"damage":2,"enemies":"Nemesis","floor":44,"turns":5},{"damage":0,"enemies":"Transient","floor":45,"turns":5},{"damage":1,"enemies":"Reptomancer","floor":48,"turns":4},{"damage":23,"enemies":"Donu and Deca","floor":50,"turns":5},{"damage":7,"enemies":"Shield and Spear","floor":54,"turns":5},{"damage":50,"enemies":"The Heart","floor":55,"turns":10}],"seed_played":"530609802972956154","potions_obtained":[{"floor":1,"key":"Block Potion"},{"floor":8,"key":"EntropicBrew"},{"floor":11,"key":"ColorlessPotion"},{"floor":16,"key":"AttackPotion"},{"floor":18,"key":"FairyPotion"},{"floor":30,"key":"ColorlessPotion"},{"floor":37,"key":"DistilledChaos"},{"floor":40,"key":"Poison Potion"},{"floor":44,"key":"SmokeBomb"},{"floor":45,"key":"Regen Potion"}],"is_trial":false,"path_per_floor":["M","?","M","$","M","E","R","E","T","M","E","R","M","E","R","B",null,"M","?","M","?","M","E","R","E","T","$","R","E","M","M","R","B",null,"M","?","M","$","M","E","R","E","T","E","M","?","$","E","R","B",null,"R","$","E","B",null],"character_chosen":"THE_SILENT","items_purchased":["Toxic Egg 2","Concentrate+1","Concentrate+1","Vajra","Bouncing Flask+1","Oddly Smooth Stone","Noxious Fumes","FairyPotion"],"campfire_rested":4,"item_purchase_floors":[4,4,27,38,38,47,47,47],"current_hp_per_floor":[69,69,66,66,66,58,58,44,44,34,31,52,44,40,40,40,70,70,70,68,68,64,58,58,40,40,40,61,52,52,50,50,33,70,58,58,58,58,58,50,50,38,38,36,36,36,36,47,70,61,70,70,70,63,25],"gold":67,"neow_bonus":"BOSS_RELIC","is_daily":false,"chose_seed":false,"campfire_upgraded":4,"win_rate":0.0,"timestamp":1613306333,"path_taken":["M","?","M","$","M","E","R","E","T","M","E","R","?","E","R","BOSS","M","?","M","?","?","E","R","E","T","$","R","E","M","M","R","BOSS","M","?","M","$","M","E","R","E","T","E","M","?","$","E","R","BOSS","R","$","E","BOSS"],"items_purchased_type":["Relic","Card","Card","Relic","Card","Relic","Card","Potion"],"build_version":"2020-12-22","purchased_purges":3,"victory":true,"max_hp_per_floor":[70,70,70,70,70,70,70,70,70,70,70,70,70,70,70,70,70,70,70,70,70,70,70,70,70,70,70,70,70,70,70,70,70,70,70,70,70,70,70,70,70,70,70,70,70,70,70,70,70,70,70,70,70,70,70],"relic_stats":{"Dream Catcher":4,"Lizard Tail":0,"Regal Pillow":2,"Tough Bandages":[81],"counters":[31,142],"HoveringKite":[55],"Prayer Wheel":10,"Snake Skull":[112],"Orichalcum":[234],"War Paint":["Defend_G","Defend_G"],"obtain_stats":[{"Potion Belt":44,"Regal Pillow":29,"Calipers":42,"The Specimen":26,"HoveringKite":17,"Vajra":38,"Oddly Smooth Stone":47,"Snake Skull":40,"Orichalcum":9,"War Paint":54,"Du-Vu Doll":36,"Dream Catcher":8,"Lizard Tail":23,"Tough Bandages":48,"HornCleat":25,"Molten Egg 2":6,"Prayer Wheel":11,"Fusion Hammer":34,"Toxic Egg 2":4,"Ring of the Snake":0,"Runic Pyramid":0,"Meat on the Bone":14},{"Potion Belt":26,"Regal Pillow":16,"Calipers":25,"The Specimen":15,"HoveringKite":10,"Vajra":22,"Oddly Smooth Stone":27,"Snake Skull":24,"Orichalcum":5,"War Paint":30,"Du-Vu Doll":21,"Dream Catcher":5,"Lizard Tail":14,"Tough Bandages":28,"HornCleat":15,"Molten Egg 2":4,"Prayer Wheel":7,"Fusion Hammer":19,"Toxic Egg 2":2,"Ring of the Snake":0,"Runic Pyramid":0,"Meat on the Bone":9},{"Potion Belt":113,"Regal Pillow":70,"Calipers":108,"The Specimen":66,"HoveringKite":44,"Vajra":96,"Oddly Smooth Stone":118,"Snake Skull":102,"Orichalcum":25,"War Paint":132,"Du-Vu Doll":93,"Dream Catcher":25,"Lizard Tail":61,"Tough Bandages":122,"HornCleat":66,"Molten Egg 2":17,"Prayer Wheel":34,"Fusion Hammer":84,"Toxic Egg 2":8,"Ring of the Snake":0,"Runic Pyramid":0,"Meat on the Bone":40}],"Meat on the Bone":48},"card_choices":[{"not_picked":["Tactician","Dodge and Roll"],"picked":"Predator","floor":1},{"not_picked":["Bane","Infinite Blades"],"picked":"Deadly Poison","floor":3},{"not_picked":["Expertise+1","Sucker Punch"],"picked":"Prepared+1","floor":5},{"not_picked":["Unload+1","Riddle With Holes+1"],"picked":"Dash+1","floor":6},{"not_picked":["Riddle With Holes+1","Cloak And Dagger+1"],"picked":"PiercingWail+1","floor":8},{"not_picked":["Well Laid Plans","Bane+1"],"picked":"Bouncing Flask+1","floor":10},{"not_picked":["Dagger Throw+1","Prepared+1"],"picked":"Flechettes+1","floor":11},{"not_picked":["Poisoned Stab+1","Dagger Throw+1"],"picked":"Dodge and Roll+1","floor":12},{"not_picked":["PiercingWail+1","Cloak And Dagger+1"],"picked":"Dagger Spray+1","floor":13},{"not_picked":["Endless Agony+1","Finisher+1"],"picked":"Underhanded Strike+1","floor":13},{"not_picked":["Accuracy","Cloak And Dagger+1"],"picked":"Flechettes+1","floor":14},{"not_picked":["Unload+1","A Thousand Cuts"],"picked":"Storm of Steel+1","floor":16},{"not_picked":["All Out Attack+1","Bane+1"],"picked":"PiercingWail+1","floor":18},{"not_picked":["Cloak And Dagger+1","Backstab+1","Skewer+1"],"picked":"SKIP","floor":18},{"not_picked":["Predator+1","Expertise+1"],"picked":"Crippling Poison+1","floor":20},{"not_picked":["Prepared+1","Predator+1"],"picked":"Deadly Poison+1","floor":20},{"not_picked":["PiercingWail+1","Deadly Poison+1"],"picked":"Footwork","floor":22},{"not_picked":["Sucker Punch+1","Deadly Poison+1"],"picked":"Acrobatics+1","floor":22},{"not_picked":["Dodge and Roll+1","Calculated Gamble+1"],"picked":"Burst+1","floor":23},{"not_picked":["Prepared+1","Flechettes+1"],"picked":"Phantasmal Killer+1","floor":25},{"not_picked":["Sucker Punch+1","Expertise+1"],"picked":"Flying Knee+1","floor":28},{"not_picked":["Acrobatics+1","Quick Slash+1"],"picked":"Prepared+1","floor":29},{"not_picked":["Acrobatics+1","Dagger Throw+1"],"picked":"Tactician+1","floor":30},{"not_picked":["Quick Slash+1","Dagger Spray+1","Poisoned Stab+1"],"picked":"SKIP","floor":30},{"not_picked":["Dagger Throw+1","Flechettes+1"],"picked":"PiercingWail+1","floor":31},{"not_picked":["Riddle With Holes+1","Dash+1","Cloak And Dagger+1"],"picked":"SKIP","floor":31},{"not_picked":["Corpse Explosion+1","Storm of Steel+1"],"picked":"Die Die Die+1","floor":33},{"not_picked":["Prepared+1","Dagger Throw+1"],"picked":"Backflip+1","floor":35},{"not_picked":["Backflip+1","Poisoned Stab+1"],"picked":"Setup+1","floor":35},{"not_picked":["Envenom","Dodge and Roll+1"],"picked":"Acrobatics+1","floor":37},{"not_picked":["Quick Slash+1","Masterful Stab+1","Cloak And Dagger+1"],"picked":"SKIP","floor":37},{"not_picked":["Concentrate+1","Slice+1"],"picked":"Doppelganger+1","floor":39},{"not_picked":["Predator+1","Dagger Spray+1","All Out Attack+1"],"picked":"SKIP","floor":39},{"not_picked":["A Thousand Cuts","PiercingWail+1"],"picked":"Tactician+1","floor":40},{"not_picked":["Reflex+1","Envenom","Infinite Blades+1"],"picked":"SKIP","floor":42},{"not_picked":["Endless Agony+1","Dagger Spray+1","Deflect+1"],"picked":"SKIP","floor":44},{"not_picked":["Flying Knee+1","Underhanded Strike+1","Quick Slash+1"],"picked":"SKIP","floor":45},{"not_picked":["Blade Dance+1","Masterful Stab+1","Outmaneuver+1"],"picked":"SKIP","floor":45},{"not_picked":["After Image","Blade Dance+1","Backstab+1"],"picked":"SKIP","floor":48},{"not_picked":["Bane+1","Underhanded Strike+1"],"picked":"Deadly Poison+1","floor":49},{"not_picked":["Deadly Poison+1","Underhanded Strike+1"],"picked":"Phantasmal Killer+1","floor":52},{"not_picked":["Underhanded Strike+1","Flying Knee+1"],"picked":"Blur+1","floor":54}],"player_experience":180518,"relics_obtained":[{"floor":6,"key":"Molten Egg 2"},{"floor":8,"key":"Dream Catcher"},{"floor":9,"key":"Orichalcum"},{"floor":11,"key":"Prayer Wheel"},{"floor":14,"key":"Meat on the Bone"},{"floor":23,"key":"Lizard Tail"},{"floor":25,"key":"HornCleat"},{"floor":26,"key":"The Specimen"},{"floor":29,"key":"Regal Pillow"},{"floor":36,"key":"Du-Vu Doll"},{"floor":40,"key":"Snake Skull"},{"floor":42,"key":"Calipers"},{"floor":44,"key":"Potion Belt"},{"floor":48,"key":"Tough Bandages"},{"floor":54,"key":"War Paint"}],"event_choices":[{"damage_healed":0,"gold_gain":275,"player_choice":"Desecrate","damage_taken":0,"max_hp_gain":0,"max_hp_loss":0,"event_name":"Golden Shrine","floor":2,"gold_loss":0,"cards_obtained":["Regret"]},{"damage_healed":0,"gold_gain":0,"player_choice":"Ignored","damage_taken":0,"max_hp_gain":0,"max_hp_loss":0,"event_name":"Cursed Tome","floor":19,"gold_loss":0},{"damage_healed":0,"gold_gain":0,"cards_transformed":["Strike_G"],"player_choice":"Transformed","damage_taken":0,"max_hp_gain":0,"max_hp_loss":0,"event_name":"Transmorgrifier","floor":21,"gold_loss":0,"cards_obtained":["Quick Slash"]},{"damage_healed":0,"gold_gain":0,"player_choice":"Fight","damage_taken":0,"max_hp_gain":0,"max_hp_loss":0,"event_name":"MindBloom","floor":36,"gold_loss":0},{"cards_removed":["Strike_G"],"damage_healed":0,"gold_gain":0,"player_choice":"Removed Attack","damage_taken":0,"max_hp_gain":0,"max_hp_loss":0,"event_name":"Falling","floor":46,"gold_loss":0}],"is_beta":false,"boss_relics":[{"not_picked":["Busted Crown","Sozu"],"picked":"HoveringKite"},{"not_picked":["Snecko Eye","Tiny House"],"picked":"Fusion Hammer"}],"items_purged_floors":[4,27,38],"is_endless":false,"potions_floor_spawned":[1,8,11,13,16,18,20,22,30,37,40,44,45],"ascension_level":2}}