{"host":"z7iqwv4hfwwvhc2n","time":1613295953,"event":{"mods":["2.2 Compatiblity","BaseMod","Better Note","Better Third Choice","BetterRewards","Bossed Relics","Colored Powertips","Minty Spire (QoL Compilation)","Permanent Neow","Relic Filter","Shop Mod","StSLib","The Cursed"],"gold_per_floor":[116,191,191,191,211,246,246,266,343,372,24,24,58,73,73,73,73],"floor_reached":16,"language":"JPN","playtime":505,"items_purged":[],"score":203,"play_id":"3a75c0dc-b9fd-48de-92e5-1a19b6ccdc6d","local_time":"20210214184553","is_ascension_mode":true,"campfire_choices":[{"data":"Bash","floor":7,"key":"SMITH"},{"data":"Body Slam","floor":15,"key":"SMITH"}],"circlet_count":0,"master_deck":["Strike_R","Strike_R","Strike_R","Strike_R","Defend_R","Defend_R","Defend_R","Defend_R","Bash+1","Dramatic Entrance+1","Wild Strike","Wild Strike","Clothesline","Clash","Flex","Chrysalis","Seeing Red","Body Slam+1"],"relics":["Burning Blood","NeowsBlessing","Thread and Needle","Happy Flower","TheAbacus","Orichalcum"],"acts_visited":["Exordium"],"potions_floor_usage":[10,16,16],"damage_taken":[{"damage":0,"enemies":"2 Louse","floor":1,"turns":1},{"damage":0,"enemies":"Jaw Worm","floor":5,"turns":1},{"damage":0,"enemies":"Gremlin Nob","floor":6,"turns":1},{"damage":3,"enemies":"Small Slimes","floor":8,"turns":2},{"damage":18,"enemies":"3 Sentries","floor":10,"turns":5},{"damage":17,"enemies":"Gremlin Nob","floor":13,"turns":4},{"damage":0,"enemies":"2 Fungi Beasts","floor":14,"turns":3},{"damage":64,"enemies":"Slime Boss","floor":16,"turns":12}],"seed_played":"-4123964696219004938","potions_obtained":[{"floor":1,"key":"EssenceOfSteel"},{"floor":5,"key":"Ancient Potion"},{"floor":6,"key":"SkillPotion"}],"is_trial":false,"path_per_floor":["M","?","?","?","M","E","R","M","T","E","$","?","E","M","R","B"],"character_chosen":"IRONCLAD","items_purchased":["NeowsBlessing","Dramatic Entrance","Chrysalis","TheAbacus"],"campfire_rested":0,"item_purchase_floors":[0,0,11,11],"current_hp_per_floor":[80,69,69,69,75,80,80,80,80,68,68,68,57,63,63,0,0],"gold":73,"neow_bonus":"","is_daily":false,"chose_seed":false,"campfire_upgraded":2,"win_rate":0.0,"timestamp":1613295953,"path_taken":["M","?","?","?","M","E","R","M","T","E","$","?","E","?","R","BOSS"],"items_purchased_type":["Relic","Card","Card","Relic"],"build_version":"2020-12-22","purchased_purges":0,"victory":false,"max_hp_per_floor":[80,80,80,80,80,80,80,80,80,80,80,80,80,80,80,80,80],"card_choices":[{"not_picked":["Flame Barrier","Reckless Charge"],"picked":"Wild Strike","floor":1},{"not_picked":["Fire Breathing","Twin Strike"],"picked":"Wild Strike","floor":5},{"not_picked":["Cleave","Sentinel"],"picked":"Clothesline","floor":6},{"not_picked":["Reckless Charge","Headbutt"],"picked":"Clash","floor":8},{"not_picked":["Heavy Blade","Headbutt"],"picked":"Flex","floor":10},{"not_picked":["Iron Wave","Body Slam"],"picked":"Seeing Red","floor":13},{"not_picked":["Brutality","Headbutt"],"picked":"Body Slam","floor":14}],"player_experience":51192,"relics_obtained":[{"floor":9,"key":"Thread and Needle"},{"floor":10,"key":"Happy Flower"},{"floor":13,"key":"Orichalcum"}],"event_choices":[{"damage_healed":0,"gold_gain":75,"player_choice":"Gold","damage_taken":11,"max_hp_gain":0,"max_hp_loss":0,"event_name":"betterThird:BetterGoop","floor":2,"gold_loss":0},{"damage_healed":0,"gold_gain":0,"player_choice":"Ignored","damage_taken":191,"max_hp_gain":0,"max_hp_loss":0,"event_name":"betterThird:BetterSerpent","floor":3,"gold_loss":0},{"damage_healed":0,"gold_gain":0,"player_choice":"Grow","damage_taken":0,"max_hp_gain":0,"max_hp_loss":0,"event_name":"Living Wall","floor":4,"gold_loss":0,"cards_upgraded":["Dramatic Entrance"]},{"cards_removed":["Strike_R"],"damage_healed":0,"gold_gain":0,"player_choice":"Purged","damage_taken":0,"max_hp_gain":0,"max_hp_loss":0,"event_name":"Purifier","floor":12,"gold_loss":0}],"is_beta":false,"boss_relics":[],"items_purged_floors":[],"is_endless":false,"potions_floor_spawned":[1,5,6],"killed_by":"Slime Boss","ascension_level":1}}