{"host":"ayh4nqhr0ddw4ozv","time":1613282954,"event":{"mods":["BaseMod","Minty Spire (QoL Compilation)","Relic Stats","Replay The Spire","Robot Space Explorer","StSLib"],"gold_per_floor":[114,129,129,74,39,39,39,82,135,135,148,174,217,232,232,232,232],"floor_reached":16,"language":"ENG","playtime":708,"items_purged":[],"score":216,"play_id":"e3cdd746-9add-4a09-9524-596c6aa69637","local_time":"20210213220914","is_ascension_mode":true,"campfire_choices":[{"data":"RobotSpaceExplorer:BigMissile","floor":6,"key":"SMITH"},{"data":"RobotSpaceExplorer:ImprovisedAttack","floor":10,"key":"SMITH"},{"floor":15,"key":"REST"}],"circlet_count":0,"master_deck":["AscendersBane","RobotSpaceExplorer:Strike","RobotSpaceExplorer:Strike","RobotSpaceExplorer:Strike","RobotSpaceExplorer:Strike","RobotSpaceExplorer:Defend","RobotSpaceExplorer:Defend","RobotSpaceExplorer:Defend","RobotSpaceExplorer:Defend","RobotSpaceExplorer:Scan","RobotSpaceExplorer:MiniLasers","RobotSpaceExplorer:ImprovisedAttack+1","RobotSpaceExplorer:BigMissile+1","RobotSpaceExplorer:FrostMissile","RobotSpaceExplorer:Probe","RobotSpaceExplorer:ScrapShield","RobotSpaceExplorer:ShovelStrike"],"relics":["SacredBark","Golden Idol","TungstenRod","Golden Egg","Smiling Mask","Replay:Wax Seal","Simple Rune"],"acts_visited":["Exordium"],"potions_floor_usage":[8,8,13,13,16],"damage_taken":[{"damage":3,"enemies":"Small Slimes","floor":1,"turns":5},{"damage":14,"enemies":"2 Louse","floor":2,"turns":2},{"damage":10,"enemies":"Lagavulin","floor":8,"turns":6},{"damage":2,"enemies":"Jaw Worm","floor":11,"turns":4},{"damage":26,"enemies":"3 Sentries","floor":13,"turns":8},{"damage":0,"enemies":"3 Louse","floor":14,"turns":3},{"damage":30,"enemies":"Slime Boss","floor":16,"turns":7}],"seed_played":"-4071497169772721291","potions_obtained":[{"floor":1,"key":"SteroidPotion"},{"floor":8,"key":"RobotSpaceExplorer:RecyclePotion"},{"floor":11,"key":"LiquidBronze"},{"floor":13,"key":"Elixir"}],"is_trial":false,"path_per_floor":["M","M","?","$","?","R","?","E","T","R","M","T","E","M","R","B"],"character_chosen":"RobotSpaceExplorer","items_purchased":["Dexterity Potion"],"campfire_rested":1,"item_purchase_floors":[4],"current_hp_per_floor":[61,47,47,47,63,63,45,35,35,35,33,33,7,7,26,0,0],"gold":232,"neow_bonus":"BOSS_RELIC","is_daily":false,"chose_seed":false,"campfire_upgraded":2,"win_rate":0.0,"timestamp":1613282954,"path_taken":["M","M","?","$","?","R","?","E","T","R","M","?","E","?","R","BOSS"],"items_purchased_type":["Potion"],"build_version":"2020-12-22","purchased_purges":0,"victory":false,"max_hp_per_floor":[71,71,64,64,64,64,64,64,64,64,64,64,64,64,64,64,64],"relic_stats":{"counters":[7,35],"Golden Idol":24,"Smiling Mask":0,"obtain_stats":[{"Golden Egg":8,"Golden Idol":3,"SacredBark":0,"RobotSpaceExplorer:RoboCore":0,"Simple Rune":13,"Replay:Wax Seal":12,"Smiling Mask":9,"TungstenRod":7},{"Golden Egg":3,"Golden Idol":2,"SacredBark":0,"RobotSpaceExplorer:RoboCore":0,"Simple Rune":5,"Replay:Wax Seal":4,"Smiling Mask":3,"TungstenRod":2},{"Golden Egg":13,"Golden Idol":7,"SacredBark":0,"RobotSpaceExplorer:RoboCore":0,"Simple Rune":25,"Replay:Wax Seal":17,"Smiling Mask":13,"TungstenRod":7}],"TungstenRod":11},"card_choices":[{"not_picked":["RobotSpaceExplorer:Pulsar","RobotSpaceExplorer:ScrapMissile"],"picked":"RobotSpaceExplorer:ImprovisedAttack","floor":1},{"not_picked":["RobotSpaceExplorer:JunkDive","RobotSpaceExplorer:SurgingShield"],"picked":"RobotSpaceExplorer:BigMissile","floor":2},{"not_picked":["RobotSpaceExplorer:Ammunition","RobotSpaceExplorer:SlimeMissile"],"picked":"RobotSpaceExplorer:FrostMissile","floor":8},{"not_picked":["RobotSpaceExplorer:Fix","RobotSpaceExplorer:SurgingShield"],"picked":"RobotSpaceExplorer:Probe","floor":11},{"not_picked":["RobotSpaceExplorer:SlimeMissile","RobotSpaceExplorer:PowerGlove"],"picked":"RobotSpaceExplorer:ScrapShield","floor":13},{"not_picked":["RobotSpaceExplorer:ExhaustFan","RobotSpaceExplorer:SwiftStep"],"picked":"RobotSpaceExplorer:ShovelStrike","floor":14}],"player_experience":436171,"relics_obtained":[{"floor":8,"key":"Golden Egg"},{"floor":9,"key":"Smiling Mask"},{"floor":12,"key":"Replay:Wax Seal"},{"floor":13,"key":"Simple Rune"}],"event_choices":[{"damage_healed":0,"gold_gain":0,"player_choice":"Lose Max HP","damage_taken":0,"relics_obtained":["Golden Idol"],"max_hp_gain":0,"max_hp_loss":7,"event_name":"Golden Idol","floor":3,"gold_loss":0},{"damage_healed":16,"gold_gain":0,"player_choice":"Healed","damage_taken":0,"max_hp_gain":0,"max_hp_loss":0,"event_name":"The Cleric","floor":5,"gold_loss":35},{"damage_healed":0,"gold_gain":0,"player_choice":"Success","damage_taken":18,"relics_obtained":["TungstenRod"],"max_hp_gain":0,"max_hp_loss":0,"event_name":"Scrap Ooze","floor":7,"gold_loss":0}],"is_beta":false,"boss_relics":[],"items_purged_floors":[],"is_endless":false,"potions_floor_spawned":[1,8,11,13],"killed_by":"Slime Boss","ascension_level":20}}