{"host":"8iprjuzow65cevwy","time":1613334658,"event":{"mods":["BaseMod","Colored Map","Highlight Path","Minty Spire (QoL Compilation)"],"gold_per_floor":[118,133,208,383,85,115,95,112,112,112,12,41,41,53,53,151,151,169,201,201,23,23,23,23,35,35,51,51,151,151,168,168,267,267,281,107,120,342,119,144,144,154,154,167,167,167,14,29,29,29],"floor_reached":51,"language":"ENG","playtime":3006,"items_purged":["Doubt","Strike_B","Hello World+1","Strike_B","Sunder"],"score":989,"play_id":"e96d7109-dc76-4084-99c9-92a1bcde5fdb","local_time":"20210214213058","is_ascension_mode":true,"campfire_choices":[{"floor":13,"key":"REST"},{"data":"Zap","floor":15,"key":"SMITH"},{"data":"Dualcast","floor":23,"key":"SMITH"},{"floor":28,"key":"REST"},{"floor":30,"key":"REST"},{"floor":32,"key":"REST"},{"data":"Beam Cell","floor":41,"key":"SMITH"},{"data":"Conserve Battery","floor":45,"key":"SMITH"},{"data":"Cold Snap","floor":49,"key":"SMITH"}],"circlet_count":0,"master_deck":["Defend_B","Defend_B","Defend_B","Defend_B","Zap+1","Dualcast+1","Cold Snap+1","Conserve Battery+1","Melter","Leap","Beam Cell+1","Seek","Beam Cell+1","Heatsinks+1","Steam","Gash","Gash","Go for the Eyes","Gash","Hologram"],"relics":["Cracked Core","NeowsBlessing","Anchor","Calipers","Frozen Egg 2","Unceasing Top","Symbiotic Virus","SlaversCollar","Red Mask","Kunai","Thread and Needle","Letter Opener","Busted Crown","Potion Belt","HornCleat","Bronze Scales"],"acts_visited":["Exordium","TheCity","TheBeyond"],"potions_floor_usage":[12,19,19,40,50,50,50,50,50],"damage_taken":[{"damage":0,"enemies":"2 Louse","floor":1,"turns":1},{"damage":0,"enemies":"Small Slimes","floor":2,"turns":1},{"damage":0,"enemies":"3 Sentries","floor":6,"turns":1},{"damage":2,"enemies":"Jaw Worm","floor":8,"turns":3},{"damage":19,"enemies":"Lagavulin","floor":12,"turns":5},{"damage":0,"enemies":"2 Fungi Beasts","floor":14,"turns":3},{"damage":14,"enemies":"Slime Boss","floor":16,"turns":8},{"damage":5,"enemies":"2 Thieves","floor":18,"turns":3},{"damage":13,"enemies":"Masked Bandits","floor":19,"turns":5},{"damage":21,"enemies":"3 Byrds","floor":25,"turns":5},{"damage":0,"enemies":"Cultist and Chosen","floor":27,"turns":4},{"damage":3,"enemies":"Colosseum Slavers","floor":29,"turns":4},{"damage":12,"enemies":"Colosseum Nobs","floor":29,"turns":3},{"damage":21,"enemies":"Snecko","floor":31,"turns":4},{"damage":5,"enemies":"Collector","floor":33,"turns":9},{"damage":0,"enemies":"Orb Walker","floor":35,"turns":3},{"damage":0,"enemies":"3 Shapes","floor":37,"turns":5},{"damage":0,"enemies":"Reptomancer","floor":40,"turns":4},{"damage":0,"enemies":"Writhing Mass","floor":42,"turns":4},{"damage":0,"enemies":"4 Shapes","floor":44,"turns":4},{"damage":0,"enemies":"Transient","floor":48,"turns":5},{"damage":0,"enemies":"Awakened One","floor":50,"turns":6}],"seed_played":"1512363322431384764","potions_obtained":[{"floor":1,"key":"SteroidPotion"},{"floor":6,"key":"EssenceOfDarkness"},{"floor":7,"key":"SpeedPotion"},{"floor":12,"key":"Swift Potion"},{"floor":14,"key":"SkillPotion"},{"floor":33,"key":"PotionOfCapacity"},{"floor":37,"key":"EssenceOfSteel"},{"floor":40,"key":"AttackPotion"},{"floor":44,"key":"CultistPotion"},{"floor":48,"key":"Dexterity Potion"}],"is_trial":false,"path_per_floor":["M","M","?","?","$","E","?","M","T","?","$","E","R","M","R","B",null,"M","?","?","$","$","R","$","M","T","M","R","?","R","M","R","B",null,"M","$","M","?","$","E","R","M","T","M","R","?","$","M","R","B",null],"character_chosen":"DEFECT","items_purchased":["Sunder","Anchor","Steam","Gash","Hologram","Bronze Scales"],"campfire_rested":4,"item_purchase_floors":[5,5,21,36,39,47],"current_hp_per_floor":[75,75,64,64,64,64,64,62,62,44,44,25,47,47,47,33,65,60,47,47,47,47,47,47,26,26,26,48,33,55,34,56,51,69,69,69,69,69,69,69,69,69,69,69,69,75,75,75,75,75],"gold":29,"neow_bonus":"THREE_ENEMY_KILL","is_daily":false,"chose_seed":false,"campfire_upgraded":5,"win_rate":0.0,"timestamp":1613334658,"path_taken":["M","M","?","?","?","E","?","?","T","?","?","E","R","M","R","BOSS","M","?","?","?","$","R","$","?","T","M","R","?","R","M","R","BOSS","M","$","M","?","$","E","R","M","T","M","R","?","$","?","R","BOSS"],"items_purchased_type":["Card","Relic","Card","Card","Card","Relic"],"build_version":"2020-12-22","purchased_purges":5,"victory":true,"max_hp_per_floor":[75,75,75,75,75,75,75,75,75,75,75,75,75,75,75,75,75,75,75,75,75,75,75,75,75,75,75,75,75,75,75,75,75,75,75,75,75,75,75,75,75,75,75,75,75,75,75,75,75,75],"card_choices":[{"not_picked":["Double Energy","Aggregate","Darkness"],"picked":"SKIP","floor":1},{"not_picked":["Glacier","Leap"],"picked":"Cold Snap","floor":2},{"not_picked":["Doom and Gloom","Multi-Cast"],"picked":"Conserve Battery","floor":6},{"not_picked":["Go for the Eyes","Stack"],"picked":"Melter","floor":8},{"not_picked":["Coolheaded","Rebound"],"picked":"Leap","floor":12},{"not_picked":["Sweeping Beam","Redo"],"picked":"Beam Cell","floor":14},{"not_picked":["Echo Form+1","Electrodynamics+1"],"picked":"Seek","floor":16},{"not_picked":["Turbo+1","Leap"],"picked":"Beam Cell+1","floor":18},{"not_picked":["Reinforced Body","Conserve Battery"],"picked":"Gash","floor":25},{"not_picked":["Seek","Steam"],"picked":"Gash","floor":27},{"not_picked":["Undo","Storm+1"],"picked":"Go for the Eyes","floor":31},{"not_picked":["Turbo+1"],"picked":"SKIP","floor":35},{"not_picked":["Darkness+1"],"picked":"SKIP","floor":37},{"not_picked":["Darkness+1"],"picked":"SKIP","floor":40},{"not_picked":["Rebound"],"picked":"SKIP","floor":42},{"not_picked":["Static Discharge+1"],"picked":"SKIP","floor":44},{"not_picked":["Coolheaded+1"],"picked":"SKIP","floor":48}],"player_experience":336944,"relics_obtained":[{"floor":6,"key":"Calipers"},{"floor":9,"key":"Frozen Egg 2"},{"floor":12,"key":"Symbiotic Virus"},{"floor":19,"key":"Red Mask"},{"floor":26,"key":"Kunai"},{"floor":29,"key":"Thread and Needle"},{"floor":29,"key":"Letter Opener"},{"floor":40,"key":"Potion Belt"},{"floor":43,"key":"HornCleat"}],"event_choices":[{"damage_healed":0,"gold_gain":75,"player_choice":"Gather Gold","damage_taken":11,"max_hp_gain":0,"max_hp_loss":0,"event_name":"World of Goop","floor":3,"gold_loss":0},{"damage_healed":0,"gold_gain":175,"player_choice":"AGREE","damage_taken":0,"max_hp_gain":0,"max_hp_loss":0,"event_name":"Liars Game","floor":4,"gold_loss":0,"cards_obtained":["Doubt"]},{"damage_healed":0,"gold_gain":0,"player_choice":"Bought 1 Potion","damage_taken":0,"max_hp_gain":0,"max_hp_loss":0,"event_name":"The Woman in Blue","floor":7,"gold_loss":0},{"damage_healed":0,"gold_gain":0,"player_choice":"Success","damage_taken":18,"relics_obtained":["Unceasing Top"],"max_hp_gain":0,"max_hp_loss":0,"event_name":"Scrap Ooze","floor":10,"gold_loss":0},{"damage_healed":0,"gold_gain":0,"player_choice":"Fought Bandits","damage_taken":0,"max_hp_gain":0,"max_hp_loss":0,"event_name":"Masked Bandits","floor":19,"gold_loss":0},{"damage_healed":0,"gold_gain":0,"cards_transformed":["Strike_B","Strike_B"],"player_choice":"Became Test Subject","damage_taken":0,"max_hp_gain":0,"max_hp_loss":0,"event_name":"Drug Dealer","floor":20,"gold_loss":0,"cards_obtained":["Hello World","Heatsinks"]},{"damage_healed":0,"gold_gain":0,"player_choice":"Fight","damage_taken":0,"max_hp_gain":0,"max_hp_loss":0,"event_name":"Colosseum","floor":29,"gold_loss":0},{"damage_healed":0,"gold_gain":0,"player_choice":"Fought Nobs","damage_taken":0,"max_hp_gain":0,"max_hp_loss":0,"event_name":"Colosseum","floor":29,"gold_loss":0},{"damage_healed":0,"gold_gain":222,"player_choice":"Wore Mask","damage_taken":0,"max_hp_gain":0,"max_hp_loss":0,"event_name":"Tomb of Lord Red Mask","floor":38,"gold_loss":0},{"damage_healed":6,"gold_gain":0,"player_choice":"Full Heal","damage_taken":0,"max_hp_gain":0,"max_hp_loss":0,"event_name":"Wheel of Change","floor":46,"gold_loss":0}],"is_beta":false,"boss_relics":[{"not_picked":["Runic Pyramid","Tiny House"],"picked":"SlaversCollar"},{"not_picked":["Black Star","Cursed Key"],"picked":"Busted Crown"}],"items_purged_floors":[5,11,21,36,39],"is_endless":false,"potions_floor_spawned":[1,6,12,14,18,29,33,37,40,44,48],"ascension_level":5}}