{"host":"y3h3n3f7seyagppx","time":1613289990,"event":{"mods":["AlwaysNeverKeys","BaseMod","Better Vampires","Colored Powertips","DeckTracker","Emptier Cage","Minty Spire (QoL Compilation)","Permanent Neow","Quick Restart","Rare Cards Sparkle","Relic Sorter","Relic Stats","StSLib","Transform Curses"],"gold_per_floor":[118,118,133,133,150,150,180,196,196,226,242,267,279,290,290,362,362,375,406,681,12,32,59,70,96,119,150,173,173,173,214,214,300,300,310,310,323,361,81,81,81],"floor_reached":40,"language":"ENG","playtime":3440,"items_purged":["Regret","Parasite"],"score":976,"play_id":"5d2f1aed-c2af-4ec0-a04e-19bfee757792","local_time":"20210214030630","is_ascension_mode":true,"campfire_choices":[{"data":"Doom and Gloom","floor":6.0,"key":"SMITH"},{"floor":15.0,"key":"REST"},{"floor":30.0,"key":"REST"},{"data":"Defragment","floor":32.0,"key":"SMITH"}],"circlet_count":0,"master_deck":["AscendersBane","Strike_B","Strike_B+1","Strike_B","Strike_B","Defend_B","Defend_B","Defend_B+1","Defend_B","Zap+1","Dualcast","Beam Cell+1","Loop","Doom and Gloom+1","Compile Driver","Cold Snap+1","Lockon+1","Core Surge+1","Hologram","Echo Form","Compile Driver+1","Genetic Algorithm","Defragment+1","Leap+1","Beam Cell+1","Glacier","Compile Driver+1","Recycle","Echo Form","Electrodynamics","Go for the Eyes+1"],"relics":["Cracked Core","Potion Belt","Anchor","Blood Vial","Molten Egg 2","Whetstone","Runic Dome","Red Mask","Lee\u0027s Waffle","Torii","FossilizedHelix","Centennial Puzzle","CeramicFish","Bag of Marbles","Pantograph","SlaversCollar","Pocketwatch","Membership Card"],"acts_visited":["Exordium","TheCity","TheBeyond"],"potions_floor_usage":[],"damage_taken":[{"damage":2.0,"enemies":"Jaw Worm","floor":1.0,"turns":3.0},{"damage":7.0,"enemies":"Small Slimes","floor":3.0,"turns":3.0},{"damage":2.0,"enemies":"Cultist","floor":5.0,"turns":4.0},{"damage":12.0,"enemies":"Lagavulin","floor":7.0,"turns":7.0},{"damage":0.0,"enemies":"Large Slime","floor":8.0,"turns":4.0},{"damage":8.0,"enemies":"Gremlin Nob","floor":10.0,"turns":3.0},{"damage":1.0,"enemies":"Blue Slaver","floor":11.0,"turns":3.0},{"damage":8.0,"enemies":"3 Sentries","floor":12.0,"turns":5.0},{"damage":2.0,"enemies":"Gremlin Gang","floor":13.0,"turns":5.0},{"damage":0.0,"enemies":"Red Slaver","floor":14.0,"turns":2.0},{"damage":8.0,"enemies":"Slime Boss","floor":16.0,"turns":6.0},{"damage":11.0,"enemies":"3 Byrds","floor":18.0,"turns":4.0},{"damage":18.0,"enemies":"Masked Bandits","floor":19.0,"turns":4.0},{"damage":0.0,"enemies":"Spheric Guardian","floor":22.0,"turns":3.0},{"damage":23.0,"enemies":"Gremlin Leader","floor":23.0,"turns":7.0},{"damage":0.0,"enemies":"Snecko","floor":24.0,"turns":3.0},{"damage":30.0,"enemies":"Book of Stabbing","floor":25.0,"turns":6.0},{"damage":11.0,"enemies":"Gremlin Leader","floor":27.0,"turns":4.0},{"damage":16.0,"enemies":"Snake Plant","floor":28.0,"turns":3.0},{"damage":8.0,"enemies":"Book of Stabbing","floor":31.0,"turns":5.0},{"damage":7.0,"enemies":"Automaton","floor":33.0,"turns":9.0},{"damage":9.0,"enemies":"3 Darklings","floor":35.0,"turns":5.0},{"damage":0.0,"enemies":"Orb Walker","floor":37.0,"turns":4.0},{"damage":26.0,"enemies":"Writhing Mass","floor":38.0,"turns":7.0},{"damage":55,"enemies":"Giant Head","floor":40,"turns":6}],"seed_played":"-389542781326653523","potions_obtained":[{"floor":1.0,"key":"DuplicationPotion"},{"floor":5.0,"key":"SkillPotion"},{"floor":10.0,"key":"Block Potion"},{"floor":12.0,"key":"Dexterity Potion"},{"floor":13.0,"key":"CultistPotion"},{"floor":14.0,"key":"Explosive Potion"},{"floor":22.0,"key":"BlessingOfTheForge"},{"floor":25.0,"key":"SkillPotion"},{"floor":27.0,"key":"Strength Potion"},{"floor":28.0,"key":"Block Potion"},{"floor":29.0,"key":"EssenceOfDarkness"},{"floor":29.0,"key":"Block Potion"},{"floor":31.0,"key":"Energy Potion"},{"floor":38.0,"key":"LiquidBronze"}],"is_trial":false,"path_per_floor":["M","?","M","?","M","R","E","M","T","E","M","E","M","M","R","B",null,"M","?","?","$","M","E","M","E","T","E","M","?","R","E","R","B",null,"M","T","M","M","$","E"],"character_chosen":"DEFECT","items_purchased":["Lee\u0027s Waffle","Torii","Defragment","Fire Potion","Membership Card","FocusPotion","GamblersBrew"],"campfire_rested":2,"item_purchase_floors":[21,21,21,21,39,39,39],"current_hp_per_floor":[62,41,34,34,32,32,20,20,20,14,15,9,9,11,32,26,60,51,35,35,78,78,55,57,29,29,20,6,6,29,23,23,43,69,62,62,64,40,40,0,0],"gold":81,"neow_bonus":"RANDOM_COMMON_RELIC","is_daily":false,"chose_seed":false,"campfire_upgraded":2,"win_rate":0.0,"timestamp":1613289990,"path_taken":["M","?","M","?","?","R","E","M","T","E","M","E","M","M","R","BOSS","M","?","?","$","M","E","M","E","T","E","?","?","R","E","R","BOSS","M","?","M","M","$","E"],"items_purchased_type":["Relic","Relic","Card","Potion","Relic","Potion","Potion"],"build_version":"2020-12-22","purchased_purges":2,"victory":false,"max_hp_per_floor":[71,71,71,71,71,71,71,71,71,71,71,71,71,71,71,71,71,71,71,71,78,78,78,78,78,78,78,78,78,78,78,78,78,78,78,78,78,78,75,75,75],"relic_stats":{"Blood Vial":36,"Lee\u0027s Waffle":43,"Centennial Puzzle":[21],"Torii":5,"counters":[25,115],"CeramicFish":45,"Pantograph":25,"Whetstone":["Strike_B","Beam Cell"],"obtain_stats":[{"Potion Belt":0,"Lee\u0027s Waffle":21,"Torii":21,"CeramicFish":26,"Whetstone":12,"Blood Vial":9,"Runic Dome":17,"SlaversCollar":34,"Anchor":7,"Centennial Puzzle":25,"Pantograph":31,"Molten Egg 2":10,"Red Mask":19,"Bag of Marbles":27,"Membership Card":39,"Cracked Core":0,"FossilizedHelix":23,"Pocketwatch":36},{"Potion Belt":0,"Lee\u0027s Waffle":13,"Torii":13,"CeramicFish":17,"Whetstone":8,"Blood Vial":5,"Runic Dome":11,"SlaversCollar":21,"Anchor":4,"Centennial Puzzle":17,"Pantograph":20,"Molten Egg 2":6,"Red Mask":13,"Bag of Marbles":18,"Membership Card":24,"Cracked Core":0,"FossilizedHelix":15,"Pocketwatch":22},{"Potion Belt":0,"Lee\u0027s Waffle":53,"Torii":53,"CeramicFish":72,"Whetstone":32,"Blood Vial":21,"Runic Dome":45,"SlaversCollar":93,"Anchor":17,"Centennial Puzzle":72,"Pantograph":84,"Molten Egg 2":24,"Red Mask":53,"Bag of Marbles":76,"Membership Card":109,"Cracked Core":0,"FossilizedHelix":63,"Pocketwatch":98}],"Pocketwatch":[5]},"card_choices":[{"not_picked":["Steam Power","Hologram"],"picked":"Beam Cell","floor":1.0},{"not_picked":["Redo","Conserve Battery"],"picked":"Loop","floor":3.0},{"not_picked":["Defragment","Leap"],"picked":"Doom and Gloom","floor":5.0},{"not_picked":["Skim","Rebound"],"picked":"Compile Driver","floor":7.0},{"not_picked":["Redo","Thunder Strike","Compile Driver"],"picked":"SKIP","floor":8.0},{"not_picked":["Skim","Leap"],"picked":"Cold Snap+1","floor":10.0},{"not_picked":["Streamline+1","Auto Shields","Conserve Battery"],"picked":"SKIP","floor":11.0},{"not_picked":["Rebound+1","Gash+1"],"picked":"Lockon+1","floor":12.0},{"not_picked":["Sweeping Beam+1","Storm"],"picked":"Core Surge+1","floor":13.0},{"not_picked":["Gash+1","Turbo"],"picked":"Hologram","floor":14.0},{"not_picked":["Electrodynamics","Fission"],"picked":"Echo Form","floor":16.0},{"not_picked":["Cold Snap+1","Darkness"],"picked":"Compile Driver+1","floor":18.0},{"not_picked":["Hologram","Sweeping Beam+1"],"picked":"Genetic Algorithm","floor":19.0},{"not_picked":["Hello World","Loop"],"picked":"Leap+1","floor":22.0},{"not_picked":["BootSequence","Barrage+1"],"picked":"Beam Cell+1","floor":23.0},{"not_picked":["Steam+1","Turbo"],"picked":"Glacier","floor":24.0},{"not_picked":["Redo","Sweeping Beam+1"],"picked":"Compile Driver+1","floor":25.0},{"not_picked":["White Noise","Sunder+1","Compile Driver+1"],"picked":"SKIP","floor":27.0},{"not_picked":["Turbo","Steam"],"picked":"Recycle","floor":28.0},{"not_picked":["Beam Cell+1","Rebound+1"],"picked":"Echo Form","floor":31.0},{"not_picked":["Rainbow","Multi-Cast"],"picked":"Electrodynamics","floor":33.0},{"not_picked":["BootSequence","Storm","Beam Cell+1"],"picked":"SKIP","floor":35.0},{"not_picked":["Lockon+1","Hologram","Rebound+1"],"picked":"SKIP","floor":37.0},{"not_picked":["Genetic Algorithm","Steam"],"picked":"Go for the Eyes+1","floor":38.0}],"player_experience":22190327,"relics_obtained":[{"floor":7.0,"key":"Anchor"},{"floor":9.0,"key":"Blood Vial"},{"floor":10.0,"key":"Molten Egg 2"},{"floor":12.0,"key":"Whetstone"},{"floor":19.0,"key":"Red Mask"},{"floor":23.0,"key":"FossilizedHelix"},{"floor":25.0,"key":"Centennial Puzzle"},{"floor":26.0,"key":"CeramicFish"},{"floor":27.0,"key":"Bag of Marbles"},{"floor":31.0,"key":"Pantograph"},{"floor":36.0,"key":"Pocketwatch"}],"event_choices":[{"damage_healed":0.0,"max_hp_gain":0.0,"max_hp_loss":0.0,"gold_gain":0.0,"event_name":"Shining Light","player_choice":"Entered Light","floor":2.0,"gold_loss":0.0,"damage_taken":21.0,"cards_upgraded":["Defend_B","Zap"]},{"damage_healed":0.0,"max_hp_gain":0.0,"max_hp_loss":0.0,"gold_gain":0.0,"event_name":"FaceTrader","player_choice":"Leave","floor":4.0,"gold_loss":0.0,"damage_taken":0.0},{"damage_healed":0.0,"max_hp_gain":0.0,"max_hp_loss":0.0,"gold_gain":0.0,"event_name":"Masked Bandits","player_choice":"Fought Bandits","floor":19.0,"gold_loss":0.0,"damage_taken":0.0},{"damage_healed":0.0,"max_hp_gain":0.0,"max_hp_loss":0.0,"gold_gain":275.0,"event_name":"Golden Shrine","player_choice":"Desecrate","floor":20.0,"gold_loss":0.0,"damage_taken":0.0,"cards_obtained":["Regret"]},{"damage_healed":0.0,"max_hp_gain":0.0,"max_hp_loss":0.0,"gold_gain":0.0,"event_name":"Lab","player_choice":"Got Potions","floor":29.0,"gold_loss":0.0,"damage_taken":0.0}],"is_beta":false,"boss_relics":[{"not_picked":["Fusion Hammer","Sozu"],"picked":"Runic Dome"},{"not_picked":["Cursed Key","Nuclear Battery"],"picked":"SlaversCollar"}],"items_purged_floors":[21,39],"is_endless":false,"potions_floor_spawned":[1,5,10,12,13,14,22,25,27,28,31,38],"killed_by":"Giant Head","ascension_level":20}}