{"host":"mo4d2vii2wc3uyp7","time":1613287603,"event":{"mods":["AchievementEnabler","BaseMod","Colored Map","Highlight Path","Keyboard Shortcuts","Minty Spire (QoL Compilation)","Permanent Neow","Quick Restart","Shop Mod","StSLib","SuperFastMode","everything is the same but u backflip on backflip"],"gold_per_floor":[118,118,138,154,174,174,206,206,206,206,140,150,166,196,196,299,299,310,184,194,211,226,251,251,277,355,372,11,26,26,36,36,137,137,156,511,511,561,611,611,124,124,178,203,214,233,233,261,261,261],"floor_reached":51,"language":"KOR","playtime":2102,"items_purged":["Defend_G","Strike_G","Strike_G"],"score":969,"play_id":"18a281a8-ef95-426a-a32e-8c88ee9f537b","local_time":"20210214162643","is_ascension_mode":true,"campfire_choices":[{"data":"Neutralize","floor":6.0,"key":"SMITH"},{"data":"Dagger Spray","floor":8.0,"key":"SMITH"},{"data":"Survivor","floor":10.0,"key":"SMITH"},{"floor":15.0,"key":"REST"},{"data":"Tactician","floor":24.0,"key":"SMITH"},{"floor":30.0,"key":"REST"},{"floor":32.0,"key":"REST"},{"data":"Venomology","floor":40,"key":"SMITH"},{"data":"Storm of Steel","floor":42,"key":"SMITH"},{"data":"Footwork","floor":47,"key":"SMITH"},{"floor":49,"key":"REST"}],"circlet_count":0,"master_deck":["Strike_G","Strike_G","Defend_G+1","Defend_G","Defend_G","Defend_G","Survivor+1","Neutralize+1","Prepared","Dagger Throw","Footwork+1","Dagger Spray+1","Corpse Explosion","Endless Agony","Reflex+1","Tactician+1","Storm of Steel+1","Bane","Quick Slash","After Image","Escape Plan+1","All Out Attack","Venomology+1","Poisoned Stab+1","Caltrops","Backflip"],"relics":["Ring of the Serpent","Gambling Chip","Tiny Chest","Oddly Smooth Stone","Ninja Scroll","War Paint","Singing Bowl","Bottled Tornado","Bottled Lightning","Mummified Hand","HoveringKite","Old Coin","Strawberry","Lizard Tail","Orichalcum","HandDrill","Omamori","Ancient Tea Set","Boot"],"acts_visited":["Exordium","TheCity","TheBeyond"],"potions_floor_usage":[36,36,44,44,46,46,48,50,50],"damage_taken":[{"damage":0.0,"enemies":"Small Slimes","floor":1.0,"turns":4.0},{"damage":0.0,"enemies":"2 Louse","floor":3.0,"turns":3.0},{"damage":1.0,"enemies":"Cultist","floor":4.0,"turns":3.0},{"damage":3.0,"enemies":"2 Fungi Beasts","floor":5.0,"turns":6.0},{"damage":15.0,"enemies":"Gremlin Nob","floor":7.0,"turns":5.0},{"damage":0.0,"enemies":"3 Louse","floor":12.0,"turns":2.0},{"damage":0.0,"enemies":"Red Slaver","floor":13.0,"turns":4.0},{"damage":9.0,"enemies":"Lagavulin","floor":14.0,"turns":5.0},{"damage":28.0,"enemies":"Hexaghost","floor":16.0,"turns":11.0},{"damage":0.0,"enemies":"Chosen","floor":18.0,"turns":5.0},{"damage":10.0,"enemies":"Spheric Guardian","floor":20.0,"turns":3.0},{"damage":1.0,"enemies":"Centurion and Healer","floor":21.0,"turns":3.0},{"damage":9.0,"enemies":"Shelled Parasite and Fungi","floor":22.0,"turns":8.0},{"damage":27.0,"enemies":"Slavers","floor":23.0,"turns":5.0},{"damage":0.0,"enemies":"Gremlin Leader","floor":25.0,"turns":5.0},{"damage":0.0,"enemies":"3 Cultists","floor":27.0,"turns":2.0},{"damage":21.0,"enemies":"Snake Plant","floor":29.0,"turns":7.0},{"damage":0.0,"enemies":"Snecko","floor":31.0,"turns":5.0},{"damage":28.0,"enemies":"Collector","floor":33.0,"turns":13.0},{"damage":16.0,"enemies":"3 Darklings","floor":35.0,"turns":6.0},{"damage":0,"enemies":"2 Orb Walkers","floor":36,"turns":3},{"damage":0,"enemies":"Mind Bloom Boss Battle","floor":39,"turns":7},{"damage":10,"enemies":"Giant Head","floor":44,"turns":9},{"damage":0,"enemies":"3 Shapes","floor":45,"turns":2},{"damage":13,"enemies":"Sphere and 2 Shapes","floor":46,"turns":5},{"damage":22,"enemies":"Reptomancer","floor":48,"turns":9},{"damage":59,"enemies":"Donu and Deca","floor":50,"turns":14}],"seed_played":"-5963033918370602526","potions_obtained":[{"floor":4.0,"key":"GamblersBrew"},{"floor":13.0,"key":"SneckoOil"},{"floor":14.0,"key":"Strength Potion"},{"floor":16.0,"key":"CunningPotion"},{"floor":20.0,"key":"AttackPotion"},{"floor":23.0,"key":"Swift Potion"},{"floor":31.0,"key":"Energy Potion"},{"floor":33.0,"key":"Block Potion"},{"floor":36,"key":"SpeedPotion"},{"floor":39,"key":"Strength Potion"},{"floor":45,"key":"Weak Potion"},{"floor":48,"key":"SneckoOil"}],"is_trial":false,"path_per_floor":["M","?","M","M","M","R","E","R","T","R","?","M","M","E","R","B",null,"M","$","M","M","M","E","R","E","T","M","$","M","R","M","R","B",null,"M","?","?","T","?","R","$","R","T","E","M","M","R","E","R","B",null],"character_chosen":"THE_SILENT","items_purchased":["Quick Slash","Mummified Hand","Caltrops","Orichalcum","HandDrill"],"campfire_rested":4,"item_purchase_floors":[19,28,41,41,41],"current_hp_per_floor":[49,42,42,41,38,38,23,23,23,23,23,23,23,14,35,7,70,70,70,60,59,50,25,25,25,25,27,27,8,30,30,52,24,76,62,62,62,69,71,71,71,71,71,63,63,52,52,32,58,44],"gold":261,"neow_bonus":"ONE_RARE_RELIC","is_daily":false,"chose_seed":false,"campfire_upgraded":7,"win_rate":0.0,"timestamp":1613287603,"path_taken":["M","?","M","M","M","R","E","R","T","R","?","M","M","E","R","BOSS","M","$","M","M","M","E","R","E","T","M","$","M","R","M","R","BOSS","M","?","?","?","?","R","$","R","T","E","M","M","R","E","R","BOSS"],"items_purchased_type":["Card","Relic","Card","Relic","Relic"],"build_version":"2020-12-22","purchased_purges":3,"victory":true,"max_hp_per_floor":[70,70,70,70,70,70,70,70,70,70,70,70,70,70,70,70,70,70,70,70,70,70,72,72,72,72,74,74,76,76,76,76,76,76,78,78,74,81,83,83,83,83,83,85,85,87,87,89,89,89],"card_choices":[{"not_picked":["Blade Dance","Masterful Stab"],"picked":"Prepared","floor":1.0},{"not_picked":["PiercingWail","Blur"],"picked":"Dagger Throw","floor":3.0},{"not_picked":["Crippling Poison","Flechettes"],"picked":"Footwork","floor":4.0},{"not_picked":["Predator","Leg Sweep"],"picked":"Dagger Spray","floor":5.0},{"not_picked":["Bouncing Flask","Finisher"],"picked":"Corpse Explosion","floor":7.0},{"not_picked":["Sucker Punch","Deflect"],"picked":"Endless Agony","floor":12.0},{"not_picked":["Slice","Leg Sweep"],"picked":"Reflex","floor":13.0},{"not_picked":["Footwork","Dagger Throw"],"picked":"Tactician","floor":14.0},{"not_picked":["Grand Finale","Tools of the Trade"],"picked":"Storm of Steel","floor":16.0},{"not_picked":["Quick Slash","Blade Dance"],"picked":"Bane","floor":18.0},{"not_picked":["PiercingWail+1","Sucker Punch","Dagger Throw"],"picked":"SKIP","floor":20.0},{"not_picked":["Skewer","Accuracy+1"],"picked":"After Image","floor":21.0},{"not_picked":["Dodge and Roll","Flying Knee","Sucker Punch"],"picked":"SKIP","floor":22.0},{"not_picked":["Concentrate","Dagger Throw+1","Choke+1"],"picked":"Singing Bowl","floor":23.0},{"not_picked":["Predator","Deflect+1"],"picked":"Escape Plan+1","floor":25.0},{"not_picked":["Dagger Throw","Flying Knee","Cloak And Dagger"],"picked":"Singing Bowl","floor":27.0},{"not_picked":["Slice","Blade Dance","Bane"],"picked":"Singing Bowl","floor":29.0},{"not_picked":["Corpse Explosion","Predator"],"picked":"All Out Attack","floor":31.0},{"not_picked":["A Thousand Cuts","Phantasmal Killer"],"picked":"Venomology","floor":33.0},{"not_picked":["PiercingWail+1","Bouncing Flask","Finisher"],"picked":"Singing Bowl","floor":35.0},{"not_picked":["All Out Attack+1","Dagger Spray"],"picked":"Poisoned Stab+1","floor":36},{"not_picked":["Prepared","Expertise","Bane+1"],"picked":"Singing Bowl","floor":39},{"not_picked":["Infinite Blades","Dash","Eviscerate"],"picked":"Singing Bowl","floor":44},{"not_picked":["Dash+1","Blade Dance+1"],"picked":"Backflip","floor":45},{"not_picked":["Flying Knee+1","Poisoned Stab+1","All Out Attack+1"],"picked":"Singing Bowl","floor":46},{"not_picked":["Burst","Venomology","Bane"],"picked":"Singing Bowl","floor":48}],"player_experience":626417,"relics_obtained":[{"floor":7.0,"key":"Tiny Chest"},{"floor":9.0,"key":"Oddly Smooth Stone"},{"floor":14.0,"key":"War Paint"},{"floor":23.0,"key":"Singing Bowl"},{"floor":25.0,"key":"Bottled Tornado"},{"floor":26.0,"key":"Bottled Lightning"},{"floor":36,"key":"Old Coin"},{"floor":38,"key":"Strawberry"},{"floor":39,"key":"Lizard Tail"},{"floor":43,"key":"Omamori"},{"floor":44,"key":"Ancient Tea Set"},{"floor":48,"key":"Boot"}],"event_choices":[{"cards_removed":["Strike_G"],"damage_healed":0.0,"max_hp_gain":0.0,"max_hp_loss":0.0,"gold_gain":0.0,"event_name":"Golden Wing","player_choice":"Card Removal","floor":2.0,"gold_loss":0.0,"damage_taken":7.0},{"damage_healed":0.0,"max_hp_gain":0.0,"max_hp_loss":0.0,"gold_gain":0.0,"event_name":"WeMeetAgain","player_choice":"Paid Gold","floor":11.0,"gold_loss":66.0,"damage_taken":0.0,"relics_obtained":["Ninja Scroll"]},{"damage_healed":0,"gold_gain":0,"player_choice":"Fight","damage_taken":0,"max_hp_gain":0,"max_hp_loss":0,"event_name":"Mysterious Sphere","floor":36,"gold_loss":0},{"damage_healed":0,"gold_gain":0,"player_choice":"Max HP","damage_taken":0,"max_hp_gain":0,"max_hp_loss":4,"event_name":"Winding Halls","floor":37,"gold_loss":0},{"damage_healed":0,"gold_gain":0,"player_choice":"Fight","damage_taken":0,"max_hp_gain":0,"max_hp_loss":0,"event_name":"MindBloom","floor":39,"gold_loss":0}],"is_beta":false,"boss_relics":[{"not_picked":["Empty Cage","Cursed Key"],"picked":"Ring of the Serpent"},{"not_picked":["Snecko Eye","Runic Pyramid"],"picked":"HoveringKite"}],"items_purged_floors":[19,28,41],"is_endless":false,"potions_floor_spawned":[4,13,14,16,20,23,31,33,36,39,45,48],"ascension_level":1}}