{"host":"08xvxt5w1s7zc7e5","time":1613298371,"event":{"mods":["AchievementEnabler","BaseMod","DeckTracker","Minty Spire (QoL Compilation)","Quick Restart","StSLib","SuperFastMode"],"gold_per_floor":[113,124,136,152,169,169,187,217,217,232,290,290,290,290,290,290,290],"floor_reached":16,"language":"KOR","playtime":444,"items_purged":[],"score":130,"play_id":"a40747a2-c7f6-4b66-a813-0436ad228950","local_time":"20210214192611","is_ascension_mode":true,"campfire_choices":[{"data":"Neutralize","floor":6,"key":"SMITH"},{"data":"Burst","floor":12,"key":"SMITH"},{"floor":15,"key":"REST"}],"circlet_count":0,"master_deck":["Strike_G","Strike_G","Strike_G","Strike_G","Strike_G","Defend_G","Defend_G","Defend_G","Defend_G","Defend_G","Survivor","Neutralize+1","Backstab","Riddle With Holes","Backflip","Footwork","PiercingWail","Burst+1","Heel Hook"],"relics":["Ring of the Snake","NeowsBlessing","Strawberry","Shuriken","Vajra"],"acts_visited":["Exordium"],"potions_floor_usage":[8,8,11],"damage_taken":[{"damage":0,"enemies":"Jaw Worm","floor":1,"turns":1},{"damage":0,"enemies":"2 Louse","floor":2,"turns":1},{"damage":0,"enemies":"Small Slimes","floor":3,"turns":1},{"damage":6,"enemies":"Looter","floor":4,"turns":3},{"damage":1,"enemies":"2 Fungi Beasts","floor":5,"turns":5},{"damage":0,"enemies":"Red Slaver","floor":7,"turns":4},{"damage":30,"enemies":"Gremlin Nob","floor":8,"turns":4},{"damage":5,"enemies":"Large Slime","floor":10,"turns":11},{"damage":17,"enemies":"3 Sentries","floor":11,"turns":6},{"damage":42,"enemies":"Slime Boss","floor":16,"turns":14}],"seed_played":"-4269003220070131856","potions_obtained":[{"floor":1,"key":"SneckoOil"},{"floor":2,"key":"Explosive Potion"},{"floor":3,"key":"Poison Potion"}],"is_trial":false,"path_per_floor":["M","M","M","M","M","R","M","E","T","M","?","R","?","?","R","B"],"character_chosen":"THE_SILENT","items_purchased":[],"campfire_rested":1,"item_purchase_floors":[],"current_hp_per_floor":[70,70,70,64,63,63,63,40,40,35,18,18,18,18,41,0,0],"gold":290,"neow_bonus":"THREE_ENEMY_KILL","is_daily":false,"chose_seed":false,"campfire_upgraded":2,"win_rate":0.0,"timestamp":1613298371,"path_taken":["M","M","M","M","M","R","M","E","T","M","?","R","?","?","R","BOSS"],"items_purchased_type":[],"build_version":"2020-12-22","purchased_purges":0,"victory":false,"max_hp_per_floor":[70,70,70,70,70,70,70,77,77,77,77,77,77,77,77,77,77],"card_choices":[{"not_picked":["Outmaneuver","Dagger Throw"],"picked":"Backstab","floor":1},{"not_picked":["Concentrate","Slice"],"picked":"Riddle With Holes","floor":2},{"not_picked":["Deflect","Dodge and Roll"],"picked":"Backflip","floor":3},{"not_picked":["Expertise","Choke","Backstab"],"picked":"SKIP","floor":4},{"not_picked":["Terror","Quick Slash"],"picked":"Footwork","floor":5},{"not_picked":["Riddle With Holes","Masterful Stab"],"picked":"PiercingWail","floor":7},{"not_picked":["Concentrate","Dodge and Roll"],"picked":"Burst","floor":8},{"not_picked":["Flying Knee","Prepared","Deflect"],"picked":"SKIP","floor":10},{"not_picked":["Flying Knee","Deadly Poison"],"picked":"Heel Hook","floor":11}],"player_experience":369330,"relics_obtained":[{"floor":8,"key":"Strawberry"},{"floor":9,"key":"Shuriken"}],"event_choices":[{"damage_healed":0,"gold_gain":30,"player_choice":"Searched \u00273\u0027 times","damage_taken":0,"relics_obtained":["Vajra"],"max_hp_gain":0,"max_hp_loss":0,"event_name":"Dead Adventurer","floor":11,"gold_loss":0},{"damage_healed":0,"gold_gain":0,"player_choice":"Ignored","damage_taken":0,"max_hp_gain":0,"max_hp_loss":0,"event_name":"Liars Game","floor":13,"gold_loss":0},{"damage_healed":0,"gold_gain":0,"player_choice":"Ignored","damage_taken":0,"max_hp_gain":0,"max_hp_loss":0,"event_name":"Shining Light","floor":14,"gold_loss":0}],"is_beta":false,"boss_relics":[],"items_purged_floors":[],"is_endless":false,"potions_floor_spawned":[1,2,3,7],"killed_by":"Slime Boss","ascension_level":5}}