{"host":"5y2vm16xfq9gfmb2","time":1613269670,"event":{"mods":["AchievementEnabler","BaseMod","Better Third Choice","Colored Map","Colored Powertips","DeckTracker","Marisa????????","Minty Spire (QoL Compilation)","Rare Cards Sparkle","Relic Stats","StSLib","The Alterego","The Animator","The Marked","The Servant 0.9.4"],"gold_per_floor":[359,359,359,117,130,157,170,170,170,26,36,36,66,82,82,185,185,197,210,220,220,238,267,267,294,340,340,340],"floor_reached":27,"language":"ENG","playtime":1379,"items_purged":["animator:Curse_GriefSeed"],"score":276,"play_id":"ab8e8750-9af1-465f-bfd0-926d38349add","local_time":"20210213212750","is_ascension_mode":true,"campfire_choices":[{"floor":8,"key":"RECALL"},{"floor":15,"key":"REST"},{"floor":24,"key":"REST"}],"circlet_count":0,"master_deck":["Strike_B","Strike_B","Strike_B","Defend_B+1","Defend_B","Defend_B","Defend_B","Zap+1","Dualcast+1","Ball Lightning","Cold Snap","Jack Of All Trades","Cold Snap","Leap","Hello World","Defragment","FTL+1","Compile Driver+1","Biased Cognition","Genetic Algorithm","Creative AI","Redo+1","Streamline+1","Chill","Cold Snap+1","Stack+1","Ball Lightning+1","Seek"],"relics":["Cracked Core","Blood Vial","Smiling Mask","Molten Egg 2","Lee\u0027s Waffle","Dream Catcher","Nuclear Battery","War Paint","MealTicket","Regal Pillow"],"acts_visited":["Exordium","TheCity"],"potions_floor_usage":[16,16,16,21,22,23,25],"damage_taken":[{"damage":5,"enemies":"Cultist","floor":1,"turns":4},{"damage":6,"enemies":"2 Louse","floor":5,"turns":2},{"damage":12,"enemies":"Gremlin Nob","floor":6,"turns":4},{"damage":3,"enemies":"Jaw Worm","floor":7,"turns":2},{"damage":13,"enemies":"Gremlin Gang","floor":11,"turns":3},{"damage":10,"enemies":"3 Sentries","floor":13,"turns":5},{"damage":0,"enemies":"Exordium Wildlife","floor":14,"turns":3},{"damage":27,"enemies":"The Guardian","floor":16,"turns":8},{"damage":19,"enemies":"2 Thieves","floor":18,"turns":4},{"damage":0,"enemies":"Chosen","floor":19,"turns":4},{"damage":23,"enemies":"Shelled Parasite and Fungi","floor":20,"turns":5},{"damage":11,"enemies":"Snecko","floor":22,"turns":6},{"damage":4,"enemies":"Book of Stabbing","floor":23,"turns":5},{"damage":44,"enemies":"Slavers","floor":25,"turns":6},{"damage":25,"enemies":"Snake Plant","floor":27,"turns":2}],"seed_played":"3278627201297819519","potions_obtained":[{"floor":1,"key":"Block Potion"},{"floor":6,"key":"Dexterity Potion"},{"floor":11,"key":"PotionOfCapacity"},{"floor":14,"key":"SkillPotion"},{"floor":16,"key":"AttackPotion"},{"floor":19,"key":"Swift Potion"},{"floor":21,"key":"Fruit Juice"},{"floor":21,"key":"SneckoOil"},{"floor":23,"key":"SpeedPotion"}],"is_trial":false,"path_per_floor":["M","?","?","$","M","E","M","R","T","$","M","?","E","M","R","B",null,"M","M","M","?","M","E","R","E","T","M"],"character_chosen":"DEFECT","items_purchased":["Blood Vial","Cold Snap","Lee\u0027s Waffle"],"campfire_rested":2,"item_purchase_floors":[4,4,10],"current_hp_per_floor":[70,55,55,55,51,41,40,40,40,82,69,69,61,63,82,55,82,63,65,44,49,40,38,64,22,22,0,0],"gold":340,"neow_bonus":"TWO_FIFTY_GOLD","is_daily":false,"chose_seed":false,"campfire_upgraded":0,"win_rate":0.0,"timestamp":1613269670,"path_taken":["M","?","?","$","?","E","M","R","T","$","M","?","E","M","R","BOSS","M","?","M","?","?","E","R","E","T","M"],"items_purchased_type":["Relic","Card","Relic"],"build_version":"2020-12-22","purchased_purges":1,"victory":false,"max_hp_per_floor":[75,75,75,75,75,75,75,75,75,82,82,82,82,82,82,82,82,82,82,82,87,87,87,87,87,87,87,87],"relic_stats":{"Blood Vial":22,"Lee\u0027s Waffle":42,"Dream Catcher":2,"Regal Pillow":0,"counters":[15,63],"MealTicket":0,"War Paint":["Dualcast","Redo"],"Smiling Mask":0,"obtain_stats":[{"Blood Vial":4,"Lee\u0027s Waffle":10,"Dream Catcher":13,"Regal Pillow":26,"Molten Egg 2":9,"MealTicket":25,"War Paint":23,"Cracked Core":0,"Smiling Mask":6,"Nuclear Battery":17},{"Blood Vial":1,"Lee\u0027s Waffle":4,"Dream Catcher":6,"Regal Pillow":14,"Molten Egg 2":4,"MealTicket":14,"War Paint":13,"Cracked Core":0,"Smiling Mask":3,"Nuclear Battery":8},{"Blood Vial":4,"Lee\u0027s Waffle":12,"Dream Catcher":20,"Regal Pillow":61,"Molten Egg 2":12,"MealTicket":61,"War Paint":55,"Cracked Core":0,"Smiling Mask":10,"Nuclear Battery":31}]},"card_choices":[{"not_picked":["Sweeping Beam","Fusion"],"picked":"Ball Lightning","floor":1},{"not_picked":["Chill","Skim"],"picked":"Leap","floor":5},{"not_picked":["Conserve Battery","Rebound"],"picked":"Hello World","floor":6},{"not_picked":["Ball Lightning","Beam Cell"],"picked":"Defragment","floor":7},{"not_picked":["Heatsinks","Hello World"],"picked":"FTL+1","floor":11},{"not_picked":["Hologram","Reprogram"],"picked":"Compile Driver+1","floor":13},{"not_picked":["Turbo","Stack"],"picked":"Biased Cognition","floor":14},{"not_picked":["Coolheaded","Reinforced Body"],"picked":"Genetic Algorithm","floor":15},{"not_picked":["Electrodynamics","Fission"],"picked":"Creative AI","floor":16},{"not_picked":["Turbo","Steam"],"picked":"Redo","floor":18},{"not_picked":["Leap+1","Reinforced Body"],"picked":"Streamline+1","floor":19},{"not_picked":["Fission","Tempest"],"picked":"Chill","floor":20},{"not_picked":["Compile Driver+1","Scrape+1"],"picked":"Cold Snap+1","floor":22},{"not_picked":["Streamline+1","Sunder+1"],"picked":"Stack+1","floor":23},{"not_picked":["Auto Shields","Fusion"],"picked":"Ball Lightning+1","floor":24},{"not_picked":["Turbo","Hello World+1"],"picked":"Seek","floor":25}],"player_experience":97411,"relics_obtained":[{"floor":6,"key":"Smiling Mask"},{"floor":9,"key":"Molten Egg 2"},{"floor":13,"key":"Dream Catcher"},{"floor":23,"key":"War Paint"},{"floor":25,"key":"MealTicket"},{"floor":26,"key":"Regal Pillow"}],"event_choices":[{"damage_healed":70,"gold_gain":0,"player_choice":"Upgrade","damage_taken":15,"max_hp_gain":0,"max_hp_loss":75,"event_name":"betterThird:BetterShining","floor":2,"gold_loss":0,"cards_upgraded":["Defend_B","Zap"]},{"damage_healed":0,"gold_gain":0,"player_choice":"2 cards matched","damage_taken":0,"max_hp_gain":0,"max_hp_loss":0,"event_name":"Match and Keep!","floor":3,"gold_loss":0,"cards_obtained":["Cold Snap","Jack Of All Trades"]},{"cards_removed":["Strike_B"],"damage_healed":0,"gold_gain":0,"player_choice":"Offered Basic","damage_taken":0,"max_hp_gain":0,"max_hp_loss":0,"event_name":"Bonfire Elementals","floor":12,"gold_loss":0},{"damage_healed":0,"gold_gain":0,"player_choice":"Got Potions","damage_taken":0,"max_hp_gain":0,"max_hp_loss":0,"event_name":"Lab","floor":21,"gold_loss":0}],"is_beta":false,"boss_relics":[{"not_picked":["Cursed Key","Coffee Dripper"],"picked":"Nuclear Battery"}],"items_purged_floors":[4],"is_endless":false,"potions_floor_spawned":[1,6,11,14,16,19,23],"killed_by":"Snake Plant","ascension_level":1}}