{"host":"8eqe2o2g03nh9rfw","time":1613332489,"event":{"mods":["AchievementEnabler","AlwaysNeverKeys","BaseMod","Better Third Choice","Block Reminder","Colored Map","Colored Powertips","GifTheSpireLib","Minty Spire (QoL Compilation)","Permanent Neow","Quick Restart","StSLib","Weighted Paths"],"gold_per_floor":[112,127,137,154,172,172,201,201,201,201,11,11,11,31,31,134,134,146,146,146,160,160,160,172,199,224,236,11,11,11,37,37,140,140,151,161,174,26,39,39,55,55,55,55,55,85,85,102,102,102,102],"floor_reached":50,"language":"ENG","playtime":2244,"items_purged":["Defend_G"],"score":562,"play_id":"c9d0645a-1bbd-43b1-9017-80b12f3e73e3","local_time":"20210214145449","is_ascension_mode":false,"campfire_choices":[{"data":"Dash","floor":6,"key":"SMITH"},{"floor":10,"key":"REST"},{"floor":12,"key":"REST"},{"data":"Envenom","floor":15,"key":"SMITH"},{"data":"Corpse Explosion","floor":23,"key":"SMITH"},{"floor":29,"key":"REST"},{"floor":32,"key":"REST"},{"floor":40,"key":"REST"},{"floor":45,"key":"REST"},{"floor":47,"key":"REST"},{"floor":49,"key":"REST"}],"circlet_count":0,"master_deck":["Strike_G","Strike_G","Strike_G","Strike_G","Strike_G","Defend_G","Defend_G","Defend_G","Defend_G","Survivor","Neutralize","Sucker Punch","Underhanded Strike","Dash+1","Flying Knee","Envenom+1","Outmaneuver","Quick Slash","Dagger Throw","Expertise","Eviscerate","Corpse Explosion+1","Masterful Stab+1","RitualDagger","Escape Plan","Prepared","Slice","Deadly Poison","PiercingWail","Shame","Choke","After Image","Masterful Stab+1","Heel Hook","Acrobatics+1","Backflip","Blind","Skewer"],"relics":["Ring of the Snake","Oddly Smooth Stone","Mercury Hourglass","Runic Dome","Ornamental Fan","Question Card","MealTicket","HandDrill","Juzu Bracelet","Nunchaku","Busted Crown","TwistedFunnel","Paper Crane","InkBottle"],"acts_visited":["Exordium","TheCity","TheBeyond"],"potions_floor_usage":[4,7,16,25,31,33,41,46,50],"damage_taken":[{"damage":3,"enemies":"Jaw Worm","floor":1,"turns":5},{"damage":2,"enemies":"Small Slimes","floor":2,"turns":4},{"damage":0,"enemies":"2 Louse","floor":3,"turns":3},{"damage":5,"enemies":"Looter","floor":4,"turns":3},{"damage":0,"enemies":"2 Fungi Beasts","floor":5,"turns":4},{"damage":31,"enemies":"Gremlin Nob","floor":7,"turns":5},{"damage":0,"enemies":"Blue Slaver","floor":14,"turns":3},{"damage":25,"enemies":"The Guardian","floor":16,"turns":12},{"damage":15,"enemies":"2 Thieves","floor":18,"turns":4},{"damage":4,"enemies":"Spheric Guardian","floor":21,"turns":3},{"damage":0,"enemies":"3 Cultists","floor":24,"turns":2},{"damage":13,"enemies":"Book of Stabbing","floor":25,"turns":5},{"damage":7,"enemies":"Snake Plant","floor":27,"turns":4},{"damage":11,"enemies":"Gremlin Leader","floor":31,"turns":4},{"damage":46,"enemies":"Automaton","floor":33,"turns":10},{"damage":29,"enemies":"3 Darklings","floor":35,"turns":4},{"damage":3,"enemies":"3 Shapes","floor":36,"turns":2},{"damage":32,"enemies":"3 Darklings","floor":37,"turns":3},{"damage":18,"enemies":"4 Shapes","floor":39,"turns":2},{"damage":25,"enemies":"Writhing Mass","floor":41,"turns":4},{"damage":0,"enemies":"Reptomancer","floor":46,"turns":4},{"damage":4,"enemies":"Sphere and 2 Shapes","floor":48,"turns":3},{"damage":99,"enemies":"Time Eater","floor":50,"turns":12}],"seed_played":"-6003421398623881870","potions_obtained":[{"floor":4,"key":"EntropicBrew"},{"floor":18,"key":"SpeedPotion"},{"floor":25,"key":"Swift Potion"},{"floor":31,"key":"SneckoOil"},{"floor":33,"key":"Swift Potion"},{"floor":48,"key":"Strength Potion"}],"is_trial":false,"path_per_floor":["M","M","M","M","M","R","E","?","T","R","$","R","$","M","R","B",null,"M","?","?","M","?","R","M","E","T","M","$","R","?","E","R","B",null,"M","M","M","$","M","R","M","?","T","?","R","E","R","M","R","B"],"character_chosen":"THE_SILENT","items_purchased":["FairyPotion","Dagger Throw","Expertise","HandDrill","TwistedFunnel"],"campfire_rested":8,"item_purchase_floors":[11,11,11,28,38],"current_hp_per_floor":[67,65,65,60,60,60,29,34,34,56,56,75,75,75,75,50,75,60,60,54,50,50,50,50,37,37,30,45,67,67,56,75,29,75,46,43,11,26,8,30,5,5,5,5,27,27,49,45,67,0,0],"gold":102,"neow_bonus":"THREE_CARDS","is_daily":false,"chose_seed":false,"campfire_upgraded":3,"win_rate":0.0,"timestamp":1613332489,"path_taken":["M","M","M","M","M","R","E","?","T","R","$","R","$","M","R","BOSS","M","?","?","M","?","R","?","E","T","M","$","R","?","E","R","BOSS","M","M","M","$","M","R","M","?","T","?","R","E","R","M","R","BOSS"],"items_purchased_type":["Potion","Card","Card","Relic","Relic"],"build_version":"2020-12-22","purchased_purges":1,"victory":false,"max_hp_per_floor":[70,70,70,70,70,70,70,75,75,75,75,75,75,75,75,75,75,75,75,75,75,75,75,75,75,75,75,75,75,75,75,75,75,75,75,75,75,75,75,75,75,75,75,75,75,75,75,75,75,75,75],"card_choices":[{"not_picked":["Backflip","Bane"],"picked":"Sucker Punch","floor":0},{"not_picked":["Dagger Spray","Sucker Punch"],"picked":"Underhanded Strike","floor":1},{"not_picked":["Masterful Stab","Flechettes"],"picked":"Dash","floor":2},{"not_picked":["Crippling Poison","Poisoned Stab"],"picked":"Flying Knee","floor":3},{"not_picked":["PiercingWail","Deadly Poison"],"picked":"Envenom","floor":4},{"not_picked":["Calculated Gamble","Caltrops"],"picked":"Outmaneuver","floor":5},{"not_picked":["Poisoned Stab","Blur"],"picked":"Quick Slash","floor":7},{"not_picked":["Reflex","Backflip"],"picked":"Eviscerate","floor":14},{"not_picked":["Tools of the Trade","A Thousand Cuts"],"picked":"Corpse Explosion","floor":16},{"not_picked":["Dagger Throw","Skewer"],"picked":"Masterful Stab+1","floor":18},{"not_picked":["Crippling Poison","Sucker Punch"],"picked":"Escape Plan","floor":21},{"not_picked":["Catalyst","Finisher"],"picked":"Slice","floor":24},{"not_picked":["Flechettes","Accuracy"],"picked":"Deadly Poison","floor":25},{"not_picked":["Leg Sweep","Flying Knee","Cloak And Dagger"],"picked":"PiercingWail","floor":27},{"not_picked":["Reflex","Footwork","Deadly Poison+1"],"picked":"Choke","floor":31},{"not_picked":["Corpse Explosion","Die Die Die","Venomology"],"picked":"After Image","floor":33},{"not_picked":["Accuracy"],"picked":"Masterful Stab+1","floor":35},{"not_picked":["Sucker Punch+1"],"picked":"Heel Hook","floor":36},{"not_picked":["Outmaneuver","Dagger Throw"],"picked":"SKIP","floor":37},{"not_picked":["Bane"],"picked":"Acrobatics+1","floor":39},{"not_picked":["Deadly Poison"],"picked":"Backflip","floor":41},{"not_picked":["Forethought"],"picked":"Blind","floor":44},{"not_picked":["Blur","Dagger Spray+1"],"picked":"SKIP","floor":46},{"not_picked":["Cloak And Dagger+1"],"picked":"Skewer","floor":48}],"player_experience":116751,"relics_obtained":[{"floor":7,"key":"Oddly Smooth Stone"},{"floor":9,"key":"Mercury Hourglass"},{"floor":25,"key":"Question Card"},{"floor":26,"key":"MealTicket"},{"floor":31,"key":"Nunchaku"},{"floor":43,"key":"Paper Crane"},{"floor":46,"key":"InkBottle"}],"event_choices":[{"damage_healed":0,"gold_gain":0,"player_choice":"Donut","damage_taken":0,"max_hp_gain":5,"max_hp_loss":0,"event_name":"Big Fish","floor":8,"gold_loss":0},{"damage_healed":0,"gold_gain":0,"player_choice":"Opened","damage_taken":0,"relics_obtained":["Ornamental Fan"],"max_hp_gain":0,"max_hp_loss":0,"event_name":"The Mausoleum","floor":19,"gold_loss":0},{"damage_healed":0,"gold_gain":0,"player_choice":"Dagger","damage_taken":6,"max_hp_gain":0,"max_hp_loss":0,"event_name":"betterThird:BetterNest","floor":20,"gold_loss":0,"cards_obtained":["RitualDagger"]},{"damage_healed":0,"gold_gain":0,"player_choice":"Read","damage_taken":0,"max_hp_gain":0,"max_hp_loss":0,"event_name":"The Library","floor":22,"gold_loss":0,"cards_obtained":["Prepared"]},{"damage_healed":0,"gold_gain":0,"player_choice":"Stole Relic","damage_taken":0,"relics_obtained":["Juzu Bracelet"],"max_hp_gain":0,"max_hp_loss":0,"event_name":"Addict","floor":30,"gold_loss":0,"cards_obtained":["Shame"]},{"damage_healed":0,"gold_gain":0,"player_choice":"Ignored","damage_taken":0,"max_hp_gain":0,"max_hp_loss":0,"event_name":"Mysterious Sphere","floor":42,"gold_loss":0},{"damage_healed":0,"gold_gain":0,"player_choice":"Memory 1","damage_taken":0,"max_hp_gain":0,"max_hp_loss":0,"event_name":"SensoryStone","floor":44,"gold_loss":0}],"is_beta":false,"boss_relics":[{"not_picked":["SlaversCollar","Fusion Hammer"],"picked":"Runic Dome"},{"not_picked":["Black Star","Runic Pyramid"],"picked":"Busted Crown"}],"items_purged_floors":[28],"is_endless":false,"potions_floor_spawned":[4,5,18,25,31,33,39,48],"killed_by":"Time Eater","ascension_level":0}}