{"host":"xp5rvh2jwe2ejyfm","time":1613313546,"event":{"mods":["2.2 Compatiblity","Aspiration","BaseMod","Better Altar","Better Match","Better Note","Better Sensory Stone","Better Skull","BetterRewards","Colored Powertips","Conspire","Downfall","GifTheSpireLib","Gremlin Mod","GungeonMod","Hermit","Hubris","Jorbs\u0027s Wanderer Trilogy","Minty Spire (QoL Compilation)","Potionbrewer","Quick Restart","Replay The Spire","Robot Space Explorer","Shade Mod","Somnambulant","StSLib","The Bug Knight","The Clintock","The Construct","The Cursed","The Disciple","The Forsaken","The Hierophant","The Necromancer","The Runesmith","The Servant 0.9.4","The Valiant","The Witch","TheFirefly","thorton"],"gold_per_floor":[113,125,125,46,60,60,93,107,107,107,107,107,121,7,7,106,106,121,49,49,14,25,55,55,55,124,155,155,165,165,165,165,263,263,278,14,14,14,14,14,39,39,39,57,57,57,57,57,57,84,84,84],"floor_reached":51,"language":"ENG","playtime":2164,"items_purged":[],"score":709,"play_id":"dc8c431e-c159-48f6-94a3-4296a5f84ad0","local_time":"20210214093906","is_ascension_mode":false,"campfire_choices":[{"data":"RobotSpaceExplorer:StarDust","floor":6,"key":"SMITH"},{"floor":10,"key":"RECALL"},{"data":"RobotSpaceExplorer:FranticSearch","floor":12,"key":"SMITH"},{"floor":15,"key":"REST"},{"data":"RobotSpaceExplorer:MiniLasers","floor":24,"key":"SMITH"},{"floor":28,"key":"REST"},{"floor":32,"key":"REST"},{"floor":40,"key":"REST"},{"floor":42,"key":"REST"},{"data":"Madness","floor":48,"key":"SMITH"}],"circlet_count":0,"master_deck":["RobotSpaceExplorer:Strike","RobotSpaceExplorer:Strike","RobotSpaceExplorer:Strike","RobotSpaceExplorer:Strike","RobotSpaceExplorer:Defend","RobotSpaceExplorer:Defend","RobotSpaceExplorer:Defend","RobotSpaceExplorer:Defend","RobotSpaceExplorer:Scan","RobotSpaceExplorer:MiniLasers+1","RobotSpaceExplorer:GlueShot","RobotSpaceExplorer:FranticSearch+1","RobotSpaceExplorer:StarDust+1","RobotSpaceExplorer:GlueShot","RobotSpaceExplorer:Accelerator+1","RobotSpaceExplorer:GlueShot","RobotSpaceExplorer:ScrapMissile","RobotSpaceExplorer:FreezeRay+1","RobotSpaceExplorer:SurgingShield+1","RobotSpaceExplorer:BlastShield+1","RobotSpaceExplorer:DoubleFind+1","RobotSpaceExplorer:PowerGlove+1","RobotSpaceExplorer:StarLightning","RobotSpaceExplorer:GlueShot","RobotSpaceExplorer:FreezeRay+1","RobotSpaceExplorer:Pulsar","RobotSpaceExplorer:Probe","RobotSpaceExplorer:ChargingLaser+1","RobotSpaceExplorer:ScrapMissile+1","RobotSpaceExplorer:Discharger+1","RobotSpaceExplorer:FranticSearch+1","Madness+1","Madness","RobotSpaceExplorer:DoubleFind+1","RobotSpaceExplorer:Counterblock","hubris:NaturalOne","RobotSpaceExplorer:DoubleFind+1"],"relics":["RobotSpaceExplorer:RoboCore","NeowsBlessing","Golden Egg","hubris:Icosahedron","Sozu","Anchor","potionbrewer:BottledElixir","BranchBurnRelic","construct:ClawGrip","Vajra","PreservedInsect","Darkstone Periapt","DemoMod:WhiteGuonStone","Replay:Rubber Ducky"],"acts_visited":["Exordium","TheCity","TheBeyond","TheEnding"],"potions_floor_usage":[7,7,16,27],"damage_taken":[{"damage":0,"enemies":"Small Slimes","floor":1,"turns":1},{"damage":0,"enemies":"Jaw Worm","floor":2,"turns":1},{"damage":0,"enemies":"2 Louse","floor":5,"turns":1},{"damage":16,"enemies":"Lagavulin","floor":7,"turns":5},{"damage":8,"enemies":"Exordium Wildlife","floor":8,"turns":5},{"damage":17,"enemies":"3 Louse","floor":13,"turns":5},{"damage":22,"enemies":"Fading Forest","floor":16,"turns":11},{"damage":9,"enemies":"2 Thieves","floor":18,"turns":4},{"damage":11,"enemies":"Shell Parasite","floor":21,"turns":7},{"damage":13,"enemies":"Snake Plant","floor":22,"turns":4},{"damage":11,"enemies":"Book of Stabbing","floor":23,"turns":4},{"damage":4,"enemies":"Slavers","floor":27,"turns":3},{"damage":8,"enemies":"Snecko","floor":29,"turns":6},{"damage":1,"enemies":"Cultist and Chosen","floor":31,"turns":5},{"damage":45,"enemies":"Automaton","floor":33,"turns":9},{"damage":0,"enemies":"Orb Walker","floor":35,"turns":3},{"damage":16,"enemies":"Giant Head","floor":41,"turns":6},{"damage":10,"enemies":"3 Darklings","floor":44,"turns":5},{"damage":60,"enemies":"conspire:OrnateMirror","floor":46,"turns":8},{"damage":66,"enemies":"Shield and Spear","floor":50,"turns":6},{"damage":66,"enemies":"The Heart","floor":51,"turns":3}],"seed_played":"8286087819806820721","potions_obtained":[{"floor":2,"key":"RobotSpaceExplorer:PlasmaFlask"},{"floor":5,"key":"Energy Potion"},{"floor":7,"key":"potionbrewer:BarricadePotion"},{"floor":8,"key":"Block Potion"}],"is_trial":false,"path_per_floor":["M","M","?","$","M","R","E","M","T","R","?","R","M","$","R","B",null,"M","$","?","M","M","E","R","$","T","E","R","M","?","M","R","B",null,"M","$","?","$","?","R","E","R","T","M","?","B",null,"R","$","E","B"],"character_chosen":"RobotSpaceExplorer","items_purchased":["RobotSpaceExplorer:StarDust","RobotSpaceExplorer:FreezeRay","RobotSpaceExplorer:SurgingShield","RobotSpaceExplorer:PowerGlove","Vajra","RobotSpaceExplorer:Discharger","RobotSpaceExplorer:FranticSearch+1","PreservedInsect"],"campfire_rested":5,"item_purchase_floors":[4,14,14,19,36,36,36,38],"current_hp_per_floor":[75,75,75,75,75,75,59,51,51,51,51,51,34,34,56,34,75,66,66,66,55,42,31,31,31,31,27,49,56,56,55,75,31,75,75,75,66,56,56,75,60,75,75,70,70,16,81,81,81,21,0,0],"gold":84,"neow_bonus":"THREE_ENEMY_KILL","is_daily":false,"chose_seed":false,"campfire_upgraded":4,"win_rate":0.0,"timestamp":1613313546,"path_taken":["M","M","?","$","M","R","E","M","T","R","?","R","M","$","R","BOSS","M","$","?","M","M","E","R","$","T","E","R","M","?","?","R","BOSS","M","$","?","?","?","R","E","R","T","M","?","BOSS","R","$","E","BOSS"],"items_purchased_type":["Card","Card","Card","Card","Relic","Card","Card","Relic"],"build_version":"2020-12-22","purchased_purges":0,"victory":false,"max_hp_per_floor":[75,75,75,75,75,75,75,75,75,75,75,75,75,75,75,75,75,75,75,75,75,75,75,75,75,75,75,75,75,75,75,75,75,75,75,75,75,75,75,75,75,75,75,75,75,81,81,81,81,81,81,81],"card_choices":[{"not_picked":["RobotSpaceExplorer:MetalStrike","RobotSpaceExplorer:SwiftStep"],"picked":"RobotSpaceExplorer:GlueShot","floor":1},{"not_picked":["RobotSpaceExplorer:SlimeMissile","RobotSpaceExplorer:Ammunition"],"picked":"RobotSpaceExplorer:FranticSearch","floor":2},{"not_picked":["RobotSpaceExplorer:Pulsar","RobotSpaceExplorer:BigMissile"],"picked":"RobotSpaceExplorer:GlueShot","floor":5},{"not_picked":["RobotSpaceExplorer:ToxicBomb","RobotSpaceExplorer:Smokescreen"],"picked":"RobotSpaceExplorer:Accelerator","floor":7},{"not_picked":["RobotSpaceExplorer:SwiftStep","RobotSpaceExplorer:Counterblock"],"picked":"RobotSpaceExplorer:GlueShot","floor":8},{"not_picked":["RobotSpaceExplorer:FrostMissile","RobotSpaceExplorer:ToxicBomb"],"picked":"RobotSpaceExplorer:ScrapMissile","floor":13},{"not_picked":["RobotSpaceExplorer:ShockMissile","RobotSpaceExplorer:HighVoltage"],"picked":"RobotSpaceExplorer:BlastShield","floor":16},{"not_picked":["RobotSpaceExplorer:Smokescreen","RobotSpaceExplorer:Counterblock"],"picked":"RobotSpaceExplorer:DoubleFind+1","floor":18},{"not_picked":["RobotSpaceExplorer:DoubleBlock+1","RobotSpaceExplorer:Counterblock"],"picked":"RobotSpaceExplorer:StarLightning","floor":21},{"not_picked":["RobotSpaceExplorer:ShovelStrike","RobotSpaceExplorer:SwiftStep"],"picked":"RobotSpaceExplorer:GlueShot","floor":22},{"not_picked":["RobotSpaceExplorer:BlastShield","RobotSpaceExplorer:LuckyStrike"],"picked":"RobotSpaceExplorer:FreezeRay","floor":23},{"not_picked":["RobotSpaceExplorer:ToxicBomb+1","RobotSpaceExplorer:ScrapToss+1"],"picked":"RobotSpaceExplorer:Pulsar","floor":27},{"not_picked":["RobotSpaceExplorer:MetalStrike","RobotSpaceExplorer:SurgingShield+1"],"picked":"RobotSpaceExplorer:Probe","floor":29},{"not_picked":["RobotSpaceExplorer:Probe","RobotSpaceExplorer:BlastShield","RobotSpaceExplorer:Pulsar+1"],"picked":"SKIP","floor":31},{"not_picked":["RobotSpaceExplorer:Explosion","RobotSpaceExplorer:Asteroid"],"picked":"RobotSpaceExplorer:ChargingLaser","floor":33},{"not_picked":["RobotSpaceExplorer:ShockKick+1","RobotSpaceExplorer:GearShield"],"picked":"RobotSpaceExplorer:ScrapMissile+1","floor":35},{"not_picked":["RobotSpaceExplorer:FranticSearch","RobotSpaceExplorer:FrostMissile"],"picked":"RobotSpaceExplorer:DoubleFind+1","floor":41},{"not_picked":["RobotSpaceExplorer:Ammunition","RobotSpaceExplorer:FrostMissile"],"picked":"RobotSpaceExplorer:Counterblock","floor":44},{"not_picked":["RobotSpaceExplorer:ShovelStrike+1","RobotSpaceExplorer:MakeshiftVolley"],"picked":"RobotSpaceExplorer:DoubleFind+1","floor":50}],"player_experience":502319,"relics_obtained":[{"floor":7,"key":"Golden Egg"},{"floor":23,"key":"Anchor"},{"floor":26,"key":"potionbrewer:BottledElixir"},{"floor":27,"key":"Dead Branch"},{"floor":41,"key":"Darkstone Periapt"},{"floor":43,"key":"DemoMod:WhiteGuonStone"},{"floor":50,"key":"Replay:Rubber Ducky"}],"event_choices":[{"damage_healed":0,"gold_gain":0,"player_choice":"Ignored","damage_taken":0,"max_hp_gain":0,"max_hp_loss":0,"event_name":"Golden Wing","floor":3,"gold_loss":0},{"damage_healed":0,"gold_gain":0,"player_choice":"Ignored","damage_taken":0,"max_hp_gain":0,"max_hp_loss":0,"event_name":"betterNote:BetterNote","floor":20,"gold_loss":0,"cards_obtained":["hermit:Headshot"]},{"damage_healed":0,"gold_gain":0,"player_choice":"Upgraded","damage_taken":0,"max_hp_gain":0,"max_hp_loss":0,"event_name":"Upgrade Shrine","floor":30,"gold_loss":0,"cards_upgraded":["RobotSpaceExplorer:FreezeRay"]},{"damage_healed":0,"gold_gain":0,"player_choice":"Embrace Madness","damage_taken":9,"max_hp_gain":0,"max_hp_loss":0,"event_name":"Winding Halls","floor":37,"gold_loss":0,"cards_obtained":["Madness","Madness"]},{"damage_healed":0,"gold_gain":0,"player_choice":"Leave","damage_taken":0,"max_hp_gain":0,"max_hp_loss":0,"event_name":"conspire:Investor","floor":39,"gold_loss":0},{"damage_healed":0,"gold_gain":0,"player_choice":"Took Portal","damage_taken":0,"max_hp_gain":0,"max_hp_loss":0,"event_name":"SecretPortal","floor":45,"gold_loss":0}],"is_beta":false,"boss_relics":[{"not_picked":["Pandora\u0027s Box","aspiration:FutureDiary"],"picked":"Sozu"},{"not_picked":["aspiration:IroncladSkillbook","Ring of Chaos"],"picked":"construct:ClawGrip"}],"items_purged_floors":[],"is_endless":false,"potions_floor_spawned":[2,5,7,8,18,27,31,33,41],"killed_by":"The Heart","ascension_level":0}}