{"host":"xgo7i0560n9mwvr8","time":1613268967,"event":{"mods":["BaseMod","Colored Map","Downfall","Minty Spire (QoL Compilation)","Permanent Neow","StSLib"],"gold_per_floor":[99,114,127,138,151,251,275,275,275,286,286,318,118,145,161,266,266,166,166,266,266,284,296,375,14,82,102,116,116,128,128,142,242,242,242,259,271,291,304,304,328,12,40,56,68,12,31,59,59,59,59],"floor_reached":49,"language":"ENG","playtime":6667,"items_purged":["downfall:Bewildered","downfall:Malfunctioning"],"score":690,"play_id":"069ead26-a5d7-411e-9ee9-7562206ad383","local_time":"20210213211607","is_ascension_mode":true,"campfire_choices":[{"floor":1.0,"key":"RECALL"},{"data":"Guardian:ShieldCharger","floor":13.0,"key":"SMITH"},{"data":"Guardian:TimeSifter","floor":18.0,"key":"SMITH"},{"floor":29.0,"key":"REST"},{"data":"Guardian:RefractedBeam","floor":35.0,"key":"SMITH"}],"circlet_count":0,"master_deck":["Guardian:CurlUp","Guardian:TwinSlam+1","Guardian:FastForward+1","Guardian:Repulse","Guardian:FuturePlans+1","Guardian:ChargeCore","Guardian:ShieldCharger+1","Guardian:RollAttack","Guardian:ChargeUp","Guardian:SphericShield","Guardian:TimeCapacitor","Guardian:TimeSifter+1","Guardian:RevengeProtocol","Guardian:RefractedBeam+1","Guardian:Preprogram","Guardian:CompilePackage","Guardian:StasisField","Guardian:Repulse","Guardian:PolyBeam","Guardian:SpikerProtocol+1","Guardian:GemFinder","Guardian:Recover","Guardian:ArmoredProtocol","expansioncontent:AwakenDeath","Guardian:PiercingHide","Guardian:Clone","Guardian:ChargeCore","Guardian:Gem_Cyan","Guardian:EvasiveProtocol","Guardian:FierceBash","Guardian:Gem_Orange","Guardian:Gem_Cyan","Guardian:Incinerate+1","Guardian:Planning","Guardian:Gem_Cyan","Guardian:MultiBeam+1","Guardian:Gem_Cyan","Guardian:Orbwalk","Guardian:Reroute+1","expansioncontent:DashGenerateEvil","expansioncontent:StudyTheSpire","Guardian:Gem_Red","Guardian:CrystalBeam+1","Guardian:ShieldCharger+1","Guardian:Suspension","Guardian:Gem_Lightblue","Guardian:Harden","Guardian:Gem_Lightblue","Guardian:RevengeProtocol","Parasite"],"relics":["Guardian:ModeShifter","Blue Candle","Nunchaku","downfall:HeartBlessingRed","downfall:HeartBlessingBlue","HornCleat","Pandora\u0027s Box","downfall:HeartBlessingGreen","Du-Vu Doll","The Courier","sneckomod:BabySnecko","Gremlin Horn","Pear","Darkstone Periapt","SlaversCollar","Letter Opener","Smiling Mask","Guardian:PickAxe","Membership Card","Mummified Hand","Strawberry","Shuriken","Regal Pillow"],"acts_visited":["Exordium","TheCity","TheBeyond"],"potions_floor_usage":[45,46],"damage_taken":[{"damage":0.0,"enemies":"Small Slimes","floor":2.0,"turns":3.0},{"damage":0.0,"enemies":"2 Louse","floor":3.0,"turns":3.0},{"damage":11.0,"enemies":"Jaw Worm","floor":4.0,"turns":7.0},{"damage":6.0,"enemies":"Red Slaver","floor":5.0,"turns":5.0},{"damage":0.0,"enemies":"downfall:LooterAlt","floor":10.0,"turns":2.0},{"damage":3.0,"enemies":"Lagavulin","floor":12.0,"turns":6.0},{"damage":18.0,"enemies":"3 Sentries","floor":14.0,"turns":8.0},{"damage":7.0,"enemies":"3 Louse","floor":15.0,"turns":4.0},{"damage":17.0,"enemies":"DF_ARCHETYPE_STREAMLINE","floor":16.0,"turns":12.0},{"damage":0.0,"enemies":"Chosen","floor":19.0,"turns":1.0},{"damage":41.0,"enemies":"Colosseum Nobs","floor":20.0,"turns":6.0},{"damage":15.0,"enemies":"downfall:LooterAlt2","floor":22.0,"turns":3.0},{"damage":1.0,"enemies":"Snecko","floor":23.0,"turns":4.0},{"damage":1.0,"enemies":"downfall:FleeingMerchant","floor":25.0,"turns":4.0},{"damage":13.0,"enemies":"Snake Plant","floor":27.0,"turns":4.0},{"damage":16.0,"enemies":"Chosen and Byrds","floor":28.0,"turns":5.0},{"damage":12.0,"enemies":"Centurion and Healer","floor":30.0,"turns":8.0},{"damage":9.0,"enemies":"Shelled Parasite and Fungi","floor":32.0,"turns":4.0},{"damage":26.0,"enemies":"IC_MUSHROOM_ARCHETYPE","floor":33.0,"turns":11.0},{"damage":0.0,"enemies":"3 Shapes","floor":36.0,"turns":6.0},{"damage":3.0,"enemies":"3 Darklings","floor":37.0,"turns":6.0},{"damage":10.0,"enemies":"Sphere and 2 Shapes","floor":38.0,"turns":6.0},{"damage":10.0,"enemies":"Maw","floor":39.0,"turns":9.0},{"damage":0.0,"enemies":"downfall:FleeingMerchant","floor":42.0,"turns":4.0},{"damage":40.0,"enemies":"Giant Head","floor":43.0,"turns":9.0},{"damage":14.0,"enemies":"Jaw Worm Horde","floor":44.0,"turns":3.0},{"damage":8,"enemies":"3 Darklings","floor":45,"turns":5},{"damage":0,"enemies":"downfall:FleeingMerchant","floor":46,"turns":4},{"damage":8,"enemies":"Maw","floor":47,"turns":9},{"damage":33,"enemies":"Nemesis","floor":48,"turns":7},{"damage":29,"enemies":"Writhing Mass","floor":49,"turns":4}],"seed_played":"7596413226629559731","potions_obtained":[{"floor":2.0,"key":"SpeedPotion"},{"floor":4.0,"key":"hexamod:SoulburnPotion"},{"floor":5.0,"key":"Fire Potion"},{"floor":15.0,"key":"DuplicationPotion"},{"floor":20.0,"key":"AttackPotion"},{"floor":27.0,"key":"hexamod:SoulburnPotion"},{"floor":30.0,"key":"sneckomod:MuddlingPotion"},{"floor":31.0,"key":"bronze:BurnAndBuffPotion"},{"floor":31.0,"key":"Dexterity Potion"},{"floor":31.0,"key":"SteroidPotion"},{"floor":32.0,"key":"FearPotion"},{"floor":39.0,"key":"Energy Potion"},{"floor":43.0,"key":"Regen Potion"},{"floor":44.0,"key":"GamblersBrew"},{"floor":45,"key":"Guardian:AcceleratePotion"}],"is_trial":false,"path_per_floor":["R","M","M","M","M","?","T","?","?","M","?","E","R","E","M","B",null,"R","M","?","?","M","M","T","$","T","M","M","R","M","?","M","B",null,"R","M","M","M","M","T","T","$","E","M","M","$","M","E","M"],"character_chosen":"GUARDIAN","items_purchased":["Pear","expansioncontent:AwakenDeath","Guardian:PiercingHide","expansioncontent:DashGenerateEvil","expansioncontent:StudyTheSpire","Membership Card","Mummified Hand","Strawberry","Shuriken"],"campfire_rested":1,"item_purchase_floors":[25,25,25,42,42,46,46,46,46],"current_hp_per_floor":[72,72,72,61,55,55,55,55,55,55,50,47,57,39,32,15,82,82,82,41,41,26,25,25,34,34,21,5,32,20,20,11,7,92,92,92,89,79,69,69,69,69,29,24,16,23,15,20,0,0,0],"gold":59,"neow_bonus":"THREE_RARE_CARDS","is_daily":false,"chose_seed":false,"campfire_upgraded":3,"win_rate":0.0,"timestamp":1613268967,"path_taken":["R","M","M","M","M","?","T","?","?","M","?","E","R","E","M","BOSS","R","M","?","?","M","M","T","$","?","M","M","R","?","?","M","BOSS","R","M","M","M","M","?","T","$","E","M","M","$","?","E","M"],"items_purchased_type":["Relic","Card","Card","Card","Card","Relic","Relic","Relic","Relic"],"build_version":"2020-12-22","purchased_purges":2,"victory":false,"max_hp_per_floor":[72,72,72,72,72,72,72,72,72,72,72,72,82,82,82,82,82,82,82,82,82,82,82,82,92,92,92,92,92,92,92,92,92,92,92,92,92,92,92,92,92,92,92,92,92,99,99,99,105,105,105],"card_choices":[{"not_picked":["Guardian:Gem_Synthetic","Guardian:Gem_Orange"],"picked":"Guardian:FastForward","floor":0.0},{"not_picked":["Guardian:Suspension","Guardian:PrismaticBarrier"],"picked":"Guardian:Repulse","floor":2.0},{"not_picked":["Guardian:Gem_Purple","Guardian:CrystalBeam"],"picked":"Guardian:FuturePlans","floor":3.0},{"not_picked":["Guardian:Recover","Guardian:FuturePlans"],"picked":"Guardian:ChargeCore","floor":4.0},{"not_picked":["Guardian:Orbwalk","Guardian:FloatingOrbs"],"picked":"Guardian:ShieldCharger","floor":5.0},{"not_picked":["Guardian:WalkerClaw","Guardian:Gem_Crimson"],"picked":"Guardian:RollAttack","floor":10.0},{"not_picked":["Guardian:Gem_Blue","Guardian:Recover"],"picked":"Guardian:ChargeUp","floor":12.0},{"not_picked":["Guardian:WalkerClaw","Guardian:Recover"],"picked":"Guardian:SphericShield","floor":14.0},{"not_picked":["Guardian:Recover","Guardian:Planning"],"picked":"Guardian:TimeCapacitor","floor":15.0},{"not_picked":["Guardian:SphericShield","Guardian:ConstructionForm"],"picked":"Guardian:TimeSifter","floor":16.0},{"not_picked":["Guardian:Recover","Guardian:PiercingHide+1"],"picked":"Guardian:SpikerProtocol+1","floor":19.0},{"not_picked":["Guardian:Incinerate+1","Guardian:Gem_Cyan"],"picked":"Guardian:Gem_Purple","floor":20.0},{"not_picked":["Guardian:PrimingBeam","Guardian:SentryBeam"],"picked":"Guardian:GemFinder","floor":22.0},{"not_picked":["Guardian:Gem_Green","Guardian:Gem_Lightblue"],"picked":"Guardian:Gem_Red","floor":23.0},{"not_picked":["Guardian:Gem_Fragmented","Guardian:SentryBeam+1"],"picked":"Guardian:Recover","floor":23.0},{"not_picked":["Guardian:Gem_Lightblue","Guardian:Gem_Green"],"picked":"Guardian:Gem_Red","floor":25.0},{"not_picked":["Guardian:PolyBeam","Guardian:TemporalStrike"],"picked":"Guardian:ArmoredProtocol","floor":25.0},{"not_picked":["Guardian:Gem_Lightblue","Guardian:Gem_Green"],"picked":"Guardian:Gem_Red","floor":27.0},{"not_picked":["Guardian:PiercingHide","Guardian:StasisEngine"],"picked":"Guardian:Clone","floor":27.0},{"not_picked":["Guardian:Clone","Guardian:WalkerClaw"],"picked":"Guardian:ChargeCore","floor":28.0},{"not_picked":["Guardian:Gem_Lightblue","Guardian:Gem_Red"],"picked":"Guardian:Gem_Cyan","floor":30.0},{"not_picked":["Guardian:Gem_Red","Guardian:DonusPower+1"],"picked":"Guardian:EvasiveProtocol","floor":30.0},{"not_picked":["Guardian:Gem_White","Guardian:Reroute"],"picked":"Guardian:FierceBash","floor":32.0},{"not_picked":["Guardian:TimeSifter","Guardian:HyperBeam_Guardian"],"picked":"Guardian:Gem_Orange","floor":33.0},{"not_picked":["Guardian:Gem_Red","Guardian:Gem_Green"],"picked":"Guardian:Gem_Cyan","floor":36.0},{"not_picked":["Guardian:Gem_Cyan","Guardian:BronzeOrb"],"picked":"Guardian:Incinerate+1","floor":36.0},{"not_picked":["Guardian:TimeSifter","Guardian:Incinerate"],"picked":"Guardian:Planning","floor":37.0},{"not_picked":["Guardian:Gem_Green","Guardian:Gem_Lightblue"],"picked":"Guardian:Gem_Cyan","floor":38.0},{"not_picked":["Guardian:Preprogram+1","Guardian:EvasiveProtocol"],"picked":"Guardian:MultiBeam+1","floor":38.0},{"not_picked":["Guardian:Gem_Lightblue","Guardian:Gem_Red"],"picked":"Guardian:Gem_Cyan","floor":39.0},{"not_picked":["Guardian:TemporalStrike","Guardian:TimeBomb+1"],"picked":"Guardian:Orbwalk","floor":39.0},{"not_picked":["Guardian:WalkerClaw","Guardian:FuturePlans"],"picked":"Guardian:Reroute+1","floor":42.0},{"not_picked":["Guardian:Gem_Lightblue","Guardian:Gem_Cyan"],"picked":"Guardian:Gem_Red","floor":43.0},{"not_picked":["Guardian:Gem_Lightblue","Guardian:PiercingHide+1"],"picked":"Guardian:CrystalBeam+1","floor":43.0},{"not_picked":["Guardian:ShieldSpikes+1","Guardian:ChargeCore"],"picked":"Guardian:ShieldCharger+1","floor":44.0},{"not_picked":["Guardian:CrystalBeam+1","Guardian:Gem_Lightblue","Guardian:PrismaticBeam"],"picked":"SKIP","floor":45},{"not_picked":["Guardian:Repulse","Guardian:FuturePlans"],"picked":"Guardian:Suspension","floor":46},{"not_picked":["Guardian:Gem_Green","Guardian:Gem_Red"],"picked":"Guardian:Gem_Lightblue","floor":47},{"not_picked":["Guardian:Preprogram+1","Guardian:Suspension+1"],"picked":"Guardian:Harden","floor":47},{"not_picked":["Guardian:Gem_Red","Guardian:Gem_Green"],"picked":"Guardian:Gem_Lightblue","floor":48},{"not_picked":["Guardian:Gem_Purple","Guardian:Gem_Crimson"],"picked":"Guardian:RevengeProtocol","floor":48}],"player_experience":1030788,"relics_obtained":[{"floor":12.0,"key":"Nunchaku"},{"floor":14.0,"key":"HornCleat"},{"floor":20.0,"key":"Du-Vu Doll"},{"floor":20.0,"key":"The Courier"},{"floor":24.0,"key":"Gremlin Horn"},{"floor":26.0,"key":"Darkstone Periapt"},{"floor":40.0,"key":"Letter Opener"},{"floor":41.0,"key":"Smiling Mask"},{"floor":43.0,"key":"Guardian:PickAxe"},{"floor":48,"key":"Regal Pillow"}],"event_choices":[{"damage_healed":0.0,"max_hp_gain":0.0,"max_hp_loss":0.0,"gold_gain":0.0,"event_name":"Lab","player_choice":"Got Potions","floor":31.0,"gold_loss":0.0,"damage_taken":0.0}],"is_beta":false,"boss_relics":[{"not_picked":["Sozu","Snecko Eye"],"picked":"Pandora\u0027s Box"},{"not_picked":["Fusion Hammer","Velvet Choker"],"picked":"SlaversCollar"}],"items_purged_floors":[25,42],"is_endless":false,"potions_floor_spawned":[2,4,5,15,20,27,30,32,39,43,44,45],"killed_by":"Writhing Mass","ascension_level":1}}