{"host":"nlbr7nnijupf3yfg","time":1613277789,"event":{"mods":["AchievementEnabler","BaseMod","BetterRewards","Colored Powertips","DeckTracker","Downfall","Hermit","Hubris","Infinite Spire","Minty Spire (QoL Compilation)","Quick Restart","Replay The Spire","StSLib","SuperFastMode"],"gold_per_floor":[110,110,122,99,111,111,59,59,85,85,85,85,100,110,110,207,207,222,280,311,336,273,285,297,332,344,356,356],"floor_reached":27,"language":"ENG","playtime":402,"items_purged":[],"score":203,"play_id":"d1a88970-92b2-407e-ba3d-12ff186494fa","local_time":"20210213234309","is_ascension_mode":false,"campfire_choices":[{"data":"hermit:Roughhouse","floor":6,"key":"SMITH"},{"data":"hermit:Showdown","floor":8,"key":"SMITH"},{"floor":12,"key":"REST"},{"floor":15,"key":"REST"},{"floor":23,"key":"REST"}],"circlet_count":0,"master_deck":["hermit:Strike_Hermit","hermit:Strike_Hermit","hermit:Strike_Hermit","hermit:Strike_Hermit","hermit:Defend_Hermit","hermit:Defend_Hermit","hermit:Defend_Hermit","hermit:Snapshot","hermit:Covet","hermit:ItchyTrigger","Decay","hermit:Showdown+1","hermit:SprayPray","hermit:Roughhouse+1","hermit:Malice+1","hermit:Shortfuse","hermit:Manifest","hermit:Dissolve","hermit:Scavenge+1","hermit:LuckOfTheDraw+1","hermit:NoHoldsBarred+1","hermit:Desperado+1","hermit:LowProfile+1","hermit:Roughhouse"],"relics":["hermit:Momento","NeowsBlessing","Blue Doll","Ring of Fangs","Ring of Fury","ReplayFunnel","bronze:MakeshiftBattery","MawBank","infinitespire:Lucky Rock"],"acts_visited":["Exordium","TheCity"],"potions_floor_usage":[27,27,27],"damage_taken":[{"damage":0,"enemies":"Cultist","floor":1,"turns":1},{"damage":0,"enemies":"Jaw Worm","floor":3,"turns":1},{"damage":0,"enemies":"2 Louse","floor":5,"turns":1},{"damage":10,"enemies":"Looter","floor":13,"turns":2},{"damage":6,"enemies":"3 Louse","floor":14,"turns":3},{"damage":58,"enemies":"The Guardian","floor":16,"turns":9},{"damage":0,"enemies":"Spheric Guardian","floor":18,"turns":3},{"damage":0,"enemies":"3 Byrds","floor":20,"turns":3},{"damage":2,"enemies":"Snecko","floor":21,"turns":4},{"damage":63,"enemies":"Shelled Parasite and Fungi","floor":25,"turns":8},{"damage":3,"enemies":"Masked Bandits","floor":27,"turns":2}],"seed_played":"1004652252948781992","potions_obtained":[{"floor":1,"key":"SkillPotion"},{"floor":3,"key":"Strength Potion"},{"floor":18,"key":"Flashbang"}],"is_trial":false,"path_per_floor":["M","?","M","$","M","R","$","R","T","?","?","R","M","M","R","B",null,"M","?","M","M","?","R","$","M","T","?"],"character_chosen":"HERMIT","items_purchased":["hermit:SprayPray","hermit:Malice+1"],"campfire_rested":3,"item_purchase_floors":[4,7],"current_hp_per_floor":[75,75,75,75,75,75,75,75,75,75,57,75,65,59,75,17,75,75,45,45,43,43,65,65,2,2,0,0],"gold":356,"neow_bonus":"THREE_ENEMY_KILL","is_daily":false,"chose_seed":false,"campfire_upgraded":2,"win_rate":0.0,"timestamp":1613277789,"path_taken":["M","?","M","$","?","R","$","R","T","?","?","R","M","M","R","BOSS","M","?","M","M","?","R","?","?","T","?"],"items_purchased_type":["Card","Card"],"build_version":"2020-12-22","purchased_purges":0,"victory":false,"max_hp_per_floor":[75,75,75,75,75,75,75,75,75,75,75,75,75,75,75,75,75,75,75,75,75,75,75,75,75,75,75,75],"card_choices":[{"not_picked":["hermit:Feint","hermit:Coalescence"],"picked":"hermit:ItchyTrigger","floor":1},{"not_picked":["hermit:CalledShot","hermit:ShadowCloak"],"picked":"hermit:Showdown","floor":3},{"not_picked":["hermit:LowProfile","hermit:ItchyTrigger"],"picked":"hermit:Roughhouse","floor":5},{"not_picked":["hermit:Ricochet","hermit:SprayPray"],"picked":"hermit:Shortfuse","floor":13},{"not_picked":["hermit:TrackingShot","hermit:LoneWolf"],"picked":"hermit:Manifest","floor":14},{"not_picked":["hermit:Gambit","hermit:OverwhelmingPower"],"picked":"hermit:Dissolve","floor":16},{"not_picked":["hermit:HoleUp","hermit:WideOpen"],"picked":"hermit:Scavenge+1","floor":18},{"not_picked":["hermit:WideOpen","hermit:HoleUp"],"picked":"hermit:LuckOfTheDraw+1","floor":19},{"not_picked":["hermit:PistolWhip","hermit:Desperado+1"],"picked":"hermit:NoHoldsBarred+1","floor":19},{"not_picked":["hermit:HoleUp+1","hermit:Manifest+1"],"picked":"hermit:Desperado+1","floor":20},{"not_picked":["hermit:Spite","hermit:HighCaliber"],"picked":"hermit:LowProfile+1","floor":21},{"not_picked":["hermit:WideOpen","hermit:Quickdraw+1"],"picked":"hermit:Roughhouse","floor":25}],"player_experience":62340,"relics_obtained":[{"floor":9,"key":"Blue Doll"},{"floor":10,"key":"Ring of Fangs"},{"floor":10,"key":"Ring of Fury"},{"floor":19,"key":"MawBank"},{"floor":26,"key":"infinitespire:Lucky Rock"}],"event_choices":[{"damage_healed":0,"gold_gain":0,"player_choice":"Cursed","damage_taken":0,"max_hp_gain":0,"max_hp_loss":0,"event_name":"Wheel of Change","floor":2,"gold_loss":0,"cards_obtained":["Decay"]},{"damage_healed":0,"gold_gain":0,"player_choice":"Success","damage_taken":18,"relics_obtained":["ReplayFunnel"],"max_hp_gain":0,"max_hp_loss":0,"event_name":"Scrap Ooze","floor":11,"gold_loss":0},{"cards_removed":["hermit:Defend_Hermit"],"damage_healed":0,"gold_gain":0,"player_choice":"Gave Gold","damage_taken":0,"max_hp_gain":0,"max_hp_loss":0,"event_name":"Beggar","floor":22,"gold_loss":75},{"damage_healed":0,"gold_gain":0,"player_choice":"Fought Bandits","damage_taken":0,"max_hp_gain":0,"max_hp_loss":0,"event_name":"Masked Bandits","floor":27,"gold_loss":0}],"is_beta":false,"boss_relics":[{"not_picked":["Sozu","Astrolabe"],"picked":"bronze:MakeshiftBattery"}],"items_purged_floors":[],"is_endless":false,"potions_floor_spawned":[1,3,18],"killed_by":"Masked Bandits","ascension_level":0}}