{"host":"ix07nhfx4o3nf6kx","time":1613269353,"event":{"mods":["BaseMod","Hermit","Minty Spire (QoL Compilation)","StSLib","The Bug Knight","The Cursed","The Dragon Tamer","The Hierophant","The Jungle","The Runesmith"],"gold_per_floor":[112,130,143,143,55,55,55,73,122,122,122,157,157,175,175,305,305,330,353,204,219,237,237,194,194,194,194,219,219,219,288,288,288,288],"floor_reached":33,"language":"KOR","playtime":2267,"items_purged":[],"score":270,"play_id":"ed8056ea-e52d-491e-a0ab-1b2c7a38a100","local_time":"20210214112233","is_ascension_mode":false,"campfire_choices":[{"data":"Enlightenment","floor":6,"key":"SMITH"},{"data":"HollowMod:DesolateDive","floor":11,"key":"SMITH"},{"data":"HollowMod:MothsMistake","floor":15,"key":"SMITH"},{"floor":23,"key":"REST"},{"data":"HollowMod:Weaversong","floor":25,"key":"SMITH"},{"floor":29,"key":"REST"},{"data":"HollowMod:InfectedCysts","floor":32,"key":"SMITH"}],"circlet_count":0,"master_deck":["HollowMod:NailStrikeStart","HollowMod:NailStrikeStart","HollowMod:NailStrikeStart","HollowMod:NailStrikeStart","HollowMod:QuickDashStart","HollowMod:QuickDashStart","HollowMod:QuickDashStart","HollowMod:FocusHealStart","HollowMod:PogoStrike","HollowMod:MothsMistake+1","HollowMod:SoulStrike","HollowMod:LifebloodCocoon","Enlightenment+1","HollowMod:DesolateDive+1","HollowMod:MonarchWings","HollowMod:CycloneSlash","HollowMod:Weaversong+1","HollowMod:InfectionAssault","HollowMod:SoulShaman+1","HollowMod:CoiledNail+1","HollowMod:HeavyBlow+1","HollowMod:InfectedCysts","HollowMod:CrystalDash","HollowMod:InfectedCysts+1","HollowMod:GrimmsGift+1"],"relics":["HollowMod:VesselMask","Orichalcum","Runesmith:Locket","HollowMod:MillibellesNoteRelic","Golden Idol","Membership Card","Du-Vu Doll","Blue Candle"],"acts_visited":["Exordium","TheCity"],"potions_floor_usage":[16,16,16,33],"damage_taken":[{"damage":3,"enemies":"Jaw Worm","floor":1,"turns":3},{"damage":6,"enemies":"Small Slimes","floor":2,"turns":3},{"damage":7,"enemies":"2 Louse","floor":3,"turns":3},{"damage":15,"enemies":"Red Slaver","floor":8,"turns":6},{"damage":0,"enemies":"HollowMod:MossKnight","floor":12,"turns":7},{"damage":0,"enemies":"2 Fungi Beasts","floor":14,"turns":2},{"damage":48,"enemies":"The Guardian","floor":16,"turns":9},{"damage":19,"enemies":"Spheric Guardian","floor":18,"turns":4},{"damage":5,"enemies":"Chosen","floor":19,"turns":4},{"damage":31,"enemies":"Snake Plant","floor":21,"turns":4},{"damage":23,"enemies":"Shelled Parasite and Fungi","floor":22,"turns":6},{"damage":21,"enemies":"Chosen and Byrds","floor":28,"turns":5},{"damage":98,"enemies":"Collector","floor":33,"turns":7}],"seed_played":"7373614269641271301","potions_obtained":[{"floor":1,"key":"CultistPotion"},{"floor":8,"key":"Block Potion"},{"floor":12,"key":"Explosive Potion"},{"floor":22,"key":"DuplicationPotion"}],"is_trial":false,"path_per_floor":["M","M","M","?","$","R","$","M","T","T","R","E","?","M","R","B",null,"M","M","$","M","M","R","$","R","T","?","M","R","?","T","R","B"],"character_chosen":"THE_BUGKNIGHT","items_purchased":["Enlightenment","Membership Card","HollowMod:InfectedCysts","HollowMod:CrystalDash"],"campfire_rested":2,"item_purchase_floors":[5,20,24,24],"current_hp_per_floor":[79,73,72,65,65,65,65,62,62,62,62,68,48,54,54,16,82,63,58,58,33,16,40,40,40,40,40,25,49,69,69,69,0,0],"gold":288,"neow_bonus":"TEN_PERCENT_HP_BONUS","is_daily":false,"chose_seed":false,"campfire_upgraded":5,"win_rate":0.0,"timestamp":1613269353,"path_taken":["M","M","M","?","$","R","$","M","T","?","R","E","?","M","R","BOSS","M","M","$","M","M","R","$","R","T","?","M","R","?","?","R","BOSS"],"items_purchased_type":["Card","Relic","Card","Card"],"build_version":"2020-12-22","purchased_purges":0,"victory":false,"max_hp_per_floor":[82,82,82,82,82,82,82,82,82,82,82,82,82,82,82,82,82,82,82,82,82,82,82,82,82,82,82,82,82,82,82,82,82,82],"card_choices":[{"not_picked":["HollowMod:NewGlowingWomb","HollowMod:CornifersMapStart"],"picked":"HollowMod:MothsMistake","floor":1},{"not_picked":["HollowMod:CornifersMapStart","HollowMod:ChannelNail"],"picked":"HollowMod:SoulStrike","floor":2},{"not_picked":["HollowMod:CornifersMapStart","HollowMod:ElderbugsWisdom"],"picked":"HollowMod:LifebloodCocoon","floor":3},{"not_picked":["HollowMod:PureNailStrike","HollowMod:RecoilStrike"],"picked":"HollowMod:DesolateDive","floor":8},{"not_picked":["HollowMod:ChannelNail","HollowMod:GoodIntentions"],"picked":"HollowMod:MonarchWings","floor":12},{"not_picked":["HollowMod:CrystalDash","HollowMod:AbyssShriek"],"picked":"HollowMod:CycloneSlash","floor":14},{"not_picked":["HollowMod:SoulMaster","HollowMod:NewInfectedGuardian"],"picked":"HollowMod:Weaversong","floor":16},{"not_picked":["HollowMod:MawleksShell","HollowMod:SoulSplash"],"picked":"HollowMod:InfectionAssault","floor":18},{"not_picked":["HollowMod:DungDefenderAura","HollowMod:DescendingDark"],"picked":"HollowMod:SoulShaman+1","floor":19},{"not_picked":["HollowMod:Grubsong","HollowMod:SoulStrike"],"picked":"HollowMod:CoiledNail+1","floor":21},{"not_picked":["HollowMod:SoulSplash","HollowMod:DashSlash"],"picked":"HollowMod:HeavyBlow+1","floor":22},{"not_picked":["HollowMod:BaldurShell","HollowMod:QuirrelsAssistance"],"picked":"HollowMod:GrimmsGift+1","floor":28}],"player_experience":272534,"relics_obtained":[{"floor":9,"key":"Orichalcum"},{"floor":10,"key":"Runesmith:Locket"},{"floor":12,"key":"HollowMod:MillibellesNoteRelic"},{"floor":26,"key":"Du-Vu Doll"},{"floor":31,"key":"Blue Candle"}],"event_choices":[{"cards_removed":["HollowMod:QuickDashStart"],"damage_healed":0,"gold_gain":0,"player_choice":"Card Removal","damage_taken":7,"max_hp_gain":0,"max_hp_loss":0,"event_name":"Golden Wing","floor":4,"gold_loss":0},{"damage_healed":0,"gold_gain":0,"player_choice":"Take Damage","damage_taken":20,"relics_obtained":["Golden Idol"],"max_hp_gain":0,"max_hp_loss":0,"event_name":"Golden Idol","floor":13,"gold_loss":0},{"damage_healed":0,"gold_gain":0,"player_choice":"Read","damage_taken":0,"max_hp_gain":0,"max_hp_loss":0,"event_name":"The Library","floor":27,"gold_loss":0,"cards_obtained":["HollowMod:InfectedCysts"]}],"is_beta":false,"boss_relics":[{"not_picked":["Coffee Dripper","Runic Pyramid","Empty Cage"]}],"items_purged_floors":[],"is_endless":false,"potions_floor_spawned":[1,8,12,22],"killed_by":"Collector","ascension_level":0}}