{"host":"uzp1tn8qxn9571p9","time":1613314276,"event":{"mods":["Aspiration","BaseMod","Better Third Choice","Bossed Relics","Colored Map","Colored Powertips","Curses Come First","Hermit","Marisa£®ÏF”Í°°ƒß¿Ì…≥£©","Mimic Mod","Minty Spire (QoL Compilation)","StSLib","The Hierophant","The Jungle","The Marked","The Runesmith"],"gold_per_floor":[368,385,403,403,420,420,31,31,57,57,67,67,101,118,118,219,219,229,229,245,256,0,0,34,34,67,67,83,83,102,114,114,215,215,228,245,295,306,48,48,62,62,85,85,85,85,112,112,112,112,112],"floor_reached":50,"language":"ZHS","playtime":3036,"items_purged":["Pain","Pain"],"score":592,"play_id":"207244bf-f615-4c6c-bebd-45bea60ab75b","local_time":"20210214225116","is_ascension_mode":false,"campfire_choices":[{"data":"theMarked:EmpowerWeapon","floor":6.0,"key":"SMITH"},{"data":"theMarked:Improvise","floor":8.0,"key":"SMITH"},{"data":"theMarked:SoldierOfQuellstein","floor":10.0,"key":"SMITH"},{"data":"theMarked:Maelstrom","floor":12.0,"key":"SMITH"},{"data":"theMarked:ResourceFulStrike","floor":15.0,"key":"SMITH"},{"floor":23.0,"key":"DIG"},{"data":"theMarked:Defy","floor":27.0,"key":"SMITH"},{"data":"theMarked:Levitate","floor":29.0,"key":"SMITH"},{"floor":32.0,"key":"REST"},{"data":"theMarked:AttractMetal","floor":40.0,"key":"SMITH"},{"floor":42.0,"key":"RECALL"},{"data":"Mayhem","floor":45.0,"key":"SMITH"},{"floor":49,"key":"REST"}],"circlet_count":0,"master_deck":["theMarked:Strike","theMarked:Strike","theMarked:Strike","theMarked:Strike","theMarked:Strike","theMarked:Defend","theMarked:Defend","theMarked:Defend","theMarked:Defend","theMarked:SoldierOfQuellstein+1","theMarked:AttractMetal+1","theMarked:MuscleMemory","theMarked:Improvise+1","theMarked:EmpowerWeapon+1","theMarked:Maelstrom+1","theMarked:EternalStudent","theMarked:ResourceFulStrike+1","theMarked:Levitate+1","theMarked:ChainLightning+1","theMarked:Reabsorb","theMarked:HeightenedSenses+1","theMarked:SwordAndMagic","theMarked:Defy+1","theMarked:OneWithTheBlade","theMarked:TakeCover+1","theMarked:BiggerThanFate","theMarked:ElectricStrings","theMarked:Friction+1","theMarked:GodGivenPower+1","theMarked:Overcharge","theMarked:CreepingChasm","Secret Technique","Mayhem+1","Writhe","theMarked:AttractMetal+1"],"relics":["theMarked:ArtifactOfAir","WarpedTongs","Ginger","Regal Pillow","Mango","aspiration:FutureDiary","Shovel","Strawberry","Orichalcum","Bag of Marbles","Darkstone Periapt","Black Star","Gambling Chip","HornCleat","Omamori","aspiration:HiddenCompartment"],"acts_visited":["Exordium","Exordium","TheBeyond"],"potions_floor_usage":[50],"damage_taken":[{"damage":10.0,"enemies":"Jaw Worm","floor":1.0,"turns":5.0},{"damage":3.0,"enemies":"Cultist","floor":2.0,"turns":3.0},{"damage":6.0,"enemies":"Small Slimes","floor":3.0,"turns":4.0},{"damage":8.0,"enemies":"2 Fungi Beasts","floor":5.0,"turns":3.0},{"damage":3.0,"enemies":"Looter","floor":11.0,"turns":3.0},{"damage":8.0,"enemies":"Gremlin Nob","floor":13.0,"turns":4.0},{"damage":8.0,"enemies":"Blue Slaver","floor":14.0,"turns":2.0},{"damage":12.0,"enemies":"Slime Boss","floor":16.0,"turns":6.0},{"damage":31.0,"enemies":"theJungle:Flameango_and_Byrd","floor":18.0,"turns":6.0},{"damage":7.0,"enemies":"theJungle:GiantWrat","floor":20.0,"turns":3.0},{"damage":17.0,"enemies":"theJungle:SlimyTreeVines","floor":21.0,"turns":6.0},{"damage":0.0,"enemies":"theJungle:MamaSnecko","floor":24.0,"turns":5.0},{"damage":0.0,"enemies":"Snake Plant","floor":26.0,"turns":4.0},{"damage":3.0,"enemies":"Snake Plant","floor":28.0,"turns":2.0},{"damage":8.0,"enemies":"theJungle:Lyon","floor":30.0,"turns":3.0},{"damage":14.0,"enemies":"theJungle:2_Flameangoes","floor":31.0,"turns":3.0},{"damage":39.0,"enemies":"theJungle:TotemBoss","floor":33.0,"turns":5.0},{"damage":7.0,"enemies":"Orb Walker","floor":35.0,"turns":3.0},{"damage":17.0,"enemies":"3 Darklings","floor":36.0,"turns":6.0},{"damage":21.0,"enemies":"Mind Bloom Boss Battle","floor":37.0,"turns":7.0},{"damage":0.0,"enemies":"Jaw Worm Horde","floor":38.0,"turns":4.0},{"damage":0.0,"enemies":"Spire Growth","floor":41.0,"turns":4.0},{"damage":42.0,"enemies":"Giant Head","floor":47.0,"turns":7.0},{"damage":76,"enemies":"Time Eater","floor":50,"turns":6}],"seed_played":"1954570431779753201","potions_obtained":[{"floor":3.0,"key":"SpeedPotion"},{"floor":11.0,"key":"ColorlessPotion"},{"floor":13.0,"key":"SneckoOil"},{"floor":14.0,"key":"SteroidPotion"},{"floor":21.0,"key":"AttackPotion"},{"floor":24.0,"key":"Fruit Juice"},{"floor":30.0,"key":"Regen Potion"},{"floor":31.0,"key":"AttackPotion"},{"floor":33.0,"key":"LiquidMemories"},{"floor":36.0,"key":"EntropicBrew"},{"floor":47.0,"key":"Energy Potion"}],"is_trial":false,"path_per_floor":["M","M","M","?","M","R","$","R","T","R","M","R","E","M","R","B",null,"M","?","M","M","$","R","E","$","MIM","R","M","R","M","M","R","B",null,"M","M","?","M","$","R","M","R","T","?","R","?","E","?","R","B"],"character_chosen":"THE_DEFAULT","items_purchased":["Ginger","Strawberry","HornCleat"],"campfire_rested":2,"item_purchase_floors":[7,22,39],"current_hp_per_floor":[60,57,51,51,43,43,43,43,43,43,40,40,46,38,38,26,84,53,41,34,23,30,30,35,35,35,35,32,32,24,19,62,23,96,89,72,51,51,51,51,51,51,51,41,41,71,29,29,74,0,0],"gold":112,"neow_bonus":"TWO_FIFTY_GOLD","is_daily":false,"chose_seed":false,"campfire_upgraded":9,"win_rate":0.0,"timestamp":1613314276,"path_taken":["M","M","M","?","?","R","$","R","T","R","M","R","E","M","R","BOSS","M","?","M","M","$","R","E","?","MIM","R","?","R","M","M","R","BOSS","M","M","?","M","$","R","M","R","T","?","R","?","E","?","R","BOSS"],"items_purchased_type":["Relic","Relic","Relic"],"build_version":"2020-12-22","purchased_purges":2,"victory":false,"max_hp_per_floor":[70,70,70,70,70,70,70,70,70,70,70,70,84,84,84,84,84,84,84,84,84,91,91,96,96,96,96,96,96,96,96,96,96,96,96,96,96,96,96,96,96,96,96,96,96,102,102,102,102,102,102],"card_choices":[{"not_picked":["theMarked:TwofoldDefense","theMarked:Overthink"],"picked":"theMarked:AttractMetal","floor":1.0},{"not_picked":["theMarked:RepellingDischarge","theMarked:WardOff"],"picked":"theMarked:MuscleMemory","floor":2.0},{"not_picked":["theMarked:HeightenedSenses","theMarked:Determination"],"picked":"theMarked:Improvise","floor":3.0},{"not_picked":["theMarked:Frustration","theMarked:ChannelForce"],"picked":"theMarked:EmpowerWeapon","floor":5.0},{"not_picked":["theMarked:WardOff","theMarked:MysticalArsenal"],"picked":"theMarked:Maelstrom","floor":11.0},{"not_picked":["theMarked:RepellingDischarge","theMarked:ResourceFulStrike"],"picked":"theMarked:EternalStudent","floor":13.0},{"not_picked":["theMarked:EmpowerWeapon","theMarked:WardOff"],"picked":"theMarked:ResourceFulStrike","floor":14.0},{"not_picked":["theMarked:Snap","theMarked:UnarmedFury"],"picked":"theMarked:Levitate","floor":16.0},{"not_picked":["theMarked:Memento","theMarked:Frustration"],"picked":"theMarked:ChainLightning+1","floor":18.0},{"not_picked":["theMarked:Convert","theMarked:BanishingStrike+1"],"picked":"theMarked:Reabsorb","floor":20.0},{"not_picked":["theMarked:Panic","theMarked:KeepCalmAndFight"],"picked":"theMarked:HeightenedSenses+1","floor":21.0},{"not_picked":["theMarked:Convert","theMarked:Frustration+1"],"picked":"theMarked:SwordAndMagic","floor":24.0},{"not_picked":["theMarked:Panic","theMarked:PowerFlow"],"picked":"theMarked:Defy","floor":26.0},{"not_picked":["theMarked:HeightenedSenses","theMarked:ChannelForce"],"picked":"theMarked:OneWithTheBlade","floor":28.0},{"not_picked":["theMarked:EmpowerWeapon","theMarked:HeightenedSenses+1"],"picked":"theMarked:TakeCover+1","floor":30.0},{"not_picked":["theMarked:Memento","theMarked:HeightenedSenses","theMarked:SwordAndMagic"],"picked":"SKIP","floor":31.0},{"not_picked":["theMarked:FavorableWinds","theMarked:MagusForm"],"picked":"theMarked:BiggerThanFate","floor":33.0},{"not_picked":["theMarked:EnhanceMovement+1","theMarked:Heritage+1"],"picked":"theMarked:ElectricStrings","floor":35.0},{"not_picked":["theMarked:ChainLightning","theMarked:ElectricStrings"],"picked":"theMarked:Friction+1","floor":36.0},{"not_picked":["theMarked:Frustration+1","theMarked:Maelstrom"],"picked":"theMarked:GodGivenPower+1","floor":37.0},{"not_picked":["theMarked:TheMission+1","theMarked:Heritage+1"],"picked":"theMarked:Overcharge","floor":38.0},{"not_picked":["theMarked:Memento","theMarked:ResourceFulStrike"],"picked":"theMarked:CreepingChasm","floor":41.0},{"not_picked":["Flash of Steel","Mind Blast"],"picked":"Secret Technique","floor":44.0},{"not_picked":["Sadistic Nature","Dramatic Entrance"],"picked":"Mayhem","floor":44.0},{"not_picked":["theMarked:Electrify","theMarked:WastefulAttack+1"],"picked":"theMarked:AttractMetal+1","floor":47.0}],"player_experience":402874,"relics_obtained":[{"floor":9.0,"key":"Regal Pillow"},{"floor":13.0,"key":"Mango"},{"floor":23.0,"key":"Orichalcum"},{"floor":24.0,"key":"Bag of Marbles"},{"floor":26.0,"key":"Darkstone Periapt"},{"floor":37.0,"key":"Gambling Chip"},{"floor":47.0,"key":"Omamori"},{"floor":47.0,"key":"aspiration:HiddenCompartment"}],"event_choices":[{"damage_healed":0.0,"max_hp_gain":0.0,"max_hp_loss":0.0,"gold_gain":0.0,"event_name":"Accursed Blacksmith","player_choice":"Rummage","floor":4.0,"gold_loss":0.0,"damage_taken":0.0,"relics_obtained":["WarpedTongs"],"cards_obtained":["Pain"]},{"damage_healed":0.0,"max_hp_gain":0.0,"max_hp_loss":0.0,"gold_gain":0.0,"event_name":"MindBloom","player_choice":"Fight","floor":37.0,"gold_loss":0.0,"damage_taken":0.0},{"damage_healed":0.0,"max_hp_gain":0.0,"max_hp_loss":0.0,"gold_gain":0.0,"event_name":"SensoryStone","player_choice":"Memory 3","floor":44.0,"gold_loss":0.0,"damage_taken":10.0},{"damage_healed":24.0,"max_hp_gain":0.0,"max_hp_loss":0.0,"gold_gain":0.0,"event_name":"Winding Halls","player_choice":"Writhe","floor":46.0,"gold_loss":0.0,"damage_taken":0.0,"cards_obtained":["Writhe"]},{"damage_healed":0,"gold_gain":0,"player_choice":"Ignored","damage_taken":0,"max_hp_gain":0,"max_hp_loss":0,"event_name":"OrinTheCat","floor":48,"gold_loss":0}],"is_beta":false,"boss_relics":[{"not_picked":["Cursed Key","aspiration:IroncladSkillbook"],"picked":"aspiration:FutureDiary"},{"not_picked":["aspiration:RunicSpoon","aspiration:SilentSkillbook"],"picked":"Black Star"}],"items_purged_floors":[7,22],"is_endless":false,"potions_floor_spawned":[3,11,13,14,21,24,30,31,33,36,37,47],"killed_by":"Time Eater","ascension_level":0}}