{"host":"uzp1tn8qxn9571p9","time":1613333368,"event":{"mods":["Aspiration","BaseMod","Bossed Relics","Colored Map","Colored Powertips","Curses Come First","Hermit","Marisa£®ÏF”Í°°ƒß¿Ì…≥£©","Mimic Mod","Minty Spire (QoL Compilation)","Somnambulant","StSLib","The Construct","The Hierophant","The Jungle","The Marked","The Runesmith","The Spell Scribe"],"gold_per_floor":[112,112,126,138,138,138,12,12,44,44,44],"floor_reached":10,"language":"ZHS","playtime":400,"items_purged":["construct:Strike_Gold"],"score":56,"play_id":"46790df4-d9c3-4f52-9415-64283bb26775","local_time":"20210215040928","is_ascension_mode":false,"campfire_choices":[{"data":"construct:ShiftStrike","floor":6,"key":"SMITH"},{"data":"construct:SweepLaser","floor":8,"key":"SMITH"}],"circlet_count":0,"master_deck":["construct:Strike_Gold","construct:Strike_Gold","construct:Strike_Gold","construct:Defend_Gold","construct:Defend_Gold","construct:Defend_Gold","construct:Defend_Gold","construct:Defend_Gold","construct:AttackMode","construct:DefenseMode","construct:Versatility","construct:Tumble","construct:ShiftStrike+1","construct:SweepLaser+1","construct:OmegaCannon"],"relics":["construct:Cogwheel","aspiration:BabyByrd","Omamori"],"acts_visited":["Exordium"],"potions_floor_usage":[],"damage_taken":[{"damage":0,"enemies":"2 Louse","floor":1,"turns":3},{"damage":3,"enemies":"Cultist","floor":3,"turns":4},{"damage":0,"enemies":"Small Slimes","floor":4,"turns":3},{"damage":15,"enemies":"Blue Slaver","floor":9,"turns":5},{"damage":4,"enemies":"3 Sentries","floor":10,"turns":2}],"seed_played":"-8699332967360739439","potions_obtained":[{"floor":1,"key":"Dexterity Potion"}],"is_trial":false,"path_per_floor":["M","?","M","M","?","R","$","R","MIM","E"],"character_chosen":"THE_CONSTRUCT_MOD","items_purchased":["construct:SweepLaser"],"campfire_rested":0,"item_purchase_floors":[7],"current_hp_per_floor":[93,93,90,90,83,83,83,83,68,64,64],"gold":44,"neow_bonus":"TEN_PERCENT_HP_BONUS","is_daily":false,"chose_seed":false,"campfire_upgraded":2,"win_rate":0.0,"timestamp":1613333368,"path_taken":["M","?","M","M","?","R","$","R","MIM","E"],"items_purchased_type":["Card"],"build_version":"2020-12-22","purchased_purges":1,"victory":false,"max_hp_per_floor":[93,93,93,93,93,93,93,93,93,93,93],"card_choices":[{"not_picked":["construct:Synchronize","construct:ShiftStrike"],"picked":"construct:Versatility","floor":1},{"not_picked":["construct:Boost","construct:Autoturret"],"picked":"construct:Tumble","floor":3},{"not_picked":["construct:Autoturret","construct:Dampening"],"picked":"construct:ShiftStrike","floor":4},{"not_picked":["construct:Versatility","construct:Reserves"],"picked":"construct:OmegaCannon","floor":9}],"player_experience":413450,"relics_obtained":[{"floor":9,"key":"Omamori"}],"event_choices":[{"cards_removed":["construct:Strike_Gold"],"damage_healed":0,"gold_gain":0,"player_choice":"Card Removal","damage_taken":7,"max_hp_gain":0,"max_hp_loss":0,"event_name":"Golden Wing","floor":5,"gold_loss":0}],"is_beta":false,"boss_relics":[],"items_purged_floors":[7],"is_endless":false,"potions_floor_spawned":[1],"killed_by":"3 Sentries","ascension_level":0}}