{"host":"c97twqu0op5dg8i4","time":1613343818,"event":{"mods":["AchievementEnabler","BaseMod","Colored Map","Minty Spire (QoL Compilation)","Permanent Neow"],"gold_per_floor":[10,10,20,30,30,30,58,58,85,97,117,117,117,151,151,246,246,256,1,1,1,1,26,26,26,52,63,40,58,92,110,110,110,110],"floor_reached":33,"language":"ENG","playtime":1053,"items_purged":[],"score":549,"play_id":"16ad8e3b-eecb-4d17-89d1-f6b80f02e968","local_time":"20210214180338","is_ascension_mode":true,"campfire_choices":[{"data":"Rainbow","floor":6.0,"key":"SMITH"},{"data":"Defragment","floor":8.0,"key":"SMITH"},{"floor":12.0,"key":"REST"},{"data":"Machine Learning","floor":15.0,"key":"SMITH"},{"data":"Glacier","floor":24,"key":"SMITH"},{"data":"Cold Snap","floor":32,"key":"SMITH"}],"circlet_count":0,"master_deck":["AscendersBane","Strike_B","Strike_B","Strike_B","Defend_B","Defend_B+1","Defend_B","Zap","Dualcast","Rainbow+1","Glacier+1","Sweeping Beam","Melter","Reboot+1","Zap","Defragment+1","Leap","Machine Learning+1","Buffer","Blizzard+1","Shame","Skim","Self Repair","Doubt","Coolheaded","Cold Snap+1","Storm","Coolheaded"],"relics":["Cracked Core","HornCleat","InkBottle","Art of War","Lantern","Cursed Key","Cables","Sundial","Blood Vial","War Paint","Bottled Tornado"],"acts_visited":["Exordium","TheCity"],"potions_floor_usage":[29],"damage_taken":[{"damage":0.0,"enemies":"Cultist","floor":1.0,"turns":3.0},{"damage":5.0,"enemies":"Jaw Worm","floor":3.0,"turns":3.0},{"damage":0.0,"enemies":"Small Slimes","floor":4.0,"turns":2.0},{"damage":24.0,"enemies":"Lagavulin","floor":7.0,"turns":7.0},{"damage":0.0,"enemies":"Exordium Wildlife","floor":10.0,"turns":2.0},{"damage":8.0,"enemies":"Blue Slaver","floor":11.0,"turns":3.0},{"damage":3.0,"enemies":"Gremlin Nob","floor":14.0,"turns":3.0},{"damage":0.0,"enemies":"The Guardian","floor":16.0,"turns":12.0},{"damage":0.0,"enemies":"Chosen","floor":18.0,"turns":4.0},{"damage":27,"enemies":"Book of Stabbing","floor":23,"turns":5},{"damage":0,"enemies":"Shell Parasite","floor":27,"turns":5},{"damage":13,"enemies":"Snake Plant","floor":29,"turns":5},{"damage":22,"enemies":"Slavers","floor":30,"turns":6},{"damage":0,"enemies":"Centurion and Healer","floor":31,"turns":6},{"damage":56,"enemies":"Automaton","floor":33,"turns":12}],"seed_played":"5667678020012919481","potions_obtained":[{"floor":1.0,"key":"PotionOfCapacity"},{"floor":11.0,"key":"SkillPotion"},{"floor":16.0,"key":"Strength Potion"},{"floor":29,"key":"FearPotion"}],"is_trial":false,"path_per_floor":["M","T","M","M","?","R","E","R","T","M","M","R","?","E","R","B",null,"M","$","?","T","?","E","R","$","T","M","$","M","E","M","R","B"],"character_chosen":"DEFECT","items_purchased":["Cables","Cold Snap"],"campfire_rested":1,"item_purchase_floors":[19,28],"current_hp_per_floor":[68,68,63,63,63,63,39,39,39,39,31,53,58,55,55,55,74,74,74,74,74,74,47,47,47,47,56,56,52,39,48,48,0,0],"gold":110,"neow_bonus":"THREE_RARE_CARDS","is_daily":false,"chose_seed":false,"campfire_upgraded":5,"win_rate":0.0,"timestamp":1613343818,"path_taken":["M","?","M","?","?","R","E","R","T","?","M","R","?","E","R","BOSS","M","$","?","?","?","E","R","$","T","M","$","M","E","M","R","BOSS"],"items_purchased_type":["Relic","Card"],"build_version":"2020-12-22","purchased_purges":0,"victory":false,"max_hp_per_floor":[75,75,75,75,75,75,75,75,75,75,75,75,80,80,80,80,80,80,80,80,80,80,80,80,80,80,80,80,80,80,80,80,80,80],"card_choices":[{"not_picked":["Meteor Strike","Machine Learning"],"picked":"Rainbow","floor":0.0},{"not_picked":["Storm","Leap"],"picked":"Glacier","floor":1.0},{"not_picked":["Compile Driver","Reinforced Body"],"picked":"Sweeping Beam","floor":3.0},{"not_picked":["Beam Cell","Leap"],"picked":"Melter","floor":4.0},{"not_picked":["FTL","Coolheaded"],"picked":"Defragment","floor":7.0},{"not_picked":["Genetic Algorithm","Rebound","Go for the Eyes"],"picked":"SKIP","floor":10.0},{"not_picked":["Recycle","Steam"],"picked":"Leap","floor":11.0},{"not_picked":["Steam","Hologram"],"picked":"Machine Learning","floor":14.0},{"not_picked":["Fission","Machine Learning"],"picked":"Buffer","floor":16.0},{"not_picked":["Steam","Redo"],"picked":"Blizzard+1","floor":18.0},{"not_picked":["Conserve Battery","Barrage"],"picked":"Self Repair","floor":23},{"not_picked":["Genetic Algorithm","Meteor Strike"],"picked":"Coolheaded","floor":27},{"not_picked":["Steam Power+1","Scrape"],"picked":"Storm","floor":29},{"not_picked":["Heatsinks","Cold Snap","Beam Cell"],"picked":"SKIP","floor":30},{"not_picked":["Redo","White Noise"],"picked":"Coolheaded","floor":31}],"player_experience":412401,"relics_obtained":[{"floor":2.0,"key":"HornCleat"},{"floor":7.0,"key":"InkBottle"},{"floor":9.0,"key":"Art of War"},{"floor":14.0,"key":"Lantern"},{"floor":21,"key":"Sundial"},{"floor":23,"key":"Blood Vial"},{"floor":26,"key":"War Paint"},{"floor":30,"key":"Bottled Tornado"}],"event_choices":[{"damage_healed":0.0,"max_hp_gain":0.0,"max_hp_loss":0.0,"gold_gain":0.0,"event_name":"Match and Keep!","player_choice":"2 cards matched","floor":5.0,"gold_loss":0.0,"damage_taken":0.0,"cards_obtained":["Reboot","Zap"]},{"damage_healed":0.0,"max_hp_gain":5.0,"max_hp_loss":0.0,"gold_gain":0.0,"event_name":"Big Fish","player_choice":"Donut","floor":13.0,"gold_loss":0.0,"damage_taken":0.0},{"cards_removed":["Defend_B"],"damage_healed":0,"gold_gain":0,"player_choice":"Elegance","damage_taken":0,"max_hp_gain":0,"max_hp_loss":0,"event_name":"Back to Basics","floor":20,"gold_loss":0},{"damage_healed":0,"gold_gain":0,"cards_transformed":["Decay","Strike_B"],"player_choice":"Became Test Subject","damage_taken":0,"max_hp_gain":0,"max_hp_loss":0,"event_name":"Drug Dealer","floor":22,"gold_loss":0,"cards_obtained":["Shame","Skim"]}],"is_beta":false,"boss_relics":[{"not_picked":["Runic Pyramid","Velvet Choker"],"picked":"Cursed Key"}],"items_purged_floors":[],"is_endless":false,"potions_floor_spawned":[1,11,16,18,27,29],"killed_by":"Automaton","ascension_level":12}}