{"host":"6xsbn6ynqlzwllfm","time":1613282438,"event":{"mods":["2.2 Compatiblity","BaseMod","Bestiary","Colored Map","Colored Powertips","Curses Come First","Downfall","Highlight Path","Keyboard Shortcuts","Minty Spire (QoL Compilation)","Relic Stats","Slay the Relics Exporter","StSLib","SuperFastMode"],"gold_per_floor":[99,113,113,126,226,246,546,606,606,640,640,650,550,19,33,130,130,130,140,160,177,192,192,192,192,225,225,238,238,254,285,296,399,399,399,419,419,437,242,260,306,324,324,324,324,324],"floor_reached":44,"language":"ENG","playtime":2311,"items_purged":["bronze:Strike","downfall:Haunted"],"score":741,"play_id":"3a49cc8b-2489-43cb-ba83-1012b2b5c313","local_time":"20210214010038","is_ascension_mode":true,"campfire_choices":[{"floor":1,"key":"RECALL"},{"floor":13,"key":"REST"},{"data":"bronze:Goto","floor":18,"key":"SMITH"},{"floor":23,"key":"REST"},{"data":"bronze:Flail","floor":25,"key":"SMITH"},{"data":"bronze:Repulsor","floor":27,"key":"SMITH"},{"data":"bronze:Frontload","floor":29,"key":"SMITH"},{"data":"bronze:HardenedForm","floor":35,"key":"SMITH"}],"circlet_count":0,"master_deck":["AscendersBane","bronze:Strike","bronze:Defend","bronze:Defend","bronze:Defend","bronze:Defend","bronze:Replicate","bronze:Goto+1","bronze:ChosenStrike","bronze:Boost","bronze:DelayedGuard","bronze:Flail+1","bronze:Spike","bronze:DazingPulse","bronze:Explode","bronze:InfiniteBeams","bronze:Frontload+1","bronze:Verify","bronze:FindAndReplace","bronze:Safeguard+1","bronze:Optimize+1","bronze:BugBarrage+1","bronze:Refactor","bronze:Repulsor+1","bronze:Shell+1","bronze:HardenedForm+1","expansioncontent:PolyBeam","expansioncontent:Chronoboost","expansioncontent:YouAreMine","bronze:AlphaBuild","bronze:ChildClass","Writhe","Parasite","bronze:Return"],"relics":["bronze:BronzeCore","Old Coin","Art of War","Orichalcum","Bird Faced Urn","downfall:HeartBlessingRed","Akabeko","Frozen Eye","Cursed Key","bronze:DecasWashers","Happy Flower","PreservedInsect","bronze:ElectromagneticCoil"],"acts_visited":["Exordium","TheCity","TheBeyond"],"potions_floor_usage":[8,10,10,10,31,31],"damage_taken":[{"damage":0,"enemies":"2 Louse","floor":2,"turns":3},{"damage":10,"enemies":"Jaw Worm","floor":4,"turns":6},{"damage":0,"enemies":"Small Slimes","floor":6,"turns":4},{"damage":4,"enemies":"Lagavulin Event","floor":8,"turns":8},{"damage":36,"enemies":"Lagavulin Event","floor":9,"turns":4},{"damage":0,"enemies":"Lagavulin","floor":10,"turns":6},{"damage":1,"enemies":"2 Fungi Beasts","floor":12,"turns":2},{"damage":0,"enemies":"downfall:FleeingMerchant","floor":14,"turns":4},{"damage":0,"enemies":"Exordium Wildlife","floor":15,"turns":2},{"damage":29,"enemies":"WA_ARCHETYPE_RETAIN","floor":16,"turns":7},{"damage":0,"enemies":"Spheric Guardian","floor":19,"turns":1},{"damage":7,"enemies":"Shell Parasite","floor":20,"turns":5},{"damage":20,"enemies":"Cultist and Chosen","floor":21,"turns":6},{"damage":18,"enemies":"Snake Plant","floor":22,"turns":3},{"damage":14,"enemies":"Book of Stabbing","floor":26,"turns":6},{"damage":0,"enemies":"Shelled Parasite and Fungi","floor":28,"turns":3},{"damage":0,"enemies":"Chosen and Byrds","floor":30,"turns":4},{"damage":34,"enemies":"Gremlin Leader","floor":31,"turns":7},{"damage":0,"enemies":"Snecko","floor":32,"turns":4},{"damage":29,"enemies":"SI_MIRROR_ARCHETYPE","floor":33,"turns":8},{"damage":0,"enemies":"3 Shapes","floor":36,"turns":1},{"damage":18,"enemies":"3 Darklings","floor":38,"turns":5},{"damage":5,"enemies":"downfall:FleeingMerchant","floor":39,"turns":4},{"damage":30,"enemies":"4 Shapes","floor":40,"turns":6},{"damage":16,"enemies":"Writhing Mass","floor":42,"turns":6},{"damage":27,"enemies":"Giant Head","floor":44,"turns":7}],"seed_played":"3785079163156849243","potions_obtained":[{"floor":2,"key":"PowerPotion"},{"floor":6,"key":"SkillPotion"},{"floor":8,"key":"SpeedPotion"},{"floor":9,"key":"Guardian:BlockOnCardUsePotion"},{"floor":21,"key":"Regen Potion"},{"floor":28,"key":"bronze:CleanCodePotion"},{"floor":30,"key":"AttackPotion"},{"floor":31,"key":"bronze:FreeFunctionsPotion"},{"floor":33,"key":"SteroidPotion"}],"is_trial":false,"path_per_floor":["R","M","?","M","?","M","T","?","?","E","?","M","R","$","M","B",null,"R","M","M","M","M","R","T","R","E","R","M","R","M","E","M","B",null,"R","M","?","M","$","M","T","M","?","E"],"character_chosen":"THE_AUTOMATON","items_purchased":["bronze:Verify","Akabeko","Frozen Eye","bronze:ChildClass"],"campfire_rested":2,"item_purchase_floors":[14,14,14,39],"current_hp_per_floor":[70,70,70,60,60,60,60,56,20,20,17,16,39,41,41,14,61,61,61,58,42,30,53,53,53,45,45,47,47,53,37,43,20,63,63,63,53,45,44,24,24,16,16,0,0,0],"gold":324,"neow_bonus":"TEN_PERCENT_HP_BONUS","is_daily":false,"chose_seed":false,"campfire_upgraded":5,"win_rate":0.0,"timestamp":1613282438,"path_taken":["R","M","?","M","?","M","T","?","?","E","?","M","R","?","M","BOSS","R","M","M","M","?","R","T","R","E","R","M","R","M","E","M","BOSS","R","M","?","M","$","M","T","M","?","E"],"items_purchased_type":["Card","Relic","Relic","Card"],"build_version":"2020-12-22","purchased_purges":2,"victory":false,"max_hp_per_floor":[77,77,77,77,77,77,77,77,77,77,77,77,77,77,77,77,77,77,77,77,77,77,77,77,77,77,77,77,77,77,77,77,77,77,77,77,77,77,77,77,77,77,77,77,77,77],"relic_stats":{"Happy Flower":[18],"counters":[26,122],"Bird Faced Urn":[92],"PreservedInsect":174,"Art of War":[9],"Orichalcum":[36],"Cursed Key":2,"obtain_stats":[{"bronze:ElectromagneticCoil":34,"bronze:BronzeCore":0,"downfall:HeartBlessingRed":13,"Happy Flower":26,"bronze:DecasWashers":24,"PreservedInsect":31,"Orichalcum":10,"Cursed Key":17,"Akabeko":14,"Old Coin":7,"Frozen Eye":14,"Bird Faced Urn":11,"Art of War":8},{"bronze:ElectromagneticCoil":20,"bronze:BronzeCore":0,"downfall:HeartBlessingRed":7,"Happy Flower":15,"bronze:DecasWashers":14,"PreservedInsect":18,"Orichalcum":6,"Cursed Key":10,"Akabeko":8,"Old Coin":3,"Frozen Eye":8,"Bird Faced Urn":6,"Art of War":3},{"bronze:ElectromagneticCoil":93,"bronze:BronzeCore":0,"downfall:HeartBlessingRed":33,"Happy Flower":67,"bronze:DecasWashers":61,"PreservedInsect":81,"Orichalcum":31,"Cursed Key":46,"Akabeko":37,"Old Coin":13,"Frozen Eye":37,"Bird Faced Urn":31,"Art of War":13}]},"card_choices":[{"not_picked":["bronze:DelayedSlice","bronze:CutThrough"],"picked":"bronze:ChosenStrike","floor":2},{"not_picked":["bronze:InfiniteBeams","bronze:WildBeam","bronze:Invalidate"],"picked":"SKIP","floor":4},{"not_picked":["bronze:Separator","bronze:Overheat"],"picked":"bronze:DelayedGuard","floor":6},{"not_picked":["bronze:Frontload","bronze:Virus"],"picked":"bronze:Flail","floor":8},{"not_picked":[],"picked":"bronze:Spike","floor":9},{"not_picked":[],"picked":"bronze:DazingPulse","floor":9},{"not_picked":[],"picked":"bronze:Explode","floor":9},{"not_picked":["bronze:Turbo","bronze:InfiniteBeams","bronze:ClassDefault"],"picked":"SKIP","floor":10},{"not_picked":["bronze:OilSpill","bronze:Overheat"],"picked":"bronze:InfiniteBeams","floor":12},{"not_picked":["bronze:Allocate","bronze:DelayedSlice"],"picked":"bronze:Frontload","floor":14},{"not_picked":["bronze:WildBeam","bronze:Backtrace","bronze:Repair"],"picked":"SKIP","floor":15},{"not_picked":["bronze:Break","bronze:ShipIt"],"picked":"bronze:FindAndReplace","floor":16},{"not_picked":["bronze:Shield","bronze:Allocate+1"],"picked":"bronze:Safeguard+1","floor":19},{"not_picked":["bronze:Shell","bronze:BuggyMess"],"picked":"bronze:Optimize+1","floor":20},{"not_picked":["bronze:CutThrough","bronze:Allocate"],"picked":"bronze:BugBarrage+1","floor":21},{"not_picked":["bronze:Branch+1","bronze:OilSpill"],"picked":"bronze:Refactor","floor":22},{"not_picked":["bronze:Frontload","bronze:ForLoop"],"picked":"bronze:Repulsor","floor":26},{"not_picked":["bronze:WildBeam+1","bronze:Repulsor","bronze:Backtrace"],"picked":"SKIP","floor":28},{"not_picked":["bronze:NullPointer+1","bronze:Deprecate+1"],"picked":"bronze:Shell+1","floor":30},{"not_picked":["bronze:Iterate","bronze:Repulsor","bronze:Separator+1"],"picked":"SKIP","floor":31},{"not_picked":["bronze:DarkDash","bronze:ItsAFeature","bronze:BitShift+1"],"picked":"SKIP","floor":32},{"not_picked":["bronze:Verify","bronze:FindAndReplace"],"picked":"bronze:HardenedForm","floor":33},{"not_picked":["bronze:Overload+1","bronze:DelayedSlice+1","bronze:CutThrough+1"],"picked":"SKIP","floor":36},{"not_picked":["expansioncontent:PrepareCrush","expansioncontent:GuardianWhirl"],"picked":"expansioncontent:PolyBeam","floor":37},{"not_picked":["expansioncontent:Hexaburn","expansioncontent:LastStand"],"picked":"expansioncontent:Chronoboost","floor":37},{"not_picked":["expansioncontent:PrepareCrush","expansioncontent:GuardianWhirl"],"picked":"expansioncontent:YouAreMine","floor":37},{"not_picked":["bronze:Branch+1","bronze:DelayedSlice+1"],"picked":"bronze:AlphaBuild","floor":39},{"not_picked":["bronze:Deprecate+1","bronze:Overheat","bronze:ChosenStrike+1"],"picked":"SKIP","floor":40},{"not_picked":["bronze:WhirlingStrike+1","bronze:Optimize"],"picked":"bronze:Return","floor":42}],"player_experience":1767738,"relics_obtained":[{"floor":7,"key":"Old Coin"},{"floor":10,"key":"Orichalcum"},{"floor":24,"key":"bronze:DecasWashers"},{"floor":26,"key":"Happy Flower"},{"floor":31,"key":"PreservedInsect"}],"event_choices":[{"damage_healed":0,"gold_gain":0,"player_choice":"Success","damage_taken":3,"relics_obtained":["Bird Faced Urn"],"max_hp_gain":0,"max_hp_loss":0,"event_name":"Scrap Ooze","floor":11,"gold_loss":0},{"cards_removed":["bronze:Strike"],"damage_healed":0,"gold_gain":0,"player_choice":"Removed Attack","damage_taken":0,"max_hp_gain":0,"max_hp_loss":0,"event_name":"Falling","floor":43,"gold_loss":0}],"is_beta":false,"boss_relics":[{"not_picked":["Philosopher\u0027s Stone","Calling Bell"],"picked":"Cursed Key"},{"not_picked":["Velvet Choker","Fusion Hammer"],"picked":"bronze:ElectromagneticCoil"}],"items_purged_floors":[14,39],"is_endless":false,"potions_floor_spawned":[2,6,8,9,21,28,30,31,33,36],"killed_by":"Giant Head","ascension_level":10}}