{"host":"k919bq8mkuzdqhzi","time":1613262730,"event":{"mods":["AchievementEnabler","BaseMod","Colored Map","Colored Powertips","DeckTracker","Minty Spire (QoL Compilation)","Relic Sorter","SuperFastMode"],"gold_per_floor":[109,34,52,1,20,20,31,61,86,86,105,105,134,38,38,140,140,150,150,162,162,173,173,191,40,40,40,40],"floor_reached":27,"language":"ENG","playtime":2606,"items_purged":["Strike_P","Strike_P"],"score":213,"play_id":"28d8b373-5f10-4d37-bc85-7ccfc76910b8","local_time":"20210213193210","is_ascension_mode":false,"campfire_choices":[{"data":"CutThroughFate","floor":6,"key":"SMITH"},{"floor":10,"key":"REST"},{"data":"EmptyBody","floor":12,"key":"SMITH"},{"floor":15,"key":"REST"},{"floor":23,"key":"REST"}],"circlet_count":0,"master_deck":["Strike_P+1","Strike_P","Defend_P","Defend_P","Defend_P","Defend_P","Eruption","Vigilance","CutThroughFate+1","FollowUp","CrushJoints","PathToVictory","EmptyBody+1","Protect","EmptyFist","WheelKick","Halt","LessonLearned","WindmillStrike","RitualDagger","SignatureMove+1","Sanctity","FearNoEvil","Swivel"],"relics":["PureWater","Odd Mushroom","PreservedInsect","Smiling Mask","Philosopher\u0027s Stone","Sundial"],"acts_visited":["Exordium","TheCity"],"potions_floor_usage":[8,8],"damage_taken":[{"damage":19,"enemies":"Cultist","floor":1,"turns":6},{"damage":0,"enemies":"Small Slimes","floor":3,"turns":5},{"damage":0,"enemies":"2 Louse","floor":5,"turns":2},{"damage":7,"enemies":"Blue Slaver","floor":7,"turns":2},{"damage":20,"enemies":"The Mushroom Lair","floor":8,"turns":6},{"damage":0,"enemies":"Exordium Wildlife","floor":11,"turns":2},{"damage":19,"enemies":"Lagavulin","floor":13,"turns":6},{"damage":36,"enemies":"The Guardian","floor":16,"turns":16},{"damage":3,"enemies":"Chosen","floor":18,"turns":5},{"damage":16,"enemies":"Spheric Guardian","floor":20,"turns":4},{"damage":19,"enemies":"Cultist and Chosen","floor":22,"turns":6},{"damage":40,"enemies":"Snecko","floor":24,"turns":7},{"damage":19,"enemies":"Snake Plant","floor":27,"turns":4}],"seed_played":"-1669372855885663694","potions_obtained":[{"floor":3,"key":"EssenceOfSteel"},{"floor":7,"key":"Weak Potion"},{"floor":24,"key":"ColorlessPotion"}],"is_trial":false,"path_per_floor":["M","$","M","$","M","R","M","?","T","R","M","R","E","$","R","B",null,"M","?","M","?","M","R","M","$","T","M"],"character_chosen":"WATCHER","items_purchased":["CrushJoints","Halt","FearNoEvil","Swivel"],"campfire_rested":3,"item_purchase_floors":[4,14,25,25],"current_hp_per_floor":[60,60,60,60,60,60,53,33,33,56,56,56,37,37,60,24,79,76,70,54,54,35,58,18,18,18,0,0],"gold":40,"neow_bonus":"TEN_PERCENT_HP_BONUS","is_daily":false,"chose_seed":false,"campfire_upgraded":2,"win_rate":0.0,"timestamp":1613262730,"path_taken":["M","?","M","$","M","R","M","?","T","R","M","R","E","$","R","BOSS","M","?","M","?","M","R","M","$","T","M"],"items_purchased_type":["Card","Card","Card","Card"],"build_version":"2020-12-22","purchased_purges":2,"victory":false,"max_hp_per_floor":[79,79,79,79,79,79,79,79,79,79,79,79,79,79,79,79,79,79,79,79,79,79,79,79,79,79,79,79],"card_choices":[{"not_picked":["LikeWater","Sanctity"],"picked":"CutThroughFate","floor":1},{"not_picked":["BowlingBash","JustLucky"],"picked":"FollowUp","floor":3},{"not_picked":["Brilliance","EmptyMind"],"picked":"PathToVictory","floor":5},{"not_picked":["Halt","SignatureMove"],"picked":"EmptyBody","floor":7},{"not_picked":["BowlingBash","DeceiveReality"],"picked":"Protect","floor":8},{"not_picked":["Halt","Protect"],"picked":"EmptyFist","floor":11},{"not_picked":["PathToVictory","CrushJoints"],"picked":"WheelKick","floor":13},{"not_picked":["Establishment","Omniscience"],"picked":"LessonLearned","floor":16},{"not_picked":["Protect","Perseverance"],"picked":"WindmillStrike","floor":18},{"not_picked":["Consecrate","Pray"],"picked":"SignatureMove+1","floor":20},{"not_picked":["WreathOfFlame","InnerPeace"],"picked":"Sanctity","floor":22},{"not_picked":["SignatureMove","CrushJoints+1","PathToVictory+1"],"picked":"SKIP","floor":24}],"player_experience":151731,"relics_obtained":[{"floor":8,"key":"Odd Mushroom"},{"floor":9,"key":"PreservedInsect"},{"floor":13,"key":"Smiling Mask"},{"floor":26,"key":"Sundial"}],"event_choices":[{"damage_healed":0,"gold_gain":0,"player_choice":"Fought Mushrooms","damage_taken":0,"max_hp_gain":0,"max_hp_loss":0,"event_name":"Mushrooms","floor":8,"gold_loss":0},{"damage_healed":0,"gold_gain":0,"player_choice":"Joined the Cult","damage_taken":6,"max_hp_gain":0,"max_hp_loss":0,"event_name":"Nest","floor":19,"gold_loss":0,"cards_obtained":["RitualDagger"]},{"damage_healed":0,"gold_gain":0,"player_choice":"Ignored","damage_taken":0,"max_hp_gain":0,"max_hp_loss":0,"event_name":"Ghosts","floor":21,"gold_loss":0}],"is_beta":false,"boss_relics":[{"not_picked":["VioletLotus","Tiny House"],"picked":"Philosopher\u0027s Stone"}],"items_purged_floors":[2,14],"is_endless":false,"potions_floor_spawned":[3,7,24],"killed_by":"Snake Plant","ascension_level":0}}