{"host":"pqs17sqrgflf4eqa","time":1613279085,"event":{"mods":["AchievementEnabler","BaseMod","Bestiary","Better Altar","Better Match","Better Skull","Block Reminder","Bossed Relics","Colored Map","Colored Powertips","Curses Come First","Dark Map","DeckTracker","Defective Defect","Displayed Cursed Tome","Emptier Cage","Googly Eyes","Highlight Path","Minty Spire (QoL Compilation)","Quick Restart","Slay-I","StSLib","SuperFastMode","Synergy Search","Thieving Mod","Transform Curses","everything is the same but u backflip on backflip","slay the spire mod where everything is the same but ironclad has a cowboy hat"],"gold_per_floor":[114,114,125,142,22,22,51,63,112,139,159,189,201,224,224,327,327,340,352,18,18,29,29,29],"floor_reached":23,"language":"ENG","playtime":656,"items_purged":["Strike_G"],"score":264,"play_id":"e8cae3f4-3968-4de2-b0e8-a3e26363e5fe","local_time":"20210214000445","is_ascension_mode":true,"campfire_choices":[{"data":"Deadly Poison","floor":6,"key":"SMITH"},{"floor":15,"key":"REST"}],"circlet_count":0,"master_deck":["Strike_G","Strike_G","Strike_G","Strike_G","Defend_G","Defend_G","Defend_G","Defend_G","Defend_G","Survivor","Neutralize","Dodge and Roll","Deadly Poison+1","Unload","Dagger Spray","Unload","Backstab","Blur","Leg Sweep","Die Die Die","Venomology"],"relics":["Ring of the Snake","NeowsBlessing","White Beast Statue","Potion Belt","Smiling Mask","Toy Ornithopter","Odd Mushroom","Coffee Dripper"],"acts_visited":["Exordium","TheCity"],"potions_floor_usage":[7,7,7,11,13,14,14,16,19,19,22,22,22,23,23,23],"damage_taken":[{"damage":0,"enemies":"Jaw Worm","floor":1,"turns":1},{"damage":0,"enemies":"Cultist","floor":3,"turns":1},{"damage":0,"enemies":"Small Slimes","floor":4,"turns":1},{"damage":14,"enemies":"3 Sentries","floor":7,"turns":9},{"damage":14,"enemies":"Looter","floor":8,"turns":3},{"damage":26,"enemies":"Gremlin Nob","floor":10,"turns":4},{"damage":6,"enemies":"Large Slime","floor":11,"turns":5},{"damage":5,"enemies":"3 Louse","floor":13,"turns":3},{"damage":12,"enemies":"The Mushroom Lair","floor":14,"turns":4},{"damage":12,"enemies":"The Guardian","floor":16,"turns":12},{"damage":14,"enemies":"Chosen","floor":18,"turns":5},{"damage":11,"enemies":"Spheric Guardian","floor":19,"turns":4},{"damage":20,"enemies":"Snake Plant","floor":22,"turns":3},{"damage":69,"enemies":"Gremlin Leader","floor":23,"turns":6}],"seed_played":"7960909286791614462","potions_obtained":[{"floor":4,"key":"EssenceOfSteel"},{"floor":7,"key":"Fruit Juice"},{"floor":8,"key":"Weak Potion"},{"floor":10,"key":"EssenceOfSteel"},{"floor":11,"key":"ColorlessPotion"},{"floor":13,"key":"BlessingOfTheForge"},{"floor":14,"key":"BlessingOfTheForge"},{"floor":16,"key":"Poison Potion"},{"floor":18,"key":"Weak Potion"},{"floor":19,"key":"Fire Potion"},{"floor":22,"key":"Fire Potion"}],"is_trial":false,"path_per_floor":["M","?","M","M","$","R","E","M","T","E","M","?","M","?","R","B",null,"M","M","$","?","M","E"],"character_chosen":"THE_SILENT","items_purchased":["Unload","Energy Potion","Venomology","CunningPotion","Explosive Potion"],"campfire_rested":1,"item_purchase_floors":[5,5,20,20,20],"current_hp_per_floor":[63,63,63,63,63,63,54,40,40,14,8,8,8,6,28,21,62,48,47,47,47,42,0,0],"gold":29,"neow_bonus":"THREE_ENEMY_KILL","is_daily":false,"chose_seed":false,"campfire_upgraded":1,"win_rate":0.0,"timestamp":1613279085,"path_taken":["M","?","M","M","$","R","E","M","T","E","?","?","M","?","R","BOSS","M","M","$","?","M","E"],"items_purchased_type":["Card","Potion","Card","Potion","Potion"],"build_version":"2020-12-22","purchased_purges":1,"victory":false,"max_hp_per_floor":[70,70,70,70,70,70,75,75,75,75,75,75,75,75,75,75,75,75,75,75,75,75,75,75],"card_choices":[{"not_picked":["Quick Slash","Flying Knee"],"picked":"Dodge and Roll","floor":1},{"not_picked":["Underhanded Strike","Sucker Punch"],"picked":"Deadly Poison","floor":3},{"not_picked":["All Out Attack","Predator","Poisoned Stab"],"picked":"SKIP","floor":4},{"not_picked":["Predator","Eviscerate"],"picked":"Dagger Spray","floor":7},{"not_picked":["Acrobatics","Underhanded Strike"],"picked":"Unload","floor":8},{"not_picked":["Tactician","Sucker Punch"],"picked":"Backstab","floor":10},{"not_picked":["Quick Slash","Sucker Punch"],"picked":"Blur","floor":11},{"not_picked":["Accuracy","Sucker Punch","Quick Slash"],"picked":"SKIP","floor":13},{"not_picked":["Bane","Blade Dance"],"picked":"Leg Sweep","floor":14},{"not_picked":["After Image","Doppelganger"],"picked":"Die Die Die","floor":16},{"not_picked":["Skewer","Poisoned Stab+1","Crippling Poison"],"picked":"SKIP","floor":18},{"not_picked":["Skewer+1","Quick Slash","Flechettes"],"picked":"SKIP","floor":19},{"not_picked":["Cloak And Dagger","Slice","Outmaneuver+1"],"picked":"SKIP","floor":22}],"player_experience":203615,"relics_obtained":[{"floor":7,"key":"White Beast Statue"},{"floor":9,"key":"Potion Belt"},{"floor":10,"key":"Smiling Mask"},{"floor":14,"key":"Odd Mushroom"}],"event_choices":[{"damage_healed":0,"gold_gain":0,"player_choice":"Ignored","damage_taken":0,"max_hp_gain":0,"max_hp_loss":0,"event_name":"Purifier","floor":2,"gold_loss":0},{"damage_healed":0,"gold_gain":30,"player_choice":"Searched \u00272\u0027 times","damage_taken":0,"relics_obtained":["Toy Ornithopter"],"max_hp_gain":0,"max_hp_loss":0,"event_name":"Dead Adventurer","floor":12,"gold_loss":0},{"damage_healed":0,"gold_gain":0,"player_choice":"Fought Mushrooms","damage_taken":0,"max_hp_gain":0,"max_hp_loss":0,"event_name":"Mushrooms","floor":14,"gold_loss":0},{"damage_healed":0,"gold_gain":0,"player_choice":"Ignored","damage_taken":0,"max_hp_gain":0,"max_hp_loss":0,"event_name":"Vampires","floor":21,"gold_loss":0}],"is_beta":false,"boss_relics":[{"not_picked":["Runic Dome","Busted Crown"],"picked":"Coffee Dripper"}],"items_purged_floors":[20],"is_endless":false,"potions_floor_spawned":[4,7,8,10,11,13,14,16,18,19,22],"killed_by":"Gremlin Leader","ascension_level":6}}