{"host":"c83fcgyuu74iknko","time":1613268746,"event":{"mods":["BaseMod","Colored Map","Colored Powertips","Minty Spire (QoL Compilation)","Quick Restart","StSLib","The Animator","The Senshi"],"gold_per_floor":[117,117,133,133,133,168,168,182,182,197,230,230,253,266,266,397,397,420,420,439,455,380,419,419,455,507,507,132,132,132,145,145,275,275,294,627,627,126,126,155,168,168,194,208,208,237,28,80,80,80],"floor_reached":51,"language":"ENG","playtime":3013,"items_purged":["theSenshi:SailorBlock","theSenshi:SailorBlock","theSenshi:MoonPrismPowerMakeUp"],"score":851,"play_id":"2dfcd4ff-257c-43ee-9a87-4155c7a6cb95","local_time":"20210213181226","is_ascension_mode":false,"campfire_choices":[{"data":"theSenshi:VenusGlamour","floor":7,"key":"SMITH"},{"data":"theSenshi:LunaSensingAllies","floor":12,"key":"SMITH"},{"data":"theSenshi:SailorStarMakerAssists","floor":15,"key":"SMITH"},{"data":"theSenshi:UranusStrength","floor":24,"key":"SMITH"},{"data":"theSenshi:SailorNeptuneAssists","floor":27,"key":"SMITH"},{"data":"theSenshi:Overload","floor":30,"key":"SMITH"},{"data":"theSenshi:UranusStrength","floor":32,"key":"SMITH"},{"data":"Madness","floor":42,"key":"SMITH"},{"data":"Madness","floor":45,"key":"SMITH"},{"data":"Mayhem","floor":49,"key":"SMITH"}],"circlet_count":0,"master_deck":["theSenshi:SailorKick","theSenshi:SailorKick","theSenshi:SailorKick","theSenshi:SailorBlock","theSenshi:SailorBlock","theSenshi:SailorJupiterAssists+1","theSenshi:VenusGlamour+1","theSenshi:Overload+1","theSenshi:SailorStarMakerAssists+1","theSenshi:SaturnsMystery+1","theSenshi:LunaSensingAllies+1","theSenshi:SailorMercuryAssists","theSenshi:SailorVenusAssists+1","theSenshi:SailorSaturnAssists+1","theSenshi:SailorNeptuneAssists+1","theSenshi:MercurysCunning+1","theSenshi:UranusStrength+1","theSenshi:MoonPunch+1","theSenshi:SailorPlutoAssists+1","theSenshi:UranusStrength+1","Madness+1","Madness+1","Mayhem+1","theSenshi:SailorPlanetPower+1","theSenshi:SailorPlanetAttack+1","theSenshi:VenusGlamour+1","theSenshi:SailorMarsAssists+1","Enlightenment","theSenshi:SailorCosmosAssists"],"relics":["theSenshi:TransformationBroochRelic","Shuriken","Strawberry","Molten Egg 2","theSenshi:TransformationPenRelic","Runic Dome","Enchiridion","theSenshi:SuperSailorFukuRelic","Juzu Bracelet","Happy Flower","Chemical X","Vajra","SlaversCollar","Bag of Marbles","Pear","theSenshi:CosmicHeartCompactRelic","Regal Pillow","MawBank","Lizard Tail"],"acts_visited":["Exordium","TheCity","TheBeyond"],"potions_floor_usage":[6,14,16,16,33,40,50,50,50],"damage_taken":[{"damage":0,"enemies":"Cultist","floor":1,"turns":4},{"damage":0,"enemies":"2 Louse","floor":3,"turns":3},{"damage":21,"enemies":"Lagavulin","floor":6,"turns":6},{"damage":0,"enemies":"Jaw Worm","floor":8,"turns":3},{"damage":7,"enemies":"Gremlin Gang","floor":10,"turns":5},{"damage":15,"enemies":"3 Sentries","floor":11,"turns":7},{"damage":6,"enemies":"Blue Slaver","floor":13,"turns":3},{"damage":10,"enemies":"2 Fungi Beasts","floor":14,"turns":5},{"damage":11,"enemies":"Slime Boss","floor":16,"turns":10},{"damage":0,"enemies":"Chosen","floor":18,"turns":5},{"damage":11,"enemies":"Shell Parasite","floor":20,"turns":4},{"damage":4,"enemies":"Shelled Parasite and Fungi","floor":21,"turns":7},{"damage":20,"enemies":"Slavers","floor":23,"turns":5},{"damage":0,"enemies":"Book of Stabbing","floor":25,"turns":5},{"damage":0,"enemies":"Centurion and Healer","floor":31,"turns":5},{"damage":10,"enemies":"Champ","floor":33,"turns":8},{"damage":0,"enemies":"Orb Walker","floor":35,"turns":3},{"damage":72,"enemies":"Reptomancer","floor":40,"turns":5},{"damage":0,"enemies":"3 Shapes","floor":41,"turns":3},{"damage":22,"enemies":"Transient","floor":44,"turns":5},{"damage":3,"enemies":"Giant Head","floor":46,"turns":5},{"damage":4,"enemies":"2 Orb Walkers","floor":48,"turns":4},{"damage":70,"enemies":"Awakened One","floor":50,"turns":6}],"seed_played":"-594517225507895596","potions_obtained":[{"floor":3,"key":"DuplicationPotion"},{"floor":6,"key":"SkillPotion"},{"floor":10,"key":"Ancient Potion"},{"floor":11,"key":"ColorlessPotion"},{"floor":13,"key":"EssenceOfSteel"},{"floor":16,"key":"Block Potion"},{"floor":18,"key":"Regen Potion"},{"floor":25,"key":"PowerPotion"},{"floor":31,"key":"AttackPotion"},{"floor":35,"key":"AttackPotion"},{"floor":48,"key":"Explosive Potion"}],"is_trial":false,"path_per_floor":["M","?","M","?","T","E","R","M","T","M","E","R","M","M","R","B",null,"M","?","M","M","?","E","R","E","T","R","$","?","R","M","R","B",null,"M","?","?","$","?","E","M","R","T","M","R","E","$","?","R","B",null],"character_chosen":"THE_SENSHI","items_purchased":["Chemical X","Vajra","Bag of Marbles","Pear","Enlightenment"],"campfire_rested":0,"item_purchase_floors":[28,28,38,38,47],"current_hp_per_floor":[75,75,75,57,57,43,43,43,43,36,36,36,45,35,35,48,82,82,66,68,82,82,67,67,82,82,82,82,82,82,82,82,77,82,82,82,72,82,82,49,66,66,66,65,65,72,72,73,73,32],"gold":80,"neow_bonus":"THREE_CARDS","is_daily":false,"chose_seed":false,"campfire_upgraded":10,"win_rate":0.0,"timestamp":1613268746,"path_taken":["M","?","?","?","?","E","R","?","T","M","E","R","M","M","R","BOSS","M","?","M","M","?","E","R","E","T","R","$","?","R","M","R","BOSS","M","?","?","$","?","E","M","R","T","M","R","E","$","?","R","BOSS"],"items_purchased_type":["Relic","Relic","Relic","Relic","Card"],"build_version":"2020-12-22","purchased_purges":3,"victory":true,"max_hp_per_floor":[75,75,75,75,75,82,82,82,82,82,82,82,82,82,82,82,82,82,82,82,82,82,82,82,82,82,82,82,82,82,82,82,82,82,82,82,82,92,92,92,92,92,92,92,92,92,92,92,92,92],"card_choices":[{"not_picked":["theSenshi:SupersonicWaves","theSenshi:SailorChibiMoonAssists"],"picked":"theSenshi:SailorJupiterAssists","floor":0},{"not_picked":["theSenshi:LunasBite","theSenshi:SupersonicWaves","theSenshi:InTheNickOfTime"],"picked":"SKIP","floor":1},{"not_picked":["theSenshi:YouCanTalk","theSenshi:SchoolBag"],"picked":"theSenshi:VenusGlamour","floor":3},{"not_picked":["theSenshi:EncouragingSpeech","theSenshi:TallSilhouette"],"picked":"theSenshi:Overload","floor":6},{"not_picked":["theSenshi:SailorMercuryAssists","theSenshi:LunasBite"],"picked":"theSenshi:SailorStarMakerAssists","floor":8},{"not_picked":["theSenshi:LunasBite+1","theSenshi:SailorNeptuneAssists"],"picked":"theSenshi:SaturnsMystery+1","floor":10},{"not_picked":["theSenshi:SailorPlanetAttack+1","theSenshi:SailorUranusAssists+1"],"picked":"theSenshi:LunaSensingAllies","floor":11},{"not_picked":["theSenshi:MoonlightKnight","theSenshi:YouCanTalk"],"picked":"theSenshi:SailorMercuryAssists","floor":13},{"not_picked":["theSenshi:MoonTiaraMagic+1","theSenshi:Sidestep"],"picked":"theSenshi:SailorVenusAssists+1","floor":14},{"not_picked":["theSenshi:SailorStarHealerAssists","theSenshi:IWillPunishYou"],"picked":"theSenshi:SailorSaturnAssists+1","floor":16},{"not_picked":["theSenshi:MoonKick+1","theSenshi:MoonPrincessHalation+1"],"picked":"theSenshi:SailorNeptuneAssists","floor":18},{"not_picked":["theSenshi:LunasBite+1","theSenshi:MoonPrincessHalation+1"],"picked":"theSenshi:MercurysCunning+1","floor":20},{"not_picked":["theSenshi:MoonPower+1","theSenshi:SchoolBag"],"picked":"theSenshi:UranusStrength","floor":21},{"not_picked":["theSenshi:MoonCrystalPowerMakeUp","theSenshi:GatheringStrength"],"picked":"theSenshi:MoonPunch+1","floor":23},{"not_picked":["theSenshi:SailorJupiterAssists+1","theSenshi:SailorChibiMoonAssists+1"],"picked":"theSenshi:SailorPlutoAssists+1","floor":25},{"not_picked":["theSenshi:SupersonicWaves+1","theSenshi:MoonPrincessHalation+1"],"picked":"theSenshi:UranusStrength","floor":31},{"not_picked":["theSenshi:SupersonicWaves+1","theSenshi:SailorMercuryAssists","theSenshi:VenusGlamour+1"],"picked":"SKIP","floor":35},{"not_picked":["Blind","Transmutation"],"picked":"Mayhem","floor":39},{"not_picked":["theSenshi:StudyParty","theSenshi:SailorStarFighterAssists+1"],"picked":"theSenshi:SailorPlanetPower+1","floor":40},{"not_picked":["theSenshi:OdangoHead+1","theSenshi:TuxedoSmokingBomber+1"],"picked":"theSenshi:SailorPlanetAttack+1","floor":41},{"not_picked":["theSenshi:HesSoDreamy+1","theSenshi:CrisisMakeUp"],"picked":"theSenshi:VenusGlamour+1","floor":44},{"not_picked":["theSenshi:MoonPower+1","theSenshi:VenusGlamour+1"],"picked":"theSenshi:SailorMarsAssists+1","floor":46},{"not_picked":["theSenshi:MoonPunch+1","theSenshi:MercurysCunning+1"],"picked":"theSenshi:SailorCosmosAssists","floor":48}],"player_experience":247005,"relics_obtained":[{"floor":5,"key":"Shuriken"},{"floor":6,"key":"Strawberry"},{"floor":9,"key":"Molten Egg 2"},{"floor":11,"key":"theSenshi:TransformationPenRelic"},{"floor":19,"key":"Enchiridion"},{"floor":23,"key":"theSenshi:SuperSailorFukuRelic"},{"floor":25,"key":"Juzu Bracelet"},{"floor":26,"key":"Happy Flower"},{"floor":40,"key":"theSenshi:CosmicHeartCompactRelic"},{"floor":43,"key":"Regal Pillow"},{"floor":46,"key":"MawBank"},{"floor":48,"key":"Lizard Tail"}],"event_choices":[{"damage_healed":0,"gold_gain":0,"player_choice":"Forge","damage_taken":0,"max_hp_gain":0,"max_hp_loss":0,"event_name":"Accursed Blacksmith","floor":2,"gold_loss":0,"cards_upgraded":["theSenshi:SailorJupiterAssists"]},{"damage_healed":0,"gold_gain":0,"player_choice":"Take Damage","damage_taken":18,"relics_obtained":["Golden Idol"],"max_hp_gain":0,"max_hp_loss":0,"event_name":"Golden Idol","floor":4,"gold_loss":0},{"damage_healed":0,"gold_gain":0,"player_choice":"Obtained Book","damage_taken":16,"max_hp_gain":0,"max_hp_loss":0,"event_name":"Cursed Tome","floor":19,"gold_loss":0},{"cards_removed":["theSenshi:RoseThrow"],"damage_healed":0,"gold_gain":0,"player_choice":"Gave Gold","damage_taken":0,"max_hp_gain":0,"max_hp_loss":0,"event_name":"Beggar","floor":22,"gold_loss":75},{"cards_removed":["theSenshi:SailorKick"],"damage_healed":0,"gold_gain":0,"player_choice":"Elegance","damage_taken":0,"max_hp_gain":0,"max_hp_loss":0,"event_name":"Back to Basics","floor":29,"gold_loss":0},{"damage_healed":0,"gold_gain":333,"player_choice":"Gave Idol","damage_taken":0,"max_hp_gain":0,"max_hp_loss":0,"event_name":"The Moai Head","floor":36,"relics_lost":["Golden Idol"],"gold_loss":0},{"damage_healed":0,"gold_gain":0,"player_choice":"Embrace Madness","damage_taken":10,"max_hp_gain":0,"max_hp_loss":0,"event_name":"Winding Halls","floor":37,"gold_loss":0,"cards_obtained":["Madness","Madness"]},{"damage_healed":0,"gold_gain":0,"player_choice":"Memory 1","damage_taken":0,"max_hp_gain":0,"max_hp_loss":0,"event_name":"SensoryStone","floor":39,"gold_loss":0},{"damage_healed":0,"gold_gain":0,"player_choice":"Fight","damage_taken":0,"max_hp_gain":0,"max_hp_loss":0,"event_name":"Mysterious Sphere","floor":48,"gold_loss":0}],"is_beta":false,"boss_relics":[{"not_picked":["Snecko Eye","Runic Pyramid"],"picked":"Runic Dome"},{"not_picked":["Empty Cage","Pandora\u0027s Box"],"picked":"SlaversCollar"}],"items_purged_floors":[28,38,47],"is_endless":false,"potions_floor_spawned":[3,6,10,11,13,16,18,25,31,35,48],"ascension_level":0}}