{"host":"2qyxu97h6u4ukicb","time":1613271976,"event":{"mods":["AchievementEnabler","BaseMod","BetterRewards","Colored Map","Colored Powertips","Minty Spire (QoL Compilation)","Replay The Spire","Shop Mod","StSLib"],"gold_per_floor":[113,130,145,145,145,145,161,161,161,161,161,179,179,189,189,294,294,306,306,306,306,306],"floor_reached":21,"language":"ENG","playtime":971,"items_purged":[],"score":169,"play_id":"983ad304-4cd8-49ec-ba23-1edb89ea38c6","local_time":"20210213210616","is_ascension_mode":false,"campfire_choices":[{"data":"Bouncing Flask","floor":6,"key":"SMITH"},{"data":"Terror","floor":8,"key":"SMITH"},{"data":"Sucker Punch","floor":13,"key":"SMITH"},{"floor":15,"key":"REST"}],"circlet_count":0,"master_deck":["Strike_G","Strike_G","Strike_G","Strike_G","Strike_G","Defend_G","Defend_G","Defend_G","Defend_G","Defend_G","Survivor","Neutralize","Bouncing Flask+1","Sucker Punch+1","Terror+1","Atom Bomb+1","Dagger Spray+1","Night Terror","Clumsy","Pain","Clumsy","Endless Agony+1"],"relics":["Ring of the Snake","Potion Belt","Shuriken","Molten Egg 2","Replay:Ancient Bell","Snake Skull","Chameleon Ring","Counterbalance","Ninja Scroll"],"acts_visited":["Exordium","TheCity"],"potions_floor_usage":[16,16,16],"damage_taken":[{"damage":10,"enemies":"Cultist","floor":1,"turns":4},{"damage":7,"enemies":"2 Louse","floor":2,"turns":2},{"damage":8,"enemies":"Jaw Worm","floor":3,"turns":3},{"damage":9,"enemies":"Blue Slaver","floor":7,"turns":2},{"damage":10,"enemies":"Looter","floor":12,"turns":2},{"damage":16,"enemies":"Exordium Thugs","floor":14,"turns":4},{"damage":39,"enemies":"Slime Boss","floor":16,"turns":9},{"damage":47,"enemies":"Spheric Guardian","floor":18,"turns":6},{"damage":61,"enemies":"Masked Bandits","floor":21,"turns":3}],"seed_played":"-8498157781602537242","potions_obtained":[{"floor":1,"key":"Elixir"},{"floor":7,"key":"LifebloodPotion"},{"floor":14,"key":"Strength Potion"}],"is_trial":false,"path_per_floor":["M","M","M","?","$","R","M","R","T","?","$","M","R","M","R","B",null,"M","?","T","?"],"character_chosen":"THE_SILENT","items_purchased":[],"campfire_rested":1,"item_purchase_floors":[],"current_hp_per_floor":[60,53,45,68,68,68,59,59,59,56,56,46,46,30,51,12,70,23,46,46,0,0],"gold":306,"neow_bonus":"RANDOM_COMMON_RELIC","is_daily":false,"chose_seed":false,"campfire_upgraded":3,"win_rate":0.0,"timestamp":1613271976,"path_taken":["M","M","?","?","$","R","M","R","T","?","?","M","R","?","R","BOSS","M","?","?","?"],"items_purchased_type":[],"build_version":"2020-12-22","purchased_purges":0,"victory":false,"max_hp_per_floor":[70,70,70,70,70,70,70,70,70,70,70,70,70,70,70,70,70,70,70,70,70,70],"card_choices":[{"not_picked":["Riddle With Holes","Deflect"],"picked":"Bouncing Flask","floor":1},{"not_picked":["Underhanded Strike","Cloak And Dagger"],"picked":"Sucker Punch","floor":2},{"not_picked":["Dagger Spray","Backflip"],"picked":"Terror","floor":3},{"not_picked":["Quick Slash","Deflect","Cloak And Dagger"],"picked":"SKIP","floor":7},{"not_picked":["Flechettes+1","Replay:Poison Smokescreen"],"picked":"Atom Bomb+1","floor":12},{"not_picked":["Dagger Throw+1","Footwork"],"picked":"Dagger Spray+1","floor":14},{"not_picked":["After Image","Wraith Form v2"],"picked":"Night Terror","floor":16},{"not_picked":["Amnesia","ReplayTheSpireMod:Doomed"],"picked":"Clumsy","floor":17},{"not_picked":["ReplayTheSpireMod:Doomed","Replay:Hysterical Blindness"],"picked":"Pain","floor":17},{"not_picked":["Voices","Hallucinations"],"picked":"Clumsy","floor":17},{"not_picked":["ReplayTheSpireMod:From All Sides+1","Backflip"],"picked":"Endless Agony+1","floor":18}],"player_experience":810773,"relics_obtained":[{"floor":9,"key":"Shuriken"},{"floor":20,"key":"Ninja Scroll"}],"event_choices":[{"damage_healed":23,"gold_gain":0,"player_choice":"Banana","damage_taken":0,"max_hp_gain":0,"max_hp_loss":0,"event_name":"Big Fish","floor":4,"gold_loss":0},{"damage_healed":0,"gold_gain":0,"player_choice":"Success","damage_taken":3,"relics_obtained":["Molten Egg 2"],"max_hp_gain":0,"max_hp_loss":0,"event_name":"Scrap Ooze","floor":10,"gold_loss":0},{"damage_healed":23,"gold_gain":0,"player_choice":"Heal","damage_taken":0,"max_hp_gain":0,"max_hp_loss":0,"event_name":"The Library","floor":19,"gold_loss":0},{"damage_healed":0,"gold_gain":0,"player_choice":"Fought Bandits","damage_taken":0,"max_hp_gain":0,"max_hp_loss":0,"event_name":"Masked Bandits","floor":21,"gold_loss":0}],"is_beta":false,"boss_relics":[{"not_picked":["Painkiller Herb","Coffee Dripper"],"picked":"Replay:Ancient Bell"},{"not_picked":["Pen Nib","Bag of Marbles"],"picked":"Snake Skull"},{"not_picked":["Replay:Bottled Eggs","Mummified Hand"],"picked":"Chameleon Ring"},{"not_picked":["Replay:Kaleidoscope","Tough Bandages"],"picked":"Counterbalance"}],"items_purged_floors":[],"is_endless":false,"potions_floor_spawned":[1,7,14],"killed_by":"Masked Bandits","ascension_level":0}}