{"host":"f8krwbl1oysf3v6f","time":1613330711,"event":{"mods":["AchievementEnabler","BaseMod","Colored Map","DeckTracker","Minty Spire (QoL Compilation)","Permanent Neow","READ ME - Snecko Mod","StSLib","SuperFastMode","Td1madao Mod"],"gold_per_floor":[11,27,43,43,43,75,75,109,164,164,177,192,222,232,232,331,331,348,332,332,348,358,358,370,370,420,452,452,469,495,505,505,608,608,628,3,3,23,0,31,81,112,112,112,130,141,173,183,183,183],"floor_reached":51,"language":"KOR","playtime":5088,"items_purged":[],"score":1546,"play_id":"5a6d9be6-a7ba-44b3-adbe-6f7310ee7f22","local_time":"20210215042511","is_ascension_mode":true,"campfire_choices":[{"data":"1","floor":7,"key":"LIFT"},{"data":"2","floor":10,"key":"LIFT"},{"data":"3","floor":15,"key":"LIFT"},{"floor":23,"key":"REST"},{"floor":32,"key":"REST"},{"floor":44,"key":"DIG"},{"floor":49,"key":"DIG"}],"circlet_count":2,"master_deck":["Dropkick+1","Shockwave+1","Dropkick+1","Intimidate+1","Intimidate+1","Shockwave+1","Thunderclap+1"],"relics":["Burning Blood","Omamori","Circlet","Molten Egg 2","The Courier","Frozen Egg 2","Toxic Egg 2","Girya","Black Star","Pandora\u0027s Box","Necronomicon","Membership Card","Smiling Mask","Self Forming Clay","Smiling Mask","Pen Nib","Toxic Egg 2","Juzu Bracelet","Ornamental Fan","Mango","MutagenicStrength","Art of War","Red Skull","Sundial","Bronze Scales","HornCleat","Runic Cube","HandDrill","Happy Flower","Singing Bowl","Strawberry","Bag of Marbles","MealTicket","Bag of Preparation","Omamori","Eternal Feather","Red Mask","Dream Catcher","Matryoshka","Shovel","Vajra","Potion Belt","PreservedInsect","InkBottle","Pantograph","White Beast Statue","Oddly Smooth Stone","Centennial Puzzle"],"acts_visited":["Exordium","TheCity","TheBeyond"],"potions_floor_usage":[50,50],"damage_taken":[{"damage":0,"enemies":"2 Louse","floor":1,"turns":1},{"damage":0,"enemies":"Cultist","floor":2,"turns":1},{"damage":4,"enemies":"Small Slimes","floor":3,"turns":2},{"damage":0,"enemies":"Gremlin Nob","floor":6,"turns":1},{"damage":0,"enemies":"Lagavulin","floor":8,"turns":1},{"damage":0,"enemies":"2 Fungi Beasts","floor":11,"turns":2},{"damage":0,"enemies":"Exordium Thugs","floor":12,"turns":1},{"damage":0,"enemies":"3 Sentries","floor":13,"turns":1},{"damage":0,"enemies":"Large Slime","floor":14,"turns":1},{"damage":0,"enemies":"Slime Boss","floor":16,"turns":1},{"damage":0,"enemies":"Chosen","floor":18,"turns":1},{"damage":0,"enemies":"Shell Parasite","floor":21,"turns":1},{"damage":0,"enemies":"3 Cultists","floor":22,"turns":1},{"damage":0,"enemies":"Shelled Parasite and Fungi","floor":24,"turns":1},{"damage":0,"enemies":"Slavers","floor":27,"turns":1},{"damage":7,"enemies":"Sentry and Sphere","floor":29,"turns":3},{"damage":0,"enemies":"Gremlin Leader","floor":30,"turns":1},{"damage":0,"enemies":"Snake Plant","floor":31,"turns":1},{"damage":0,"enemies":"Champ","floor":33,"turns":1},{"damage":12,"enemies":"Orb Walker","floor":35,"turns":2},{"damage":12,"enemies":"3 Shapes","floor":38,"turns":1},{"damage":0,"enemies":"Giant Head","floor":40,"turns":1},{"damage":0,"enemies":"Mind Bloom Boss Battle","floor":41,"turns":1},{"damage":0,"enemies":"Reptomancer","floor":42,"turns":1},{"damage":0,"enemies":"Maw","floor":45,"turns":1},{"damage":4,"enemies":"4 Shapes","floor":46,"turns":1},{"damage":0,"enemies":"Giant Head","floor":47,"turns":1},{"damage":0,"enemies":"Jaw Worm Horde","floor":48,"turns":1},{"damage":13,"enemies":"Time Eater","floor":50,"turns":2}],"seed_played":"289516672643295139","potions_obtained":[{"floor":3,"key":"Ancient Potion"},{"floor":8,"key":"Weak Potion"},{"floor":11,"key":"Regen Potion"},{"floor":22,"key":"SteroidPotion"},{"floor":45,"key":"GamblersBrew"},{"floor":48,"key":"Weak Potion"}],"is_trial":false,"path_per_floor":["M","M","M","?","$","E","R","E","T","R","M","M","E","M","R","B",null,"M","$","?","M","M","R","M","?","T","E","?","M","E","M","R","B",null,"M","$","?","M","?","E","?","E","T","R","M","M","E","M","R","B",null],"character_chosen":"IRONCLAD","items_purchased":["Intimidate+1","HandDrill","Happy Flower","Singing Bowl","Strawberry","Bag of Marbles","MealTicket","Bag of Preparation","Omamori","Eternal Feather"],"campfire_rested":2,"item_purchase_floors":[19,36,36,36,36,36,36,36,36,36],"current_hp_per_floor":[78,80,80,80,80,80,80,80,80,80,80,80,94,94,94,94,94,94,94,94,94,94,94,94,94,94,94,94,93,94,94,94,94,94,88,95,95,89,89,97,105,107,107,107,109,111,111,113,113,106],"gold":183,"neow_bonus":"TRANSFORM_TWO_CARDS","is_daily":false,"chose_seed":false,"campfire_upgraded":0,"win_rate":0.0,"timestamp":1613330711,"path_taken":["M","M","M","?","$","E","R","E","T","R","M","M","E","M","R","BOSS","M","$","?","M","M","R","M","?","T","E","?","M","E","M","R","BOSS","M","$","?","M","?","E","?","E","T","R","M","M","E","M","R","BOSS"],"items_purchased_type":["Card","Relic","Relic","Relic","Relic","Relic","Relic","Relic","Relic","Relic"],"build_version":"2020-12-22","purchased_purges":0,"victory":true,"max_hp_per_floor":[80,80,80,80,80,80,80,80,80,80,80,80,94,94,94,94,94,94,94,94,94,94,94,94,94,94,94,94,94,94,94,94,94,94,94,101,101,101,101,103,105,107,107,107,109,111,111,113,113,113],"card_choices":[{"not_picked":["Pommel Strike+1","Body Slam+1"],"picked":"Shrug It Off+1","floor":1},{"not_picked":["Twin Strike+1","Wild Strike+1","Thunderclap+1"],"picked":"SKIP","floor":2},{"not_picked":["Flex+1","Iron Wave+1"],"picked":"Dual Wield+1","floor":3},{"not_picked":["Uppercut+1","Burning Pact+1","Cleave+1"],"picked":"SKIP","floor":6},{"not_picked":["Burning Pact+1","Anger+1","Dark Embrace+1"],"picked":"SKIP","floor":8},{"not_picked":["Twin Strike+1","Spot Weakness+1","Thunderclap+1"],"picked":"SKIP","floor":11},{"not_picked":["Whirlwind+1","Burning Pact+1","Bloodletting+1"],"picked":"SKIP","floor":12},{"not_picked":["Dual Wield+1","Body Slam+1"],"picked":"Dropkick+1","floor":13},{"not_picked":["Fiend Fire+1","Pummel+1","Shrug It Off+1"],"picked":"SKIP","floor":14},{"not_picked":["Pommel Strike+1","Wild Strike+1","Sword Boomerang+1"],"picked":"SKIP","floor":18},{"not_picked":["Clothesline+1","Thunderclap+1","Anger+1"],"picked":"SKIP","floor":21},{"not_picked":["True Grit+1","Dual Wield+1","Bludgeon+1"],"picked":"SKIP","floor":22},{"not_picked":["Havoc+1","Ghostly Armor+1","Pummel+1"],"picked":"SKIP","floor":24},{"not_picked":["Fiend Fire+1","Feel No Pain+1","Power Through+1"],"picked":"SKIP","floor":27},{"not_picked":["Twin Strike+1","Heavy Blade+1","Clash+1"],"picked":"SKIP","floor":29},{"not_picked":["Spot Weakness+1","Iron Wave+1","Power Through+1"],"picked":"SKIP","floor":30},{"not_picked":["Combust+1","Ghostly Armor+1"],"picked":"Intimidate+1","floor":31},{"not_picked":["Hemokinesis+1","Carnage+1","Shrug It Off+1"],"picked":"SKIP","floor":35},{"not_picked":["Dropkick+1","Flex+1"],"picked":"Shockwave+1","floor":38},{"not_picked":["Impervious+1","Offering+1","Warcry+1"],"picked":"Singing Bowl","floor":40},{"not_picked":["Infernal Blade+1","Rampage+1","Havoc+1"],"picked":"Singing Bowl","floor":41},{"not_picked":["Shrug It Off+1","Twin Strike+1","Demon Form+1"],"picked":"Singing Bowl","floor":42},{"not_picked":["Clothesline+1","Blood for Blood+1","Armaments+1"],"picked":"Singing Bowl","floor":45},{"not_picked":["Bloodletting+1","Wild Strike+1","Disarm+1"],"picked":"Singing Bowl","floor":46},{"not_picked":["Headbutt+1","Heavy Blade+1"],"picked":"Thunderclap+1","floor":47},{"not_picked":["Dual Wield+1","Immolate+1","Shrug It Off+1"],"picked":"Singing Bowl","floor":48}],"player_experience":219469,"relics_obtained":[{"floor":6,"key":"Self Forming Clay"},{"floor":6,"key":"Smiling Mask"},{"floor":8,"key":"Pen Nib"},{"floor":8,"key":"Toxic Egg 2"},{"floor":9,"key":"Juzu Bracelet"},{"floor":13,"key":"Ornamental Fan"},{"floor":13,"key":"Mango"},{"floor":26,"key":"Art of War"},{"floor":27,"key":"Red Skull"},{"floor":27,"key":"Sundial"},{"floor":30,"key":"Bronze Scales"},{"floor":30,"key":"HornCleat"},{"floor":40,"key":"Dream Catcher"},{"floor":40,"key":"Matryoshka"},{"floor":41,"key":"Shovel"},{"floor":42,"key":"Vajra"},{"floor":42,"key":"Potion Belt"},{"floor":43,"key":"PreservedInsect"},{"floor":43,"key":"InkBottle"},{"floor":44,"key":"Pantograph"},{"floor":47,"key":"White Beast Statue"},{"floor":47,"key":"Oddly Smooth Stone"},{"floor":49,"key":"Centennial Puzzle"}],"event_choices":[{"damage_healed":0,"gold_gain":0,"player_choice":"Ignored","damage_taken":0,"max_hp_gain":0,"max_hp_loss":0,"event_name":"Accursed Blacksmith","floor":4,"gold_loss":0},{"damage_healed":0,"gold_gain":0,"player_choice":"Inject Mutagens","damage_taken":0,"relics_obtained":["MutagenicStrength"],"max_hp_gain":0,"max_hp_loss":0,"event_name":"Drug Dealer","floor":20,"gold_loss":0},{"damage_healed":0,"gold_gain":0,"player_choice":"Ignored","damage_taken":0,"max_hp_gain":0,"max_hp_loss":0,"event_name":"The Mausoleum","floor":25,"gold_loss":0},{"damage_healed":0,"gold_gain":0,"player_choice":"Ignored","damage_taken":0,"max_hp_gain":0,"max_hp_loss":0,"event_name":"Upgrade Shrine","floor":28,"gold_loss":0},{"cards_removed":["Dropkick"],"damage_healed":0,"gold_gain":0,"player_choice":"Removed Attack","damage_taken":0,"max_hp_gain":0,"max_hp_loss":0,"event_name":"Falling","floor":37,"gold_loss":0},{"damage_healed":0,"gold_gain":0,"player_choice":"Paid","damage_taken":0,"relics_obtained":["Red Mask"],"max_hp_gain":0,"max_hp_loss":0,"event_name":"Tomb of Lord Red Mask","floor":39,"gold_loss":23},{"damage_healed":0,"gold_gain":0,"player_choice":"Fight","damage_taken":0,"max_hp_gain":0,"max_hp_loss":0,"event_name":"MindBloom","floor":41,"gold_loss":0}],"is_beta":false,"boss_relics":[{"not_picked":["Pandora\u0027s Box","Cursed Key","Busted Crown"]},{"not_picked":["Astrolabe","Mark of Pain"],"picked":"Runic Cube"}],"items_purged_floors":[],"is_endless":false,"potions_floor_spawned":[3,8,11,16,21,22,27,29,33,38,41,45,48],"ascension_level":6}}