{"host":"1sffrtwlowhx7ota","time":1613327695,"event":{"mods":["2.2 Compatiblity","Abigail Mod","AchievementEnabler","Aspiration","BaseMod","Better Altar","Better Match","Better Note","Better Sensory Stone","Better Skull","Better Synergies","Better Third Choice","BetterRewards","Colored Map","Colored Powertips","Defuse TimeMaze Blight","Displayed Cursed Tome","Downfall","Downfall-Rebalance","Gold Saver","Hubris","Infinite Spire","Minty Spire (QoL Compilation)","Permanent Neow","Poor People Problems","Quick Restart","Rare Cards Sparkle","Relic Sorter","Remove Card Discount Mod","Spicy Shops","StSLib","The Blue Laboratory","The Exalted","The Marked","The Vixen","Uncapped","Weighted Paths"],"gold_per_floor":[1244,1028,1048,1048,831,831,863,525,525,554,554,554,568,599,599,704,704,724,724,724,737,737,765,765,781,854,882,894,894,920,951,951,1046,1046,1065,1077,1077,827,838,838,867,884,884,884,902,912,940,940,940],"floor_reached":48,"language":"ENG","playtime":2034,"items_purged":["Strike_B","Defend_B","Pain","hubris:Compulsion","downfall:Icky","hubris:Compulsion"],"score":854,"play_id":"91533fb2-8c21-4d91-ac09-9418f77442c0","local_time":"20210214133455","is_ascension_mode":true,"campfire_choices":[{"data":"Defragment","floor":6,"key":"SMITH"},{"data":"Coolheaded","floor":11,"key":"SMITH"},{"data":"Loop","floor":15,"key":"SMITH"},{"floor":24,"key":"REST"},{"data":"Glacier","floor":29,"key":"SMITH"},{"floor":32,"key":"REST"},{"data":"Capacitor","floor":40,"key":"SMITH"}],"circlet_count":0,"master_deck":["Strike_B","Strike_B","Strike_B","Defend_B","Defend_B","Defend_B","Zap","Dualcast","Conserve Battery","Beam Cell","Loop+1","Ball Lightning","Defragment+1","Coolheaded+1","Beam Cell","Echo Form","Creative AI","Glacier+1","Hologram","Capacitor+1","Thunder Strike","Blizzard","Glacier+1","Ball Lightning"],"relics":["Cracked Core","Runic Capacitor","Membership Card","aspiration:EnhancedActuators","Vajra","Sling","Bronze Scales","Happy Flower","Orichalcum","Oddly Smooth Stone","hubris:BottledRain","Boot","Tiny Chest","Cursed Key","WarpedTongs","Pocketwatch","aspiration:AnachronicSnailShell","Pantograph","infinitespire:CheckeredPen","PreservedInsect","Bromod:ArcaneVictory","aspiration:RitualDagger","aspiration:FaultyCoupler","Bromod:ArcaneGuardian","hubris:DeckOfHolding","Question Card","Pear","hubris:Metronome"],"acts_visited":["Exordium","TheCity","TheBeyond"],"potions_floor_usage":[33,36,47],"damage_taken":[{"damage":0,"enemies":"2 Louse","floor":1,"turns":3},{"damage":6,"enemies":"Jaw Worm","floor":3,"turns":3},{"damage":14,"enemies":"3 Sentries","floor":7,"turns":5},{"damage":8,"enemies":"Lagavulin","floor":10,"turns":5},{"damage":0,"enemies":"Cultist","floor":13,"turns":2},{"damage":7,"enemies":"3 Sentries","floor":14,"turns":4},{"damage":24,"enemies":"Hexaghost","floor":16,"turns":5},{"damage":18,"enemies":"2 Thieves","floor":18,"turns":3},{"damage":0,"enemies":"Chosen","floor":21,"turns":3},{"damage":35,"enemies":"Slavers","floor":23,"turns":5},{"damage":2,"enemies":"Snecko","floor":25,"turns":5},{"damage":11,"enemies":"Book of Stabbing","floor":27,"turns":6},{"damage":0,"enemies":"Shelled Parasite and Fungi","floor":28,"turns":4},{"damage":13,"enemies":"Gremlin Leader","floor":31,"turns":5},{"damage":0,"enemies":"Champ","floor":33,"turns":10},{"damage":15,"enemies":"Orb Walker","floor":35,"turns":3},{"damage":19,"enemies":"3 Darklings","floor":36,"turns":4},{"damage":41,"enemies":"4 Shapes","floor":39,"turns":5},{"damage":16,"enemies":"Reptomancer","floor":41,"turns":5},{"damage":46,"enemies":"Jaw Worm Horde","floor":42,"turns":4},{"damage":39,"enemies":"Transient","floor":45,"turns":5},{"damage":21,"enemies":"Sphere and 2 Shapes","floor":46,"turns":4},{"damage":43,"enemies":"Nightmare","floor":47,"turns":6},{"damage":28,"enemies":"Jaw Worm Horde","floor":48,"turns":3}],"seed_played":"-9126912102466648287","potions_obtained":[{"floor":7,"key":"blueLaboratory:TeslaPotion"},{"floor":13,"key":"blueLaboratory:BottledHope"},{"floor":14,"key":"blueLaboratory:StoneskinPotion"},{"floor":27,"key":"blueLaboratory:NullPotion"},{"floor":31,"key":"blueLaboratory:CoolantVial"},{"floor":35,"key":"hexamod:SoulburnPotion"},{"floor":45,"key":"Swift Potion"},{"floor":47,"key":"sneckomod:MuddlingPotion"}],"is_trial":false,"path_per_floor":["M","$","M","?","$","R","E","$","T","E","R","?","M","E","R","B",null,"M","?","?","M","AVR","E","R","M","T","E","M","R","T","E","R","B",null,"M","M","?","$","M","R","E","M","T","AVR","M","M","NM","M"],"character_chosen":"DEFECT","items_purchased":["Conserve Battery","Runic Capacitor","Beam Cell","Loop","Membership Card","aspiration:EnhancedActuators","Defragment","Vajra","Coolheaded","Sling","Bronze Scales","Happy Flower","Orichalcum","Oddly Smooth Stone","aspiration:FaultyCoupler","Bromod:ArcaneGuardian"],"campfire_rested":2,"item_purchase_floors":[0,0,0,2,2,5,5,5,5,8,8,8,8,8,38,38],"current_hp_per_floor":[75,75,69,69,69,69,55,55,55,47,47,55,55,48,48,24,75,57,57,57,57,57,22,44,42,42,31,31,31,31,18,40,66,75,61,47,47,47,10,10,75,46,46,56,43,38,15,0,0],"gold":940,"neow_bonus":"","is_daily":false,"chose_seed":false,"campfire_upgraded":5,"win_rate":0.0,"timestamp":1613327695,"path_taken":["M","$","M","?","$","R","E","$","T","E","R","?","?","E","R","BOSS","M","?","?","?","AVR","E","R","M","T","E","M","R","?","E","R","BOSS","M","M","?","$","M","R","E","M","T","AVR","M","M","NM","M"],"items_purchased_type":["Card","Relic","Card","Card","Relic","Relic","Card","Relic","Card","Relic","Relic","Relic","Relic","Relic","Relic","Relic"],"build_version":"2020-12-22","purchased_purges":6,"victory":false,"max_hp_per_floor":[75,75,75,75,75,75,75,75,75,75,75,75,75,75,75,75,75,75,75,75,75,75,75,75,75,75,75,75,75,75,75,75,75,75,75,75,75,75,75,75,75,75,75,85,85,85,85,85,85],"card_choices":[{"not_picked":["Hologram","Conserve Battery","Streamline"],"picked":"SKIP","floor":1},{"not_picked":["Leap","Steam"],"picked":"Ball Lightning","floor":3},{"not_picked":["Darkness","Tempest"],"picked":"Beam Cell","floor":7},{"not_picked":["Turbo","Compile Driver","Multi-Cast"],"picked":"SKIP","floor":10},{"not_picked":["Turbo","Go for the Eyes","Sweeping Beam"],"picked":"SKIP","floor":13},{"not_picked":["Undo","Double Energy"],"picked":"Echo Form","floor":14},{"not_picked":["Buffer","Amplify"],"picked":"Creative AI","floor":16},{"not_picked":["Consume","Coolheaded"],"picked":"Glacier","floor":18},{"not_picked":["Compile Driver","Undo+1","Skim"],"picked":"SKIP","floor":21},{"not_picked":["Rebound","hubris:DoWhile"],"picked":"Capacitor","floor":23},{"not_picked":["Streamline","Steam Power","Leap"],"picked":"SKIP","floor":25},{"not_picked":["aspiration:Polymerization+1","Ball Lightning","hubris:PowerSurge"],"picked":"SKIP","floor":27},{"not_picked":["FTL","Recycle","Redo"],"picked":"SKIP","floor":28},{"not_picked":["Loop","hubris:Ukulele","Compile Driver"],"picked":"SKIP","floor":31},{"not_picked":["Electrodynamics","Reboot"],"picked":"Thunder Strike","floor":33},{"not_picked":["Hologram+1","FTL+1","Storm+1"],"picked":"SKIP","floor":35},{"not_picked":["Barrage+1","Stack","Turbo"],"picked":"SKIP","floor":36},{"not_picked":["All For One","Leap","Conserve Battery+1"],"picked":"SKIP","floor":39},{"not_picked":["hubris:PowerSurge","Skim"],"picked":"Blizzard","floor":41},{"not_picked":["Streamline+1","Leap"],"picked":"Glacier+1","floor":42},{"not_picked":["Conserve Battery+1","Compile Driver+1","hubris:Ukulele+1"],"picked":"Ball Lightning","floor":45},{"not_picked":["FTL","Steam","Hologram","Melter"],"picked":"SKIP","floor":46},{"not_picked":["Multi-Cast","Compile Driver","Conserve Battery+1","Skim+1"],"picked":"SKIP","floor":47}],"player_experience":948137,"relics_obtained":[{"floor":9,"key":"hubris:BottledRain"},{"floor":10,"key":"Boot"},{"floor":14,"key":"Tiny Chest"},{"floor":23,"key":"aspiration:AnachronicSnailShell"},{"floor":26,"key":"Pantograph"},{"floor":27,"key":"infinitespire:CheckeredPen"},{"floor":30,"key":"PreservedInsect"},{"floor":31,"key":"Bromod:ArcaneVictory"},{"floor":41,"key":"hubris:DeckOfHolding"},{"floor":43,"key":"Question Card"},{"floor":47,"key":"hubris:Metronome"}],"event_choices":[{"damage_healed":0,"gold_gain":0,"player_choice":"Leave","damage_taken":0,"max_hp_gain":0,"max_hp_loss":0,"event_name":"The Cleric","floor":4,"gold_loss":0},{"cards_removed":["Echo Form"],"damage_healed":0,"gold_gain":0,"player_choice":"Take \u0026 Give","damage_taken":0,"max_hp_gain":0,"max_hp_loss":0,"event_name":"betterNote:BetterNote","floor":19,"gold_loss":0,"cards_obtained":["Hologram"]},{"damage_healed":0,"gold_gain":0,"player_choice":"Rummage","damage_taken":0,"relics_obtained":["WarpedTongs"],"max_hp_gain":0,"max_hp_loss":0,"event_name":"Accursed Blacksmith","floor":20,"gold_loss":0,"cards_obtained":["Pain"]},{"damage_healed":0,"gold_gain":0,"player_choice":"Ignored","damage_taken":0,"max_hp_gain":0,"max_hp_loss":0,"event_name":"Tomb of Lord Red Mask","floor":37,"gold_loss":0}],"is_beta":false,"boss_relics":[{"not_picked":["aspiration:PoetsPen","Runic Pyramid"],"picked":"Cursed Key"},{"not_picked":["Tiny House","Astrolabe"],"picked":"aspiration:RitualDagger"}],"items_purged_floors":[0,0,22,38,38,44],"is_endless":false,"potions_floor_spawned":[7,13,14,27,31,35,45,47],"killed_by":"Jaw Worm Horde","ascension_level":1}}