{"host":"a5lz0e76zb3fcwkm","time":1613298218,"event":{"mods":["AchievementEnabler","BaseMod","Colored Map","Colored Powertips","Minty Spire (QoL Compilation)","StSLib","SuperFastMode"],"gold_per_floor":[112,37,37,37,56,56,68,68,142,171,171,171,183,200,200,277,277,288,288,304,316,205,205,218,268,268,268,268,280,294,294,294],"floor_reached":31,"language":"KOR","playtime":711,"items_purged":["Strike_B"],"score":474,"play_id":"fc3816c3-0b0c-4767-ac3c-0d53b2229e6d","local_time":"20210214192338","is_ascension_mode":true,"campfire_choices":[{"data":"Go for the Eyes","floor":6.0,"key":"SMITH"},{"data":"Lockon","floor":8.0,"key":"SMITH"},{"data":"White Noise","floor":11.0,"key":"SMITH"},{"data":"Static Discharge","floor":15.0,"key":"SMITH"},{"data":"Creative AI","floor":23.0,"key":"SMITH"},{"data":"Turbo","floor":27.0,"key":"SMITH"}],"circlet_count":0,"master_deck":["AscendersBane","Defend_B","Defend_B","Defend_B","Defend_B","Zap","Dualcast","Core Surge","Go for the Eyes+1","Self Repair","Lockon+1","Chill","White Noise+1","Static Discharge+1","Turbo+1","Creative AI+1","Skim","White Noise+1","Cold Snap","Self Repair","Defragment","Cold Snap"],"relics":["Cracked Core","HornCleat","StoneCalendar","Cursed Key"],"acts_visited":["Exordium","TheCity"],"potions_floor_usage":[29,29],"damage_taken":[{"damage":7.0,"enemies":"Small Slimes","floor":1.0,"turns":3.0},{"damage":7.0,"enemies":"Jaw Worm","floor":5.0,"turns":4.0},{"damage":0.0,"enemies":"Cultist","floor":7.0,"turns":3.0},{"damage":19.0,"enemies":"Gremlin Nob","floor":10.0,"turns":4.0},{"damage":2.0,"enemies":"Large Slime","floor":13.0,"turns":5.0},{"damage":0.0,"enemies":"Lots of Slimes","floor":14.0,"turns":5.0},{"damage":12.0,"enemies":"Hexaghost","floor":16.0,"turns":7.0},{"damage":33.0,"enemies":"Shell Parasite","floor":18.0,"turns":4.0},{"damage":22.0,"enemies":"2 Thieves","floor":20.0,"turns":3.0},{"damage":19.0,"enemies":"Snake Plant","floor":21.0,"turns":5.0},{"damage":8.0,"enemies":"Snecko","floor":24.0,"turns":11.0},{"damage":9,"enemies":"Cultist and Chosen","floor":29,"turns":6},{"damage":33,"enemies":"Shelled Parasite and Fungi","floor":30,"turns":4},{"damage":22,"enemies":"Book of Stabbing","floor":31,"turns":1}],"seed_played":"-9012224340847095768","potions_obtained":[{"floor":5.0,"key":"SmokeBomb"},{"floor":7.0,"key":"Fruit Juice"},{"floor":13.0,"key":"SteroidPotion"},{"floor":16.0,"key":"PowerPotion"},{"floor":20.0,"key":"FocusPotion"},{"floor":24.0,"key":"DistilledChaos"}],"is_trial":false,"path_per_floor":["M","?","$","?","M","R","M","R","T","E","R","?","M","M","R","B",null,"M","?","M","M","$","R","M","?","T","R","?","M","M","E"],"character_chosen":"DEFECT","items_purchased":["Self Repair"],"campfire_rested":0,"item_purchase_floors":[22],"current_hp_per_floor":[57,57,57,57,57,57,64,64,64,52,52,52,62,69,69,64,68,42,42,27,15,15,15,35,35,35,35,35,40,21,0,0],"gold":294,"neow_bonus":"THREE_RARE_CARDS","is_daily":false,"chose_seed":false,"campfire_upgraded":6,"win_rate":0.0,"timestamp":1613298218,"path_taken":["M","?","$","?","?","R","M","R","T","E","R","?","?","M","R","BOSS","M","?","?","M","$","R","M","?","T","R","?","M","M","E"],"items_purchased_type":["Card"],"build_version":"2020-12-22","purchased_purges":1,"victory":false,"max_hp_per_floor":[64,64,64,64,64,64,64,64,64,64,64,64,69,69,69,69,69,69,69,69,69,69,69,69,69,69,69,69,69,69,69,69],"card_choices":[{"not_picked":["Buffer","Creative AI"],"picked":"Core Surge","floor":0.0},{"not_picked":["Redo","Double Energy"],"picked":"Go for the Eyes","floor":1.0},{"not_picked":["Conserve Battery","Blizzard"],"picked":"Lockon","floor":5.0},{"not_picked":["Skim","Turbo"],"picked":"Chill","floor":7.0},{"not_picked":["Fusion","Darkness"],"picked":"White Noise","floor":10.0},{"not_picked":["Steam","Compile Driver"],"picked":"Static Discharge","floor":13.0},{"not_picked":["Stack","Double Energy"],"picked":"Turbo","floor":14.0},{"not_picked":["Thunder Strike","Reboot"],"picked":"Creative AI","floor":16.0},{"not_picked":["Leap","Melter"],"picked":"Skim","floor":18.0},{"not_picked":["Heatsinks","Conserve Battery"],"picked":"Cold Snap","floor":20.0},{"not_picked":["Beam Cell+1","Hello World","Stack"],"picked":"SKIP","floor":21.0},{"not_picked":["Blizzard","Steam","Barrage"],"picked":"SKIP","floor":24.0},{"not_picked":["Compile Driver","Sweeping Beam+1"],"picked":"Defragment","floor":29},{"not_picked":["Steam","Undo"],"picked":"Cold Snap","floor":30}],"player_experience":1890447,"relics_obtained":[{"floor":9.0,"key":"HornCleat"},{"floor":10.0,"key":"StoneCalendar"}],"event_choices":[{"cards_removed":["Strike_B"],"damage_healed":0.0,"max_hp_gain":0.0,"max_hp_loss":0.0,"gold_gain":0.0,"event_name":"The Cleric","player_choice":"Card Removal","floor":2.0,"gold_loss":75.0,"damage_taken":0.0},{"damage_healed":0.0,"max_hp_gain":0.0,"max_hp_loss":0.0,"gold_gain":0.0,"cards_transformed":["Strike_B"],"event_name":"Transmorgrifier","player_choice":"Transformed","floor":4.0,"gold_loss":0.0,"damage_taken":0.0,"cards_obtained":["Self Repair"]},{"cards_removed":["Strike_B"],"damage_healed":0.0,"max_hp_gain":0.0,"max_hp_loss":0.0,"gold_gain":0.0,"event_name":"Bonfire Elementals","player_choice":"Offered Basic","floor":12.0,"gold_loss":0.0,"damage_taken":0.0},{"damage_healed":0.0,"max_hp_gain":0.0,"max_hp_loss":0.0,"gold_gain":0.0,"event_name":"Duplicator","player_choice":"Copied","floor":19.0,"gold_loss":0.0,"damage_taken":0.0,"cards_obtained":["White Noise"]},{"damage_healed":0.0,"max_hp_gain":0.0,"max_hp_loss":0.0,"gold_gain":50.0,"event_name":"Nest","player_choice":"Stole From Cult","floor":25.0,"gold_loss":0.0,"damage_taken":0.0},{"damage_healed":0.0,"max_hp_gain":0.0,"max_hp_loss":0.0,"gold_gain":0.0,"event_name":"N\u0027loth","player_choice":"Ignored","floor":28.0,"gold_loss":0.0,"damage_taken":0.0}],"is_beta":false,"boss_relics":[{"not_picked":["Sozu","Runic Dome"],"picked":"Cursed Key"}],"items_purged_floors":[22],"is_endless":false,"potions_floor_spawned":[5,7,13,16,20,21,24],"killed_by":"Book of Stabbing","ascension_level":20}}