{"host":"wp105hvsojjeutt1","time":1613343574,"event":{"mods":["2.2 Compatiblity","AchievementEnabler","Act Like it!","Aspiration","BaseMod","Best Route Mod","Better Match","Better Note","Better Sensory Stone","Block Reminder","Colored Map","Colored Powertips","Conjunction","Conspire","Custom Start","Energized Spire","GifTheSpireLib","Gold Saver","Gremlin Skip","Halation","Highlight Path","Hubris","Infinite Spire","Minty Spire (QoL Compilation)","Pale of the Ancients","Quick Restart","Replay The Spire","Reworked Bosses","ShortenTheSpire","Spire Exporter","StSLib","Stuff the Spire","Wandering Minibosses"],"gold_per_floor":[292,292,305,29,29,29,93,93,93,109,123,123,123,152,152,248,248,262,280,294,317,329,354,354,379,379,39,39,39,39],"floor_reached":29,"language":"ENG","playtime":757,"items_purged":["Defend_R"],"score":386,"play_id":"c6f6b909-bad2-4ff9-9fa1-367fa928d4ea","local_time":"20210215005934","is_ascension_mode":false,"campfire_choices":[{"data":"Uppercut","floor":6.0,"key":"SMITH"},{"data":"Bash","floor":8.0,"key":"SMITH"},{"data":"Metallicize","floor":12.0,"key":"SMITH"},{"data":"Perfected Strike","floor":15.0,"key":"SMITH"}],"circlet_count":0,"master_deck":["Strike_R","Strike_R","Strike_R","Strike_R","Strike_R","Defend_R","Defend_R","Defend_R","Bash+1","Uppercut+1","Clash","Perfected Strike+1","Cleave","Cleave","Thunderclap","Metallicize+1","Headbutt+1","Limit Break","Shrug It Off+1","Perfected Strike","Clash"],"relics":["Burning Blood","Strawberry","StuffTheSpire:DullRazor","Torii","StuffTheSpire:ForceGauntlet","infinitespire:Broken Mirror","hubris:VirtuousBlindfold","Juzu Bracelet","infinitespire:Golems Mask","Replay:Bottled Snecko","Mirror","Girya","Nloth\u0027s Gift"],"acts_visited":["TheCity"],"potions_floor_usage":[22,23,25],"damage_taken":[{"damage":6.0,"enemies":"2 Louse","floor":1.0,"turns":3.0},{"damage":5.0,"enemies":"conspire:RoseBush","floor":3.0,"turns":3.0},{"damage":22.0,"enemies":"Lagavulin Event","floor":7.0,"turns":5.0},{"damage":0.0,"enemies":"Small Slimes","floor":10.0,"turns":2.0},{"damage":1.0,"enemies":"Red Slaver","floor":11.0,"turns":2.0},{"damage":0.0,"enemies":"Gremlin Nob","floor":14.0,"turns":3.0},{"damage":38.0,"enemies":"Fading Forest","floor":16.0,"turns":11.0},{"damage":15.0,"enemies":"conspire:FuzzyDice","floor":18.0,"turns":4.0},{"damage":2.0,"enemies":"Chosen","floor":19.0,"turns":3.0},{"damage":6,"enemies":"3 Cultists","floor":20,"turns":4},{"damage":7,"enemies":"Snake Plant","floor":22,"turns":3},{"damage":34,"enemies":"Gremlin Leader","floor":23,"turns":7},{"damage":15,"enemies":"Slavers","floor":25,"turns":3},{"damage":62,"enemies":"Nightmare","floor":29,"turns":6}],"seed_played":"5270014968215640638","potions_obtained":[{"floor":1.0,"key":"Weak Potion"},{"floor":3.0,"key":"SneckoOil"},{"floor":10.0,"key":"Elixir"},{"floor":20,"key":"Reflective Coating"},{"floor":22,"key":"BloodPotion"},{"floor":23,"key":"Block Potion"}],"is_trial":false,"path_per_floor":["M","?","M","$","?","R","?","R","T","M","M","R","?","E","R","B",null,"M","M","M","T","M","E","T","E","T","$","?","NM"],"character_chosen":"IRONCLAD","items_purchased":["Cleave","StuffTheSpire:DullRazor","Clash","Girya"],"campfire_rested":0,"item_purchase_floors":[4,4,27,27],"current_hp_per_floor":[87,87,87,87,87,87,71,71,71,77,82,82,82,87,87,61,87,78,82,82,82,81,65,65,56,56,56,56,0,0],"gold":39,"neow_bonus":"RANDOM_COMMON_RELIC","is_daily":false,"chose_seed":false,"campfire_upgraded":4,"win_rate":0.0,"timestamp":1613343574,"path_taken":["M","?","M","$","?","R","?","R","T","M","M","R","?","E","R","BOSS","M","M","M","?","M","E","?","E","T","$","?","NM"],"items_purchased_type":["Card","Relic","Card","Relic"],"build_version":"2020-12-22","purchased_purges":1,"victory":false,"max_hp_per_floor":[87,87,87,87,87,87,87,87,87,87,87,87,87,87,87,87,87,87,87,87,87,87,87,87,87,87,87,87,87,87],"card_choices":[{"not_picked":["Replay:Undeath\u0027s Touch","ReplayTheSpireMod:Muscle Training"],"picked":"Uppercut","floor":1.0},{"not_picked":["Heavy Blade","Body Slam"],"picked":"Perfected Strike","floor":3.0},{"not_picked":["Defy Death","True Grit"],"picked":"Cleave","floor":7.0},{"not_picked":["hubris:CleavingFinish","Intimidate"],"picked":"Thunderclap","floor":10.0},{"not_picked":["Clothesline","Anger"],"picked":"Metallicize","floor":11.0},{"not_picked":["Rage","Anger","Entrench"],"picked":"SKIP","floor":14.0},{"not_picked":["Armaments","Second Wind+1","Flame Barrier"],"picked":"SKIP","floor":18.0},{"not_picked":["Run Through","Burning Pact"],"picked":"Headbutt+1","floor":19.0},{"not_picked":["Disarm","Thunderclap"],"picked":"Limit Break","floor":20},{"not_picked":["Warcry+1","Run Through"],"picked":"Shrug It Off+1","floor":22},{"not_picked":["StuffTheSpire:RockThrow+1","StuffTheSpire:RagingBull"],"picked":"Perfected Strike","floor":23},{"not_picked":["Anger","Hemokinesis","Shrug It Off"],"picked":"SKIP","floor":25}],"player_experience":1349,"relics_obtained":[{"floor":7.0,"key":"Torii"},{"floor":9.0,"key":"StuffTheSpire:ForceGauntlet"},{"floor":14.0,"key":"infinitespire:Broken Mirror"},{"floor":21,"key":"Juzu Bracelet"},{"floor":23,"key":"StuffTheSpire:OldFever"},{"floor":24,"key":"infinitespire:Golems Mask"},{"floor":25,"key":"Replay:Bottled Snecko"},{"floor":26,"key":"Mirror"}],"event_choices":[{"damage_healed":0.0,"max_hp_gain":0.0,"max_hp_loss":0.0,"gold_gain":1.0,"event_name":"betterStone:BetterStone","player_choice":"4","floor":2.0,"gold_loss":0.0,"damage_taken":0.0,"cards_obtained":["Clash"]},{"damage_healed":0.0,"max_hp_gain":0.0,"max_hp_loss":0.0,"gold_gain":0.0,"event_name":"Dead Adventurer","player_choice":"Searched \u00271\u0027 times","floor":7.0,"gold_loss":0.0,"damage_taken":0.0},{"damage_healed":0.0,"max_hp_gain":0.0,"max_hp_loss":0.0,"gold_gain":0.0,"event_name":"The Woman in Blue","player_choice":"Bought 0 Potions","floor":13.0,"gold_loss":0.0,"damage_taken":0.0},{"damage_healed":0,"gold_gain":0,"player_choice":"Traded Relic","damage_taken":0,"relics_obtained":["Nloth\u0027s Gift"],"max_hp_gain":0,"max_hp_loss":0,"event_name":"N\u0027loth","floor":28,"relics_lost":["StuffTheSpire:OldFever"],"gold_loss":0}],"is_beta":false,"boss_relics":[{"not_picked":["aspiration:SecretTechniqueScroll","halation:SmartPhone"],"picked":"hubris:VirtuousBlindfold"}],"items_purged_floors":[4],"is_endless":false,"potions_floor_spawned":[1,3,10,20,22,23],"killed_by":"Nightmare","ascension_level":0}}