{"host":"kh6fvhxn285ncg0o","time":1613270927,"event":{"mods":["Act Like it!","BaseMod","Colored Map","Friendly Minions","Keyboard Shortcuts","Minty Spire (QoL Compilation)","Quick Restart","Relic Stats","StSLib","SuperFastMode","UnlockEverythingMod"],"gold_per_floor":[115,115,129,147,157,192,192,219,267,293,308,328,338,358,358,433,433,450,375,300,320,320,347,347,347,347,367,397,409,447,459,471,556,568,594,606,634,664,676,722,734,746,758,799,829,869,906,933,945,957,969,981,993,510,544,544],"floor_reached":57,"language":"KOR","playtime":1800,"items_purged":["Havoc","Immolate"],"score":3719,"play_id":"1525fdf0-289a-4c82-91d7-8cff638df898","local_time":"20210214114847","is_ascension_mode":true,"campfire_choices":[{"data":"Armaments","floor":7,"key":"SMITH"},{"data":"Battle Trance","floor":15,"key":"SMITH"},{"data":"Feel No Pain","floor":25,"key":"SMITH"},{"data":"Power Through","floor":32,"key":"SMITH"},{"floor":42,"key":"RECALL"},{"floor":49,"key":"REST"},{"floor":53,"key":"REST"}],"circlet_count":0,"master_deck":["AscendersBane","Armaments+1","Bloodletting","Uppercut","Sentinel","Fiend Fire","Fire Breathing","Battle Trance+1","Burning Pact+1","Shrug It Off","Barricade","Body Slam","Power Through+1","Feel No Pain+1","Disarm+1","Shockwave+1","Master of Strategy","Secret Technique","Deep Breath","Entrench+1","Warcry+1"],"relics":["Pandora\u0027s Box","CaptainsWheel","Mercury Hourglass","Ancient Tea Set","Centennial Puzzle","Philosopher\u0027s Stone","Anchor","HornCleat","MawBank","White Beast Statue","Fusion Hammer","Art of War","Darkstone Periapt","Toxic Egg 2","Magic Flower","Happy Flower","Orichalcum","Pen Nib"],"acts_visited":["Exordium","TheCity","TheBeyond","TheEnding"],"potions_floor_usage":[6,12,56,56],"damage_taken":[{"damage":0,"enemies":"Small Slimes","floor":1,"turns":2},{"damage":0,"enemies":"Cultist","floor":3,"turns":2},{"damage":0,"enemies":"2 Louse","floor":4,"turns":2},{"damage":0,"enemies":"2 Fungi Beasts","floor":5,"turns":2},{"damage":20,"enemies":"3 Sentries","floor":6,"turns":3},{"damage":8,"enemies":"Gremlin Nob","floor":8,"turns":3},{"damage":0,"enemies":"Lagavulin","floor":10,"turns":4},{"damage":3,"enemies":"Red Slaver","floor":11,"turns":1},{"damage":3,"enemies":"Large Slime","floor":12,"turns":2},{"damage":0,"enemies":"Exordium Wildlife","floor":13,"turns":1},{"damage":3,"enemies":"Looter","floor":14,"turns":1},{"damage":0,"enemies":"Slime Boss","floor":16,"turns":4},{"damage":3,"enemies":"Shell Parasite","floor":18,"turns":4},{"damage":3,"enemies":"Chosen","floor":21,"turns":2},{"damage":4,"enemies":"Book of Stabbing","floor":23,"turns":5},{"damage":3,"enemies":"Snake Plant","floor":27,"turns":1},{"damage":3,"enemies":"Gremlin Leader","floor":28,"turns":5},{"damage":3,"enemies":"Book of Stabbing","floor":30,"turns":4},{"damage":0,"enemies":"Automaton","floor":33,"turns":6},{"damage":0,"enemies":"3 Darklings","floor":35,"turns":4},{"damage":3,"enemies":"Orb Walker","floor":37,"turns":2},{"damage":0,"enemies":"Spire Growth","floor":38,"turns":4},{"damage":3,"enemies":"Giant Head","floor":40,"turns":4},{"damage":3,"enemies":"Reptomancer","floor":44,"turns":3},{"damage":0,"enemies":"Transient","floor":45,"turns":6},{"damage":0,"enemies":"Giant Head","floor":46,"turns":4},{"damage":0,"enemies":"Mind Bloom Boss Battle","floor":47,"turns":3},{"damage":0,"enemies":"4 Shapes","floor":48,"turns":4},{"damage":3,"enemies":"Donu and Deca","floor":50,"turns":4},{"damage":3,"enemies":"Awakened One","floor":51,"turns":5},{"damage":3,"enemies":"Shield and Spear","floor":55,"turns":3},{"damage":3,"enemies":"The Heart","floor":56,"turns":7}],"seed_played":"-1967254613142836743","potions_obtained":[{"floor":2,"key":"Dexterity Potion"},{"floor":2,"key":"FairyPotion"},{"floor":3,"key":"Regen Potion"},{"floor":4,"key":"AttackPotion"},{"floor":10,"key":"BloodPotion"},{"floor":12,"key":"EssenceOfSteel"},{"floor":13,"key":"Explosive Potion"},{"floor":21,"key":"Fire Potion"},{"floor":33,"key":"PowerPotion"},{"floor":37,"key":"Weak Potion"},{"floor":40,"key":"Ancient Potion"},{"floor":44,"key":"LiquidMemories"},{"floor":46,"key":"Block Potion"},{"floor":48,"key":"Swift Potion"}],"is_trial":false,"path_per_floor":["M","?","M","M","M","E","R","E","T","E","M","M","M","M","R","B",null,"M","?","$","M","?","E","?","R","T","M","E","?","E","$","R","B",null,"M","?","M","M","?","E","?","R","T","E","M","E","?","M","R","B","B",null,"R","$","E","B",null],"character_chosen":"IRONCLAD","items_purchased":["Happy Flower","Orichalcum","Warcry+1"],"campfire_rested":2,"item_purchase_floors":[54,54,54],"current_hp_per_floor":[68,68,68,68,68,48,48,40,40,40,37,49,49,46,46,46,68,65,65,65,62,62,58,58,58,58,55,52,52,49,49,49,49,69,69,69,66,66,66,63,53,53,53,50,50,50,50,50,71,68,65,70,71,71,68,65],"gold":544,"neow_bonus":"BOSS_RELIC","is_daily":false,"chose_seed":false,"campfire_upgraded":4,"win_rate":0.0,"timestamp":1613270927,"path_taken":["M","?","M","?","M","E","R","E","T","E","M","?","M","M","R","BOSS","M","?","$","M","?","E","?","R","T","?","E","?","E","?","R","BOSS","M","?","M","M","?","E","?","R","T","E","M","E","?","M","R","BOSS","BOSS","R","$","E","BOSS"],"items_purchased_type":["Relic","Relic","Card"],"build_version":"2020-12-22","purchased_purges":2,"victory":true,"max_hp_per_floor":[75,75,75,75,75,75,75,75,75,75,75,75,75,75,75,75,75,75,75,75,75,75,75,75,75,75,75,75,75,75,75,75,75,75,75,71,71,71,71,71,71,71,71,71,71,71,71,71,71,71,71,71,71,71,71,71],"relic_stats":{"Darkstone Periapt":0,"Centennial Puzzle":[44],"Happy Flower":[3],"counters":[32,107],"Magic Flower":[0],"Pandora\u0027s Box":["Immolate","Armaments","Berserk","Bloodletting","Uppercut","Havoc","Pommel Strike","Sentinel","Fiend Fire"],"Pen Nib":[0],"Art of War":[6],"Orichalcum":[6],"MawBank":312,"obtain_stats":[{"Darkstone Periapt":44,"Happy Flower":54,"Magic Flower":47,"Pen Nib":55,"Orichalcum":54,"Ancient Tea Set":9,"MawBank":28,"Burning Blood":0,"White Beast Statue":30,"Mercury Hourglass":8,"CaptainsWheel":6,"Centennial Puzzle":10,"Anchor":23,"HornCleat":26,"Pandora\u0027s Box":0,"Philosopher\u0027s Stone":17,"Fusion Hammer":34,"Art of War":40,"Toxic Egg 2":46},{"Darkstone Periapt":24,"Happy Flower":30,"Magic Flower":27,"Pen Nib":31,"Orichalcum":30,"Ancient Tea Set":6,"MawBank":17,"Burning Blood":0,"White Beast Statue":18,"Mercury Hourglass":6,"CaptainsWheel":5,"Centennial Puzzle":7,"Anchor":15,"HornCleat":15,"Pandora\u0027s Box":0,"Philosopher\u0027s Stone":12,"Fusion Hammer":19,"Art of War":23,"Toxic Egg 2":26},{"Darkstone Periapt":71,"Happy Flower":97,"Magic Flower":84,"Pen Nib":100,"Orichalcum":97,"Ancient Tea Set":14,"MawBank":44,"Burning Blood":0,"White Beast Statue":48,"Mercury Hourglass":14,"CaptainsWheel":11,"Centennial Puzzle":18,"Anchor":38,"HornCleat":38,"Pandora\u0027s Box":0,"Philosopher\u0027s Stone":27,"Fusion Hammer":54,"Art of War":68,"Toxic Egg 2":81}],"Mercury Hourglass":[354]},"card_choices":[{"not_picked":["Headbutt","Body Slam","Pommel Strike"],"picked":"SKIP","floor":1},{"not_picked":["Reckless Charge","Pommel Strike","Iron Wave"],"picked":"SKIP","floor":3},{"not_picked":["Warcry","Flex"],"picked":"Fire Breathing","floor":4},{"not_picked":["Sword Boomerang","Rupture","Havoc"],"picked":"SKIP","floor":5},{"not_picked":["Dropkick","Inflame"],"picked":"Battle Trance","floor":6},{"not_picked":["Juggernaut","Twin Strike","Clothesline"],"picked":"SKIP","floor":8},{"not_picked":["Armaments","Wild Strike","Perfected Strike"],"picked":"SKIP","floor":10},{"not_picked":["Clothesline","Anger","Shockwave"],"picked":"SKIP","floor":11},{"not_picked":["Clash","Disarm"],"picked":"Burning Pact","floor":12},{"not_picked":["Iron Wave","Spot Weakness"],"picked":"Shrug It Off","floor":13},{"not_picked":["Brutality","Anger","True Grit"],"picked":"SKIP","floor":14},{"not_picked":["Brutality","Corruption"],"picked":"Barricade","floor":16},{"not_picked":["Thunderclap","True Grit","Cleave"],"picked":"SKIP","floor":18},{"not_picked":["Perfected Strike","Sword Boomerang"],"picked":"Body Slam","floor":21},{"not_picked":["Perfected Strike","Headbutt"],"picked":"Feel No Pain","floor":23},{"not_picked":["Iron Wave","Pommel Strike","Whirlwind"],"picked":"SKIP","floor":27},{"not_picked":["Reaper","Headbutt+1","Shrug It Off"],"picked":"SKIP","floor":28},{"not_picked":["Body Slam","True Grit","Double Tap"],"picked":"SKIP","floor":30},{"not_picked":["Intimidate","Flex","Headbutt"],"picked":"SKIP","floor":35},{"not_picked":["Clothesline+1","Armaments"],"picked":"Disarm+1","floor":37},{"not_picked":["Clash","Cleave","Headbutt"],"picked":"SKIP","floor":38},{"not_picked":["Rage","Havoc"],"picked":"Shockwave+1","floor":40},{"not_picked":["Flash of Steel","HandOfGreed"],"picked":"Master of Strategy","floor":41},{"not_picked":["Secret Weapon","Blind"],"picked":"Secret Technique","floor":41},{"not_picked":["Impatience","Finesse"],"picked":"Deep Breath","floor":41},{"not_picked":["Sentinel","Bludgeon","Thunderclap+1"],"picked":"SKIP","floor":44},{"not_picked":["Armaments","Hemokinesis+1","Infernal Blade"],"picked":"SKIP","floor":45},{"not_picked":["Carnage","Uppercut"],"picked":"Entrench+1","floor":46},{"not_picked":["Sentinel+1","Heavy Blade","Carnage"],"picked":"SKIP","floor":48},{"not_picked":["Searing Blow+1","Fiend Fire","Anger"],"picked":"SKIP","floor":55}],"player_experience":1400252,"relics_obtained":[{"floor":6,"key":"CaptainsWheel"},{"floor":8,"key":"Mercury Hourglass"},{"floor":9,"key":"Ancient Tea Set"},{"floor":10,"key":"Centennial Puzzle"},{"floor":23,"key":"Anchor"},{"floor":26,"key":"HornCleat"},{"floor":28,"key":"MawBank"},{"floor":30,"key":"White Beast Statue"},{"floor":40,"key":"Art of War"},{"floor":44,"key":"Darkstone Periapt"},{"floor":46,"key":"Toxic Egg 2"},{"floor":47,"key":"Magic Flower"},{"floor":55,"key":"Pen Nib"}],"event_choices":[{"damage_healed":0,"gold_gain":0,"player_choice":"Got Potions","damage_taken":0,"max_hp_gain":0,"max_hp_loss":0,"event_name":"Lab","floor":2,"gold_loss":0},{"cards_removed":["Bash"],"damage_healed":0,"gold_gain":0,"player_choice":"Gave Gold","damage_taken":0,"max_hp_gain":0,"max_hp_loss":0,"event_name":"Beggar","floor":19,"gold_loss":75},{"damage_healed":0,"gold_gain":0,"player_choice":"Read","damage_taken":0,"max_hp_gain":0,"max_hp_loss":0,"event_name":"The Library","floor":22,"gold_loss":0,"cards_obtained":["Power Through"]},{"damage_healed":0,"gold_gain":0,"player_choice":"Forge","damage_taken":0,"max_hp_gain":0,"max_hp_loss":0,"event_name":"Accursed Blacksmith","floor":24,"gold_loss":0,"cards_upgraded":["Burning Pact"]},{"cards_removed":["Pommel Strike"],"damage_healed":0,"gold_gain":0,"player_choice":"Elegance","damage_taken":0,"max_hp_gain":0,"max_hp_loss":0,"event_name":"Back to Basics","floor":29,"gold_loss":0},{"damage_healed":0,"gold_gain":0,"player_choice":"Max HP","damage_taken":0,"max_hp_gain":0,"max_hp_loss":4,"event_name":"Winding Halls","floor":36,"gold_loss":0},{"cards_removed":["Berserk"],"damage_healed":0,"gold_gain":0,"player_choice":"Removed Power","damage_taken":0,"max_hp_gain":0,"max_hp_loss":0,"event_name":"Falling","floor":39,"gold_loss":0},{"damage_healed":0,"gold_gain":0,"player_choice":"Memory 3","damage_taken":10,"max_hp_gain":0,"max_hp_loss":0,"event_name":"SensoryStone","floor":41,"gold_loss":0},{"damage_healed":0,"gold_gain":0,"player_choice":"Fight","damage_taken":0,"max_hp_gain":0,"max_hp_loss":0,"event_name":"MindBloom","floor":47,"gold_loss":0}],"is_beta":false,"boss_relics":[{"not_picked":["Snecko Eye","Velvet Choker"],"picked":"Philosopher\u0027s Stone"},{"not_picked":["Empty Cage","Coffee Dripper"],"picked":"Fusion Hammer"}],"items_purged_floors":[20,54],"is_endless":false,"potions_floor_spawned":[3,4,10,12,13,18,21,23,33,35,37,38,40,44,45,46,47,48,55],"ascension_level":20}}