{"host":"5m2js577gj4e7pak","time":1613311940,"event":{"mods":["AchievementEnabler","BaseMod","Better Match","Better Note","Better Third Choice","BetterRewards","Colored Map","Colored Powertips","Highlight Path","Infinite Spire","Lobotomy","LobotomyExtend","Minty Spire (QoL Compilation)","Quick Restart","Relic Filter","Relic Sorter","Remove Card Discount Mod","Shop Mod","Spicy Shops","StSLib"],"gold_per_floor":[110,110,110,124,101,101,135,135,158,158,173,200,233,246,246,344,344,361,361,379,396,396,396],"floor_reached":22,"language":"ENG","playtime":804,"items_purged":[],"score":282,"play_id":"14cbcbfd-62bd-4196-a19f-8e229c53947a","local_time":"20210214151220","is_ascension_mode":true,"campfire_choices":[],"circlet_count":0,"master_deck":["SpecialBullet","SpecialBullet","SpecialBullet","SpecialBullet","SpecialBullet","SpecialBullet","SpecialBullet","WelfareCode","SecurityCode","Wingbeat+1","Reinforced Body+1","Decay","BlueScar","WristCuter","BeautyBeast","Penitence+1","WallGazer","Harvest","Wellcheers","Reverberation","SpecialBullet","ShyLook","Wingbeat","ScreamingWedge","ControlCode","CENSORED_ego","OSAHOGD","Horn+1","SwordSharpenedByTears+1","GrinderMk4+1","SomewhereSpear"],"relics":["CogitoBucket","Pen Nib","LetterFromLob","infinitespire:Joker Card","Oddly Smooth Stone","Regal Pillow","Moonlight_r","Odd Mushroom","Centennial Puzzle","SkinProphecy","Empty Cage"],"acts_visited":["Exordium","TheCity"],"potions_floor_usage":[7,22],"damage_taken":[{"damage":0,"enemies":"2 Louse","floor":1,"turns":2},{"damage":11,"enemies":"Jaw Worm","floor":4,"turns":2},{"damage":16,"enemies":"Lagavulin","floor":7,"turns":7},{"damage":0,"enemies":"Cultist","floor":11,"turns":3},{"damage":11,"enemies":"The Mushroom Lair","floor":12,"turns":4},{"damage":2,"enemies":"3 Sentries","floor":13,"turns":4},{"damage":43,"enemies":"Exordium Wildlife","floor":14,"turns":14},{"damage":4,"enemies":"The Guardian","floor":16,"turns":5},{"damage":4,"enemies":"3 Byrds","floor":18,"turns":5},{"damage":2,"enemies":"Chosen","floor":20,"turns":4},{"damage":4,"enemies":"Snecko","floor":21,"turns":4},{"damage":83,"enemies":"Shelled Parasite and Fungi","floor":22,"turns":6}],"seed_played":"6378063881543812497","potions_obtained":[{"floor":4,"key":"LiquidBronze"},{"floor":7,"key":"BlessingOfTheForge"},{"floor":16,"key":"SpeedPotion"},{"floor":18,"key":"AttackPotion"}],"is_trial":false,"path_per_floor":["M","?","?","M","$","R","E","R","T","E","M","?","E","M","R","B",null,"M","?","M","M","M"],"character_chosen":"Angela","items_purchased":["WristCuter"],"campfire_rested":0,"item_purchase_floors":[5],"current_hp_per_floor":[70,58,58,55,55,55,50,50,50,9,27,34,53,34,34,44,72,74,74,76,78,0,0],"gold":396,"neow_bonus":"RANDOM_COMMON_RELIC","is_daily":false,"chose_seed":false,"campfire_upgraded":0,"win_rate":0.0,"timestamp":1613311940,"path_taken":["M","?","?","?","$","R","E","R","T","E","M","?","E","M","R","BOSS","M","?","?","M","M"],"items_purchased_type":["Card"],"build_version":"2020-12-22","purchased_purges":0,"victory":false,"max_hp_per_floor":[70,70,70,70,70,70,70,70,70,70,70,70,70,70,70,72,72,74,74,76,78,82,82],"card_choices":[{"not_picked":["Hypocrisy"],"picked":"Wingbeat","floor":1},{"not_picked":["Soda"],"picked":"BlueScar","floor":4},{"not_picked":["BlackSwan","Scorched"],"picked":"BeautyBeast","floor":7},{"not_picked":["Beak"],"picked":"Penitence","floor":7},{"not_picked":["Wellcheers","SpiderBud"],"picked":"WallGazer","floor":11},{"not_picked":["Tough"],"picked":"Harvest","floor":11},{"not_picked":["VoidDream","CENSORED"],"picked":"Wellcheers","floor":12},{"not_picked":["LifeForTheDareDevil"],"picked":"Reverberation","floor":12},{"not_picked":["LaLuna","Murderer"],"picked":"ShyLook","floor":13},{"not_picked":["TodaysExpression"],"picked":"Wingbeat","floor":13},{"not_picked":["TodaysExpression"],"picked":"ScreamingWedge","floor":14},{"not_picked":["GoldRush"],"picked":"CENSORED_ego","floor":16},{"not_picked":["UniverseFragment","CherryBlossoms"],"picked":"OSAHOGD","floor":18},{"not_picked":["Beak"],"picked":"Horn+1","floor":18},{"not_picked":["Hypocrisy"],"picked":"GrinderMk4+1","floor":20},{"not_picked":["CUTE+1"],"picked":"SomewhereSpear","floor":21}],"player_experience":81012,"relics_obtained":[{"floor":1,"key":"LetterFromLob"},{"floor":7,"key":"Oddly Smooth Stone"},{"floor":9,"key":"Regal Pillow"},{"floor":12,"key":"Odd Mushroom"},{"floor":13,"key":"Centennial Puzzle"}],"event_choices":[{"damage_healed":0,"gold_gain":0,"player_choice":"Cursed","damage_taken":0,"max_hp_gain":0,"max_hp_loss":0,"event_name":"Wheel of Change","floor":3,"gold_loss":0,"cards_obtained":["Decay"]},{"damage_healed":0,"gold_gain":0,"player_choice":"Fought Mushrooms","damage_taken":0,"max_hp_gain":0,"max_hp_loss":0,"event_name":"Mushrooms","floor":12,"gold_loss":0},{"cards_removed":["CENSORED_ego"],"damage_healed":0,"gold_gain":0,"player_choice":"Take \u0026 Give","damage_taken":0,"max_hp_gain":0,"max_hp_loss":0,"event_name":"betterNote:BetterNote","floor":19,"gold_loss":0,"cards_obtained":["SwordSharpenedByTears"]}],"is_beta":false,"boss_relics":[{"not_picked":["SacredBark","Ectoplasm"],"picked":"Empty Cage"}],"items_purged_floors":[],"is_endless":false,"potions_floor_spawned":[4,7,16,18,21],"killed_by":"Shelled Parasite and Fungi","ascension_level":1}}