{"host":"y27lpgkuecypkeb8","time":1613346811,"event":{"mods":["AchievementEnabler","Aspiration","BaseMod","Colored Map","Colored Powertips","Conspire","DeckTracker","GifTheSpireLib","Highlight Path","Hubris","Infinite Spire","Minty Spire (QoL Compilation)","Permanent Neow","Rare Cards Sparkle","Relic Sorter","Spicy Shops","StSLib","Stuff the Spire","Together in Spire"],"gold_per_floor":[111,15,15,15,27,27,27,41,68,68,72,72,88,20,20,121,121,135,135,135,143,143],"floor_reached":21,"language":"ENG","playtime":1210,"items_purged":[],"score":117,"play_id":"2a18ed6f-1317-47ab-85ae-8db403ecae45","local_time":"20210215075331","is_ascension_mode":false,"campfire_choices":[{"data":"Neutralize","floor":6,"key":"SMITH"},{"data":"StuffTheSpire:Python","floor":15,"key":"SMITH"}],"circlet_count":0,"master_deck":["Strike_G","Strike_G","Strike_G","Strike_G","Strike_G","Defend_G","Defend_G","Defend_G","Defend_G","Defend_G","Survivor","Neutralize+1","Finesse","StuffTheSpire:Python+1","Accuracy","Blade Dance","Neutralize","StuffTheSpire:Python+1","Dagger Throw","StuffTheSpire:DoubleShiv","Venomology+1"],"relics":["Ring of the Snake","Pen Nib","infinitespire:PuzzleCube","aspiration:DefectSkillbook","StuffTheSpire:BottledEssence","hubris:EvacipatedBox"],"acts_visited":["Exordium","TheCity"],"potions_floor_usage":[21,21,21],"damage_taken":[{"damage":0,"enemies":"conspire:RoseBush","floor":1,"turns":1},{"damage":0,"enemies":"Jaw Worm","floor":5,"turns":2},{"damage":0,"enemies":"Cultist","floor":8,"turns":2},{"damage":2,"enemies":"Looter","floor":11,"turns":2},{"damage":4,"enemies":"Red Slaver","floor":13,"turns":2},{"damage":13,"enemies":"Hexaghost","floor":16,"turns":5},{"damage":7,"enemies":"Spheric Guardian","floor":18,"turns":3},{"damage":37,"enemies":"conspire:MimicChest","floor":21,"turns":5}],"seed_played":"-1193657287888539741","potions_obtained":[{"floor":4,"key":"SneckoOil"},{"floor":4,"key":"Explosive Potion"},{"floor":4,"key":"Energy Potion"},{"floor":11,"key":"Dexterity Potion"},{"floor":18,"key":"AttackPotion"}],"is_trial":false,"path_per_floor":["M","$","?","?","M","R","?","M","T","?","M","?","M","$","R","B",null,"M","?","$","?"],"character_chosen":"THE_SILENT","items_purchased":["Accuracy","StuffTheSpire:DoubleShiv","StuffTheSpire:BottledEssence","hubris:EvacipatedBox"],"campfire_rested":0,"item_purchase_floors":[2,14,20,20],"current_hp_per_floor":[70,70,70,70,70,70,70,70,70,67,65,65,61,61,61,48,70,63,63,34,0,0],"gold":143,"neow_bonus":"RANDOM_COLORLESS","is_daily":false,"chose_seed":false,"campfire_upgraded":2,"win_rate":0.0,"timestamp":1613346811,"path_taken":["M","$","?","?","?","R","?","?","T","?","M","?","M","$","R","BOSS","M","?","?","?"],"items_purchased_type":["Card","Card","Relic","Relic"],"build_version":"2020-12-22","purchased_purges":0,"victory":false,"max_hp_per_floor":[70,70,70,70,70,70,70,70,70,70,70,70,70,70,70,70,70,70,70,70,70,70],"card_choices":[{"not_picked":["hubris:Ssssneak","Swift Strike"],"picked":"Finesse","floor":0},{"not_picked":["hubris:SlightOfHand","Blur"],"picked":"StuffTheSpire:Python","floor":1},{"not_picked":["Blur","Deadly Poison"],"picked":"Blade Dance","floor":5},{"not_picked":["StuffTheSpire:Sprint","Dodge and Roll"],"picked":"StuffTheSpire:Python","floor":8},{"not_picked":["PiercingWail","StuffTheSpire:Injection"],"picked":"Dagger Throw","floor":11},{"not_picked":["Tactician","Deflect","StuffTheSpire:ClusterCrunch"],"picked":"SKIP","floor":13},{"not_picked":["Glass Knife","Unload"],"picked":"Venomology","floor":16},{"not_picked":["StuffTheSpire:BumpUp","Coolheaded+1","Sweeping Beam","Go for the Eyes"],"picked":"SKIP","floor":18}],"player_experience":34585,"relics_obtained":[{"floor":9,"key":"Pen Nib"}],"event_choices":[{"damage_healed":0,"gold_gain":0,"player_choice":"Got Potions","damage_taken":0,"max_hp_gain":0,"max_hp_loss":0,"event_name":"Lab","floor":4,"gold_loss":0},{"damage_healed":0,"gold_gain":0,"player_choice":"1 cards matched","damage_taken":0,"max_hp_gain":0,"max_hp_loss":0,"event_name":"Match and Keep!","floor":7,"gold_loss":0,"cards_obtained":["Neutralize"]},{"damage_healed":0,"gold_gain":0,"player_choice":"Success","damage_taken":3,"relics_obtained":["infinitespire:PuzzleCube"],"max_hp_gain":0,"max_hp_loss":0,"event_name":"Scrap Ooze","floor":10,"gold_loss":0},{"damage_healed":0,"gold_gain":0,"player_choice":"Ignored","damage_taken":0,"max_hp_gain":0,"max_hp_loss":0,"event_name":"Liars Game","floor":12,"gold_loss":0},{"damage_healed":0,"gold_gain":0,"player_choice":"Upgraded","damage_taken":0,"max_hp_gain":0,"max_hp_loss":0,"event_name":"Upgrade Shrine","floor":19,"gold_loss":0,"cards_upgraded":["Venomology"]}],"is_beta":false,"boss_relics":[{"not_picked":["Coffee Dripper","hubris:Stopwatch"],"picked":"aspiration:DefectSkillbook"}],"items_purged_floors":[],"is_endless":false,"potions_floor_spawned":[11,13,16,18],"killed_by":"conspire:MimicChest","ascension_level":0}}