{"host":"8ki4rp59nppvqwda","time":1613334125,"event":{"mods":["AlwaysNeverKeys","BaseMod","Hermit","Minty Spire (QoL Compilation)","Robot Space Explorer","SacredBarkPlus","StSLib","The Cursed","The Necromancer","The Trickster"],"gold_per_floor":[20,20,31,47,47,76,76,86,86,112,112,145,70,98,98,201,201,214,214,214,225,243,276,276,309,309,327,327,338,338,338],"floor_reached":30,"language":"ENG","playtime":1636,"items_purged":["RobotSpaceExplorer:Strike"],"score":417,"play_id":"f1ec870c-a74f-41d1-87ef-e6e57dc06bc0","local_time":"20210214152205","is_ascension_mode":true,"campfire_choices":[{"data":"RobotSpaceExplorer:Accelerator","floor":7,"key":"SMITH"},{"data":"RobotSpaceExplorer:Fix","floor":11,"key":"SMITH"},{"data":"RobotSpaceExplorer:StarLightning","floor":15,"key":"SMITH"},{"data":"RobotSpaceExplorer:GlueShot","floor":24,"key":"SMITH"},{"data":"RobotSpaceExplorer:Scan","floor":28,"key":"SMITH"}],"circlet_count":0,"master_deck":["RobotSpaceExplorer:Strike","RobotSpaceExplorer:Strike","RobotSpaceExplorer:Defend","RobotSpaceExplorer:Defend","RobotSpaceExplorer:Scan+1","RobotSpaceExplorer:MiniLasers+1","RobotSpaceExplorer:StunGrenade","RobotSpaceExplorer:GlueShot+1","RobotSpaceExplorer:ScrapMissile","RobotSpaceExplorer:Accelerator+1","RobotSpaceExplorer:Fix+1","RobotSpaceExplorer:TrailblazerForm","RobotSpaceExplorer:StarLightning+1","Writhe","RobotSpaceExplorer:Probe+1","RobotSpaceExplorer:ScrapToss+1","RobotSpaceExplorer:StunGrenade+1"],"relics":["RobotSpaceExplorer:RoboCore","Bird Faced Urn","RobotSpaceExplorer:RingOfTheNewt","HornCleat","Singing Bowl","Pocketwatch","Kunai","Busted Crown","Dead Branch","GremlinMask","Bottled Tornado","Toy Ornithopter","Mercury Hourglass"],"acts_visited":["Exordium","TheCity"],"potions_floor_usage":[6,10,23,25],"damage_taken":[{"damage":0,"enemies":"Jaw Worm","floor":1,"turns":5},{"damage":1,"enemies":"Cultist","floor":3,"turns":3},{"damage":0,"enemies":"2 Louse","floor":4,"turns":2},{"damage":16,"enemies":"Lagavulin","floor":6,"turns":9},{"damage":2,"enemies":"Blue Slaver","floor":8,"turns":4},{"damage":6,"enemies":"3 Sentries","floor":10,"turns":7},{"damage":5,"enemies":"Gremlin Nob","floor":12,"turns":4},{"damage":7,"enemies":"3 Sentries","floor":14,"turns":5},{"damage":3,"enemies":"The Guardian","floor":16,"turns":10},{"damage":3,"enemies":"Shell Parasite","floor":18,"turns":4},{"damage":0,"enemies":"Spheric Guardian","floor":21,"turns":4},{"damage":3,"enemies":"Snake Plant","floor":22,"turns":4},{"damage":8,"enemies":"Book of Stabbing","floor":23,"turns":8},{"damage":13,"enemies":"Slavers","floor":25,"turns":5},{"damage":0,"enemies":"Snecko","floor":27,"turns":5},{"damage":0,"enemies":"Centurion and Healer","floor":29,"turns":5},{"damage":0,"enemies":"Chosen and Byrds","floor":30,"turns":1}],"seed_played":"4463597620454713148","potions_obtained":[{"floor":1,"key":"SneckoOil"},{"floor":3,"key":"RobotSpaceExplorer:LiquidFusion"},{"floor":12,"key":"SkillPotion"},{"floor":14,"key":"RobotSpaceExplorer:RecyclePotion"},{"floor":16,"key":"AttackPotion"},{"floor":25,"key":"RobotSpaceExplorer:RecyclePotion"},{"floor":29,"key":"SteroidPotion"}],"is_trial":false,"path_per_floor":["M","?","M","M","?","E","R","M","T","E","R","E","$","E","R","B",null,"M","?","?","M","M","E","R","E","T","M","R","M","M"],"character_chosen":"RobotSpaceExplorer","items_purchased":[],"campfire_rested":0,"item_purchase_floors":[],"current_hp_per_floor":[68,68,67,67,67,53,53,57,57,61,61,64,64,65,65,72,76,79,79,79,79,81,81,81,76,76,85,85,85,85,85],"gold":338,"neow_bonus":"ONE_RARE_RELIC","is_daily":false,"chose_seed":false,"campfire_upgraded":5,"win_rate":0.0,"timestamp":1613334125,"path_taken":["M","?","M","?","?","E","R","M","T","E","R","E","?","E","R","BOSS","M","?","?","M","M","E","R","E","T","?","R","M","?"],"items_purchased_type":[],"build_version":"2020-12-22","purchased_purges":1,"victory":false,"max_hp_per_floor":[75,75,75,75,75,75,75,75,75,77,77,77,77,77,77,77,77,79,79,79,79,81,81,81,83,83,85,85,85,85,85],"card_choices":[{"not_picked":["RobotSpaceExplorer:Electroshield","RobotSpaceExplorer:ImprovisedAttack"],"picked":"RobotSpaceExplorer:StunGrenade","floor":1},{"not_picked":["RobotSpaceExplorer:SurgingStrike","RobotSpaceExplorer:SurgingShield"],"picked":"RobotSpaceExplorer:GlueShot","floor":3},{"not_picked":["RobotSpaceExplorer:ExhaustFan","RobotSpaceExplorer:SurgingShield"],"picked":"RobotSpaceExplorer:ScrapMissile","floor":4},{"not_picked":["RobotSpaceExplorer:Pulsar","RobotSpaceExplorer:Discharger"],"picked":"RobotSpaceExplorer:Fix","floor":6},{"not_picked":["RobotSpaceExplorer:ShockKick","RobotSpaceExplorer:PowerCollector"],"picked":"RobotSpaceExplorer:TrailblazerForm","floor":8},{"not_picked":["RobotSpaceExplorer:ShovelStrike","RobotSpaceExplorer:Electroshield","RobotSpaceExplorer:FrostMissile"],"picked":"Singing Bowl","floor":10},{"not_picked":["RobotSpaceExplorer:DoubleFind","RobotSpaceExplorer:Calculate"],"picked":"RobotSpaceExplorer:StarLightning","floor":12},{"not_picked":["RobotSpaceExplorer:Pulsar","RobotSpaceExplorer:Blitz"],"picked":"RobotSpaceExplorer:Wormhole","floor":14},{"not_picked":["RobotSpaceExplorer:TrailblazerForm","RobotSpaceExplorer:Scanner"],"picked":"RobotSpaceExplorer:Wormhole","floor":16},{"not_picked":["RobotSpaceExplorer:ImprovisedAttack"],"picked":"Singing Bowl","floor":18},{"not_picked":[],"picked":"RobotSpaceExplorer:Probe+1","floor":21},{"not_picked":["RobotSpaceExplorer:ScrapToss"],"picked":"Singing Bowl","floor":22},{"not_picked":[],"picked":"RobotSpaceExplorer:ScrapToss+1","floor":23},{"not_picked":["RobotSpaceExplorer:ScrapShield"],"picked":"Singing Bowl","floor":25},{"not_picked":["RobotSpaceExplorer:SelfCleaning"],"picked":"Singing Bowl","floor":27},{"not_picked":[],"picked":"RobotSpaceExplorer:StunGrenade+1","floor":29}],"player_experience":1319596,"relics_obtained":[{"floor":6,"key":"RobotSpaceExplorer:RingOfTheNewt"},{"floor":9,"key":"HornCleat"},{"floor":10,"key":"Singing Bowl"},{"floor":12,"key":"Pocketwatch"},{"floor":14,"key":"Kunai"},{"floor":23,"key":"Bottled Tornado"},{"floor":25,"key":"Toy Ornithopter"},{"floor":26,"key":"Mercury Hourglass"}],"event_choices":[{"damage_healed":0,"gold_gain":0,"player_choice":"Forge","damage_taken":0,"max_hp_gain":0,"max_hp_loss":0,"event_name":"Accursed Blacksmith","floor":2,"gold_loss":0,"cards_upgraded":["RobotSpaceExplorer:MiniLasers"]},{"damage_healed":0,"gold_gain":0,"cards_transformed":["RobotSpaceExplorer:Defend"],"player_choice":"Transformed","damage_taken":0,"max_hp_gain":0,"max_hp_loss":0,"event_name":"Transmorgrifier","floor":5,"gold_loss":0,"cards_obtained":["RobotSpaceExplorer:Accelerator"]},{"damage_healed":0,"gold_gain":0,"player_choice":"Opened","damage_taken":0,"relics_obtained":["Dead Branch"],"max_hp_gain":0,"max_hp_loss":0,"event_name":"The Mausoleum","floor":19,"gold_loss":0,"cards_obtained":["Writhe"]},{"damage_healed":0,"gold_gain":0,"player_choice":"Trade","damage_taken":0,"relics_obtained":["GremlinMask"],"max_hp_gain":0,"max_hp_loss":0,"event_name":"FaceTrader","floor":20,"gold_loss":0}],"is_beta":false,"boss_relics":[{"not_picked":["RobotSpaceExplorer:Reprocessor","Fusion Hammer"],"picked":"Busted Crown"}],"items_purged_floors":[13],"is_endless":false,"potions_floor_spawned":[1,3,12,14,16,21,25,29],"killed_by":"Chosen and Byrds","ascension_level":8}}