{"host":"xp27heuvanyklt0b","time":1613312332,"event":{"mods":["100% Spire Juice","BaseMod","CapriCore","Lobotomy","Minty Spire (QoL Compilation)","Replay The Spire","StSLib","The Immortal"],"gold_per_floor":[119,19,33,44,63,63,63,63,82,100,124,89,124,139,149,169,169,271,271,285,285,295,295,235,235,110,122,122,122,122,62,62,62,62],"floor_reached":33,"language":"KOR","playtime":3861,"items_purged":["Replay:ManipulateFuture"],"score":274,"play_id":"a2f288a2-459f-449b-ad40-4f5381691bf0","local_time":"20210214231852","is_ascension_mode":false,"campfire_choices":[{"data":"Eruption","floor":8,"key":"SMITH"},{"data":"ThirdEye","floor":25,"key":"SMITH"},{"floor":30,"key":"REST"},{"data":"Alpha","floor":32,"key":"SMITH"}],"circlet_count":0,"master_deck":["Strike_P","Defend_P","Defend_P","Defend_P","Defend_P","Eruption+1","Vigilance","ForeignInfluence","BattleHymn","EmptyFist","EmptyBody","Wallop+1","Vengeance","FollowUp","ClearTheMind","WheelKick","Wallop","JustLucky","Replay:LoomingThreat","FearNoEvil","Vault","ThirdEye+1","J.A.X.","Alpha+1","WreathOfFlame","CutThroughFate","Collect"],"relics":["PureWater","PreservedInsect","VioletLotus","Girya"],"acts_visited":["Exordium","TheCity"],"potions_floor_usage":[33],"damage_taken":[{"damage":5,"enemies":"Small Slimes","floor":1,"turns":5},{"damage":0,"enemies":"Jaw Worm","floor":3,"turns":5},{"damage":0,"enemies":"2 Louse","floor":4,"turns":3},{"damage":10,"enemies":"Exordium Thugs","floor":5,"turns":3},{"damage":1,"enemies":"Blue Slaver","floor":9,"turns":2},{"damage":13,"enemies":"3 Louse","floor":10,"turns":3},{"damage":0,"enemies":"Gremlin Nob","floor":13,"turns":2},{"damage":0,"enemies":"Exordium Thugs","floor":14,"turns":4},{"damage":10,"enemies":"Large Slime","floor":15,"turns":4},{"damage":0,"enemies":"3 Louse","floor":16,"turns":2},{"damage":32,"enemies":"The Guardian","floor":18,"turns":12},{"damage":17,"enemies":"Spheric Guardian","floor":20,"turns":4},{"damage":31,"enemies":"Shell Parasite","floor":22,"turns":6},{"damage":7,"enemies":"Snecko","floor":27,"turns":4},{"damage":41,"enemies":"3 Cultists","floor":33,"turns":4}],"seed_played":"-2299779348418419997","potions_obtained":[{"floor":4,"key":"PowerPotion"},{"floor":13,"key":"BlessingOfTheForge"},{"floor":16,"key":"ColorlessPotion"},{"floor":27,"key":"Adrenaline Potion"}],"is_trial":false,"path_per_floor":["M","$","M","M","M","PTL","PTL","R","M","M","T","?","E","M","M","M","R","B",null,"M","?","M","?","?","R","$","M","T","?","R","?","R","M"],"character_chosen":"WATCHER","items_purchased":["EmptyFist","EmptyBody","CutThroughFate"],"campfire_rested":1,"item_purchase_floors":[2,2,26],"current_hp_per_floor":[67,67,67,67,57,57,57,57,56,43,43,61,61,61,51,51,72,40,72,55,55,24,24,24,24,24,17,17,17,38,38,38,0,0],"gold":62,"neow_bonus":"TRANSFORM_CARD","is_daily":false,"chose_seed":false,"campfire_upgraded":3,"win_rate":0.0,"timestamp":1613312332,"path_taken":["M","$","M","M","M","PTL","PTL","R","M","M","T","?","E","M","M","M","R","BOSS","M","?","M","?","?","R","$","?","T","?","R","?","R","M"],"items_purchased_type":["Card","Card","Card"],"build_version":"2020-12-22","purchased_purges":1,"victory":false,"max_hp_per_floor":[72,72,72,72,72,72,72,72,72,72,72,72,72,72,72,72,72,72,72,72,72,72,72,72,72,72,72,72,72,72,72,72,72,72],"card_choices":[{"not_picked":["WaveOfTheHand","SignatureMove"],"picked":"BattleHymn","floor":1},{"not_picked":["Perseverance","CutThroughFate"],"picked":"Wallop","floor":3},{"not_picked":["Replay:BluntJabs","CutThroughFate"],"picked":"Vengeance","floor":4},{"not_picked":["Prostrate","BowlingBash"],"picked":"FollowUp","floor":5},{"not_picked":["Brilliance","BowlingBash"],"picked":"ClearTheMind","floor":9},{"not_picked":["Replay:Battleflow","BowlingBash"],"picked":"WheelKick","floor":10},{"not_picked":["SashWhip","Fasting2"],"picked":"Wallop","floor":13},{"not_picked":["Replay:Hum","Wallop"],"picked":"JustLucky","floor":14},{"not_picked":["Meditate","EmptyBody"],"picked":"Replay:LoomingThreat","floor":15},{"not_picked":["BowlingBash","JustLucky"],"picked":"FearNoEvil","floor":16},{"not_picked":["DeusExMachina","Alpha"],"picked":"Vault","floor":18},{"not_picked":["EmptyBody","BowlingBash+1"],"picked":"ThirdEye","floor":20},{"not_picked":["JustLucky","CutThroughFate+1"],"picked":"Alpha","floor":22},{"not_picked":["FlurryOfBlows","Tantrum+1"],"picked":"Collect","floor":27}],"player_experience":266519,"relics_obtained":[{"floor":13,"key":"PreservedInsect"},{"floor":28,"key":"Girya"}],"event_choices":[{"damage_healed":18,"gold_gain":0,"player_choice":"Healed","damage_taken":0,"max_hp_gain":0,"max_hp_loss":0,"event_name":"The Cleric","floor":12,"gold_loss":35},{"damage_healed":0,"gold_gain":0,"player_choice":"Obtain J.A.X.","damage_taken":0,"max_hp_gain":0,"max_hp_loss":0,"event_name":"Drug Dealer","floor":21,"gold_loss":0,"cards_obtained":["J.A.X."]},{"damage_healed":0,"gold_gain":0,"player_choice":"Ignored","damage_taken":0,"max_hp_gain":0,"max_hp_loss":0,"event_name":"Vampires","floor":23,"gold_loss":0},{"damage_healed":0,"gold_gain":0,"cards_transformed":["Strike_P","Strike_P"],"player_choice":"Transformed Cards","damage_taken":0,"max_hp_gain":0,"max_hp_loss":0,"event_name":"Designer","floor":24,"gold_loss":60,"cards_obtained":["WreathOfFlame","Replay:ManipulateFuture"]},{"damage_healed":0,"gold_gain":0,"player_choice":"Ignored","damage_taken":0,"max_hp_gain":0,"max_hp_loss":0,"event_name":"The Mausoleum","floor":29,"gold_loss":0}],"is_beta":false,"boss_relics":[{"not_picked":["Ectoplasm","Runic Pyramid"],"picked":"VioletLotus"}],"items_purged_floors":[26],"is_endless":false,"potions_floor_spawned":[4,13,16,18,22,27],"killed_by":"3 Cultists","ascension_level":0}}