{"host":"jaargy6ddac3k57q","time":1613317777,"event":{"mods":["BaseMod","Downfall","Minty Spire (QoL Compilation)","Quick Restart","StSLib","【功能Mod】混沌之环修复补丁"],"gold_per_floor":[99,99,99,99,99,99,122,132,165,175,175,187,187,105,115,115,115,115],"floor_reached":16,"language":"ZHS","playtime":525,"items_purged":[],"score":98,"play_id":"5e9b06df-d9dc-45f3-9502-97adb5c88755","local_time":"20210214234937","is_ascension_mode":false,"campfire_choices":[{"floor":11,"key":"REST"}],"circlet_count":0,"master_deck":["sneckomod:Strike","sneckomod:Strike","sneckomod:Strike","sneckomod:Defend","sneckomod:Defend","sneckomod:Defend","sneckomod:TailWhip+1","sneckomod:SnekBite+1","sneckomod:Unknown+1","Immolate+1","sneckomod:UnknownBlock+1","downfall:Malfunctioning","downfall:Haunted","sneckomod:DiceBoulder","sneckomod:Unknown1Cost","sneckomod:UnknownX","sneckomod:Unknown1Cost","sneckomod:UnknownUncommonPower+1","sneckomod:UnknownDraw","sneckomod:SoulRoll","sneckomod:UnknownUncommonPower","sneckomod:UnknownUncommonAttack"],"relics":["sneckomod:SneckoSoul","downfall:HeartsMalice","Dream Catcher","Bag of Preparation"],"acts_visited":["Exordium"],"potions_floor_usage":[16,16,16],"damage_taken":[{"damage":0,"enemies":"Small Slimes","floor":2,"turns":1},{"damage":0,"enemies":"Jaw Worm","floor":5,"turns":1},{"damage":0,"enemies":"Cultist","floor":6,"turns":1},{"damage":22,"enemies":"Gremlin Gang","floor":8,"turns":3},{"damage":40,"enemies":"Lagavulin","floor":9,"turns":6},{"damage":15,"enemies":"downfall:LooterAlt","floor":10,"turns":2},{"damage":9,"enemies":"Exordium Wildlife","floor":12,"turns":2},{"damage":15,"enemies":"downfall:FleeingMerchant","floor":14,"turns":4},{"damage":0,"enemies":"2 Fungi Beasts","floor":15,"turns":1},{"damage":34,"enemies":"DF_ARCHETYPE_STREAMLINE","floor":16,"turns":5}],"seed_played":"8439144562833684071","potions_obtained":[{"floor":8,"key":"Block Potion"},{"floor":10,"key":"Fire Potion"},{"floor":12,"key":"CultistPotion"}],"is_trial":false,"path_per_floor":["R","M","?","?","M","M","T","M","E","M","R","M","?","$","M","B"],"character_chosen":"THE_SNECKO","items_purchased":["sneckomod:UnknownUncommonPower"],"campfire_rested":1,"item_purchase_floors":[14],"current_hp_per_floor":[90,90,90,90,90,90,90,72,32,22,50,41,41,31,31,0,0,0],"gold":115,"neow_bonus":"THREE_ENEMY_KILL","is_daily":false,"chose_seed":false,"campfire_upgraded":0,"win_rate":0.0,"timestamp":1613317777,"path_taken":["R","M","?","?","?","M","T","M","E","M","R","?","?","?","M","BOSS"],"items_purchased_type":["Card"],"build_version":"2020-12-22","purchased_purges":0,"victory":false,"max_hp_per_floor":[90,90,90,90,90,90,90,94,94,94,94,94,94,94,94,94,94,94],"card_choices":[{"not_picked":["sneckomod:UnknownDraw","sneckomod:Nope"],"picked":"sneckomod:UnknownBlock","floor":2},{"not_picked":["sneckomod:WideSting","sneckomod:SlitherStrike","sneckomod:DefensiveFlair"],"picked":"SKIP","floor":5},{"not_picked":["sneckomod:DiceBlock","sneckomod:UnknownCommonAttack"],"picked":"sneckomod:DiceBoulder","floor":6},{"not_picked":["sneckomod:UnknownCommonAttack","sneckomod:ImprovisedAttack"],"picked":"sneckomod:Unknown1Cost","floor":8},{"not_picked":["sneckomod:SoulDraw","sneckomod:ImprovisedAttack"],"picked":"sneckomod:UnknownX","floor":9},{"not_picked":["sneckomod:DiceCrush","sneckomod:DiceBlock"],"picked":"sneckomod:Unknown1Cost","floor":10},{"not_picked":["sneckomod:UnknownUncommonAttack","sneckomod:CheapStock"],"picked":"sneckomod:UnknownUncommonPower","floor":11},{"not_picked":["sneckomod:IronFang","sneckomod:SerpentMind"],"picked":"sneckomod:UnknownDraw","floor":12},{"not_picked":["sneckomod:DiceBlock","sneckomod:UnknownBlock"],"picked":"sneckomod:SoulRoll","floor":14},{"not_picked":["sneckomod:Nope","sneckomod:SoulDraw"],"picked":"sneckomod:UnknownUncommonAttack","floor":15}],"player_experience":26986,"relics_obtained":[{"floor":7,"key":"Dream Catcher"},{"floor":9,"key":"Bag of Preparation"}],"event_choices":[{"damage_healed":0,"gold_gain":0,"player_choice":"Grow","damage_taken":0,"max_hp_gain":0,"max_hp_loss":0,"event_name":"Living Wall","floor":13,"gold_loss":0,"cards_upgraded":["sneckomod:UnknownUncommonPower"]}],"is_beta":false,"boss_relics":[],"items_purged_floors":[],"is_endless":false,"potions_floor_spawned":[8,10,12,15],"killed_by":"DF_ARCHETYPE_STREAMLINE","ascension_level":0}}