{"host":"x3688v8yj57o2b0e","time":1613325930,"event":{"mods":["BaseMod","Minty Spire (QoL Compilation)"],"gold_per_floor":[112,125,125,125,125,31,71,71,97,117,117,157,157,181,181,181,181],"floor_reached":16,"language":"ENG","playtime":863,"items_purged":[],"score":124,"play_id":"557b4236-e4f6-49bb-a991-a1d131248e17","local_time":"20210214130530","is_ascension_mode":true,"campfire_choices":[{"data":"Rupture","floor":11,"key":"SMITH"},{"data":"Bash","floor":13,"key":"SMITH"},{"floor":15,"key":"REST"}],"circlet_count":0,"master_deck":["Strike_R","Strike_R","Strike_R","Strike_R","Defend_R+1","Defend_R+1","Defend_R+1","Defend_R","Bash+1","Pommel Strike","Pommel Strike","Rupture+1","Warcry+1","Twin Strike","Second Wind","Cleave","Armaments"],"relics":["Runic Cube","Golden Idol","Lantern","War Paint","PreservedInsect"],"acts_visited":["Exordium"],"potions_floor_usage":[7,12,12,16,16],"damage_taken":[{"damage":7,"enemies":"Jaw Worm","floor":1,"turns":3},{"damage":8,"enemies":"2 Louse","floor":2,"turns":2},{"damage":27,"enemies":"3 Sentries","floor":7,"turns":9},{"damage":0,"enemies":"Cultist","floor":10,"turns":2},{"damage":27,"enemies":"Lagavulin","floor":12,"turns":6},{"damage":6,"enemies":"Large Slime","floor":14,"turns":5},{"damage":44,"enemies":"Hexaghost","floor":16,"turns":14}],"seed_played":"-2148507150647009197","potions_obtained":[{"floor":1,"key":"SneckoOil"},{"floor":2,"key":"Explosive Potion"},{"floor":8,"key":"DuplicationPotion"},{"floor":8,"key":"FairyPotion"},{"floor":8,"key":"Weak Potion"},{"floor":12,"key":"ColorlessPotion"},{"floor":14,"key":"FearPotion"}],"is_trial":false,"path_per_floor":["M","M","?","?","?","$","E","?","T","M","R","E","R","M","R","B"],"character_chosen":"IRONCLAD","items_purchased":["Rupture","Warcry"],"campfire_rested":1,"item_purchase_floors":[6,6],"current_hp_per_floor":[73,65,49,49,42,42,15,15,15,15,15,22,22,16,38,0,0],"gold":181,"neow_bonus":"BOSS_RELIC","is_daily":false,"chose_seed":false,"campfire_upgraded":2,"win_rate":0.0,"timestamp":1613325930,"path_taken":["M","M","?","?","?","$","E","?","T","M","R","E","R","?","R","BOSS"],"items_purchased_type":["Card","Card"],"build_version":"2020-12-22","purchased_purges":0,"victory":false,"max_hp_per_floor":[80,80,80,74,74,74,74,74,74,74,74,74,74,74,74,74,74],"card_choices":[{"not_picked":["Dark Embrace","Feel No Pain"],"picked":"Pommel Strike","floor":1},{"not_picked":["Perfected Strike","Fire Breathing"],"picked":"Pommel Strike","floor":2},{"not_picked":["Double Tap","Armaments"],"picked":"Twin Strike","floor":7},{"not_picked":["Reckless Charge","Iron Wave"],"picked":"Second Wind","floor":10},{"not_picked":["Twin Strike","Dual Wield"],"picked":"Cleave","floor":12},{"not_picked":["Clash","Fire Breathing"],"picked":"Armaments","floor":14}],"player_experience":234349,"relics_obtained":[{"floor":7,"key":"Lantern"},{"floor":9,"key":"War Paint"},{"floor":12,"key":"PreservedInsect"}],"event_choices":[{"damage_healed":0,"gold_gain":0,"player_choice":"Entered Light","damage_taken":16,"max_hp_gain":0,"max_hp_loss":0,"event_name":"Shining Light","floor":3,"gold_loss":0,"cards_upgraded":["Defend_R","Defend_R"]},{"damage_healed":0,"gold_gain":0,"player_choice":"Lose Max HP","damage_taken":0,"relics_obtained":["Golden Idol"],"max_hp_gain":0,"max_hp_loss":6,"event_name":"Golden Idol","floor":4,"gold_loss":0},{"cards_removed":["Strike_R"],"damage_healed":0,"gold_gain":0,"player_choice":"Card Removal","damage_taken":7,"max_hp_gain":0,"max_hp_loss":0,"event_name":"Golden Wing","floor":5,"gold_loss":0},{"damage_healed":0,"gold_gain":0,"player_choice":"Got Potions","damage_taken":0,"max_hp_gain":0,"max_hp_loss":0,"event_name":"Lab","floor":8,"gold_loss":0}],"is_beta":false,"boss_relics":[],"items_purged_floors":[],"is_endless":false,"potions_floor_spawned":[1,2,12,14],"killed_by":"Hexaghost","ascension_level":3}}