{"host":"sl16z9iy022tq7s2","time":1613270280,"event":{"mods":["100% Spire Juice","ATMod(阿瑾Mod)","BaseMod","Colored Powertips","Googly Eyes","KinomotoSakuraMod(木之本樱)","Marisa（F雨　魔理沙）","Minty Spire (QoL Compilation)","Prisma Mod","Quick Restart","Remilia（蕾米莉亚）","Replay The Spire","StSLib","TestMod","The Animator","The Servant 0.9.4","WarShipGirlsR/战舰少女R mod","Yuyuko","【遗物卡牌】REMEMod"],"gold_per_floor":[120,120,140,36,46,98,98,98,153,189,218,240,256,298,298,436,436,461,386,57,87,120,184,184,244,244,159,159,230,329,365,365,489,489,513,513,540,540,578,578,655,683,709,731,744,784,810],"floor_reached":48,"language":"ZHS","playtime":3573,"items_purged":["animator:Strike"],"score":997,"play_id":"3267d2df-2957-4d97-9760-a8d6488f4966","local_time":"20210214103800","is_ascension_mode":true,"campfire_choices":[{"data":"AT_FamilyPortrait","floor":8,"key":"SMITH"},{"data":"animator:DolaRiku","floor":15,"key":"SMITH"},{"data":"animator:MumenRider","floor":24,"key":"SMITH"},{"data":"animator:Verdia","floor":32,"key":"SMITH"},{"data":"animator:Guy","floor":40,"key":"SMITH"}],"circlet_count":0,"master_deck":["animator:Strike_Fate","animator:Defend_Fate","animator:Strike","animator:Defend","animator:Defend+1","animator:Defend","animator:Alexander","animator:Rider","AT_FamilyPortrait+1","DevaForm","animator:Sonic+1","animator:Mitsuba","animator:Elsword","animator:Lancer","animator:DolaRiku+1","animator:Mikaela","animator:Verdia+1","animator:Hakurou","animator:Chris","animator:Ainz","animator:EmiyaShirou","animator:MumenRider+1","animator:Aqua","animator:Sonic","animator:ElricAlphonse+1","animator:Guy+1","Necronomicurse","animator:ChaikaBohdan","animator:Archer","animator:RinTohsaka+1","animator:Boros","animator:MumenRider+1","animator:ZankiKiguchi","animator:IzunaHatsuse","animator:Shiro","animator:Berserker","animator:YaoHaDucy","animator:Megumin+2","animator:Shuna+1","animator:MumenRider+1","animator:HighElfArcher"],"relics":["animator:LivingPicture","animator:TheMissingPiece","REME_ComplimentaryCards","AT_ATBox","testmod-TestBox","animator:PurgingStone","testmod-DeterminationOfClimber","NeowsBlessing","NlothsMask","Replay:Wax Seal","War Paint","Replay:WaspNest","Replay:Ringing Soul","SlaversCollar","REME_CardOfGreed","Prayer Wheel","Centennial Puzzle","AT_DeathDance","animator:OldCoffin","testmod-ThousandKnives","Necronomicon","testmod-IntensifyImprint","animator:HolyGrailRelic","Girya","Gremlin Food","ScarletDevilRocket"],"acts_visited":["Exordium","TheCity","TheBeyond"],"potions_floor_usage":[16,20,31,39,41],"damage_taken":[{"damage":0,"enemies":"Small Slimes","floor":1,"turns":1},{"damage":0,"enemies":"Cultist","floor":3,"turns":1},{"damage":0,"enemies":"2 Louse","floor":5,"turns":1},{"damage":0,"enemies":"Lagavulin","floor":6,"turns":5},{"damage":18,"enemies":"3 Sentries","floor":10,"turns":6},{"damage":8,"enemies":"Red Slaver","floor":11,"turns":3},{"damage":6,"enemies":"3 Louse","floor":12,"turns":2},{"damage":6,"enemies":"Looter","floor":13,"turns":3},{"damage":12,"enemies":"Gremlin Nob","floor":14,"turns":4},{"damage":7,"enemies":"Hexaghost","floor":16,"turns":5},{"damage":10,"enemies":"2 Thieves","floor":18,"turns":2},{"damage":3,"enemies":"Chosen","floor":21,"turns":3},{"damage":0,"enemies":"Snecko","floor":22,"turns":2},{"damage":2,"enemies":"animator:HornedBat","floor":23,"turns":3},{"damage":10,"enemies":"Slavers","floor":25,"turns":3},{"damage":0,"enemies":"Gremlin Leader","floor":29,"turns":1},{"damage":0,"enemies":"Shelled Parasite and Fungi","floor":31,"turns":1},{"damage":0,"enemies":"Automaton","floor":33,"turns":1},{"damage":0,"enemies":"3 Shapes","floor":35,"turns":1},{"damage":0,"enemies":"Orb Walker","floor":37,"turns":1},{"damage":0,"enemies":"Transient","floor":39,"turns":2},{"damage":0,"enemies":"Reptomancer","floor":41,"turns":1},{"damage":7,"enemies":"Spire Growth","floor":42,"turns":2},{"damage":0,"enemies":"Jaw Worm Horde","floor":44,"turns":1},{"damage":0,"enemies":"3 Darklings","floor":45,"turns":1},{"damage":0,"enemies":"Nemesis","floor":46,"turns":1},{"damage":0,"enemies":"Replay:Hell Engine","floor":47,"turns":1}],"seed_played":"4420560832673732676","potions_obtained":[{"floor":3,"key":"Block Potion"},{"floor":10,"key":"SkillPotion"},{"floor":12,"key":"Fire Potion"},{"floor":18,"key":"Fire Potion"},{"floor":25,"key":"PowerPotion"},{"floor":41,"key":"REME_GoldPotion"}],"is_trial":false,"path_per_floor":["M","?","M","$","M","E","?","R","T","E","M","M","M","E","R","B",null,"M","?","$","M","M","E","R","E","T","?","?","E","?","M","R","B",null,"M","?","M","?","M","R","E","M","T","M","M","E","B",null],"character_chosen":"THE_ANIMATOR","items_purchased":["Replay:Wax Seal","animator:Mitsuba","REME_CardOfGreed","Fruit Juice"],"campfire_rested":0,"item_purchase_floors":[4,4,20,20],"current_hp_per_floor":[66,66,66,66,66,66,66,66,66,52,48,46,44,42,42,55,72,71,71,76,84,87,90,90,91,91,91,78,99,99,103,103,106,114,119,119,124,124,129,129,134,139,139,144,149,151,153],"gold":810,"neow_bonus":"THREE_ENEMY_KILL","is_daily":false,"chose_seed":false,"campfire_upgraded":5,"win_rate":0.0,"timestamp":1613270280,"path_taken":["M","?","M","$","?","E","?","R","T","E","M","M","?","E","R","BOSS","M","?","$","M","M","E","R","E","T","?","?","E","?","M","R","BOSS","M","?","M","?","M","R","E","?","T","M","M","E","BOSS"],"items_purchased_type":["Relic","Card","Relic","Potion"],"build_version":"2020-12-22","purchased_purges":1,"victory":true,"max_hp_per_floor":[66,66,66,66,66,66,66,66,66,66,66,66,66,69,69,72,72,76,76,81,84,87,90,90,93,93,93,96,99,99,103,103,106,114,119,119,124,124,129,129,134,139,139,144,149,151,153],"card_choices":[{"not_picked":["animator:Mitsurugi","animator:IrohaTamaki","animator:Emonzaemon"],"picked":"SKIP","floor":1},{"not_picked":["animator:PandorasActor","animator:Chung"],"picked":"animator:Sonic","floor":3},{"not_picked":["animator:ChlammyZell","animator:Azekura"],"picked":"animator:Elsword","floor":5},{"not_picked":["animator:Assassin","animator:ShinjiMatou"],"picked":"animator:Lancer","floor":6},{"not_picked":["animator:Emonzaemon","animator:KyokoSakura"],"picked":"animator:DolaRiku","floor":10},{"not_picked":["animator:Chung","animator:Illya"],"picked":"animator:Mikaela","floor":11},{"not_picked":["animator:Vesta","animator:Shalltear"],"picked":"animator:Verdia","floor":12},{"not_picked":["animator:Shion","animator:Shuna"],"picked":"animator:Hakurou","floor":13},{"not_picked":["animator:MaesHughes","animator:YuiTsuruno"],"picked":"animator:Chris","floor":14},{"not_picked":["animator:HomuraAkemi","animator:Rimuru"],"picked":"animator:Ainz","floor":16},{"not_picked":["animator:Souei+1","animator:DwarfShaman"],"picked":"animator:EmiyaShirou","floor":18},{"not_picked":["animator:Demiurge+1","animator:Cocytus"],"picked":"animator:MumenRider","floor":21},{"not_picked":["animator:Viivi","animator:Tatsumaki"],"picked":"animator:Aqua","floor":21},{"not_picked":["animator:Genos","animator:Tatsumaki"],"picked":"animator:Sonic","floor":22},{"not_picked":["animator:Berserker","animator:WinryRockbell","animator:Alexander"],"picked":"SKIP","floor":22},{"not_picked":["animator:Genos","animator:Hitei"],"picked":"animator:ElricAlphonse+1","floor":23},{"not_picked":["animator:Archer","animator:RoyMustang"],"picked":"animator:Guy","floor":25},{"not_picked":["animator:Vanir","animator:Elsword"],"picked":"animator:ChaikaBohdan","floor":29},{"not_picked":["animator:Assassin","animator:ShinjiMatou"],"picked":"animator:Archer","floor":31},{"not_picked":["animator:Witch+1","animator:DolaRiku"],"picked":"animator:RinTohsaka+1","floor":31},{"not_picked":["animator:HomuraAkemi","animator:Rimuru"],"picked":"animator:Boros","floor":33},{"not_picked":["animator:Rider","animator:Lancer"],"picked":"animator:MumenRider","floor":35},{"not_picked":["animator:KrulTepes","animator:Sloth","animator:Konayuki+1"],"picked":"SKIP","floor":35},{"not_picked":["animator:GazelDwargon+1","animator:Shuna+1"],"picked":"animator:ZankiKiguchi","floor":37},{"not_picked":["animator:Gluttony","animator:Witch+1","animator:KyokoSakura+1"],"picked":"SKIP","floor":37},{"not_picked":["animator:Shion+1","animator:RinTohsaka+1"],"picked":"animator:IzunaHatsuse","floor":39},{"not_picked":["animator:DolaSchwi","animator:NagisaMomoe"],"picked":"animator:Shiro","floor":39},{"not_picked":["animator:EmiyaShirou","animator:Alexander"],"picked":"animator:Berserker","floor":41},{"not_picked":["animator:YuiTsuruno","animator:Berserker"],"picked":"animator:YaoHaDucy","floor":42},{"not_picked":["animator:Entoma+1","animator:Gluttony+1"],"picked":"animator:Megumin+1","floor":42},{"not_picked":["animator:ShinjiMatou+1","animator:MaesHughes"],"picked":"animator:Shuna+1","floor":44},{"not_picked":["animator:Shion+1","animator:KyokoSakura"],"picked":"animator:MumenRider+1","floor":44},{"not_picked":["animator:Entoma","animator:Shion"],"picked":"animator:HighElfArcher","floor":45},{"not_picked":["animator:ShinjiMatou+1","animator:Priestess","animator:Shiro"],"picked":"SKIP","floor":45}],"player_experience":518088,"relics_obtained":[{"floor":6,"key":"War Paint"},{"floor":10,"key":"Replay:WaspNest"},{"floor":14,"key":"Replay:Ringing Soul"},{"floor":23,"key":"Centennial Puzzle"},{"floor":25,"key":"AT_DeathDance"},{"floor":26,"key":"animator:OldCoffin"},{"floor":28,"key":"Necronomicon"},{"floor":29,"key":"testmod-IntensifyImprint"},{"floor":41,"key":"Girya"},{"floor":43,"key":"Gremlin Food"},{"floor":46,"key":"ScarletDevilRocket"}],"event_choices":[{"damage_healed":0,"gold_gain":0,"player_choice":"Trade","damage_taken":0,"relics_obtained":["NlothsMask"],"max_hp_gain":0,"max_hp_loss":0,"event_name":"FaceTrader","floor":2,"gold_loss":0},{"damage_healed":0,"gold_gain":0,"player_choice":"0 cards matched","damage_taken":0,"max_hp_gain":0,"max_hp_loss":0,"event_name":"Match and Keep!","floor":7,"gold_loss":0,"cards_obtained":[]},{"cards_removed":["animator:Strike"],"damage_healed":0,"gold_gain":0,"player_choice":"Gave Gold","damage_taken":0,"max_hp_gain":0,"max_hp_loss":0,"event_name":"Beggar","floor":19,"gold_loss":75},{"damage_healed":0,"gold_gain":0,"player_choice":"Obtained Relic","damage_taken":0,"relics_obtained":["testmod-ThousandKnives"],"max_hp_gain":0,"max_hp_loss":0,"event_name":"Addict","floor":27,"gold_loss":85},{"damage_healed":0,"gold_gain":0,"player_choice":"Obtained Book","damage_taken":16,"max_hp_gain":0,"max_hp_loss":0,"event_name":"Cursed Tome","floor":28,"gold_loss":0},{"damage_healed":0,"gold_gain":99,"player_choice":"Stole From Cult","damage_taken":0,"max_hp_gain":0,"max_hp_loss":0,"event_name":"Nest","floor":30,"gold_loss":0},{"damage_healed":0,"gold_gain":0,"player_choice":"Ignored","damage_taken":0,"max_hp_gain":0,"max_hp_loss":0,"event_name":"Tomb of Lord Red Mask","floor":36,"gold_loss":0},{"damage_healed":0,"gold_gain":0,"player_choice":"Forge","damage_taken":0,"max_hp_gain":0,"max_hp_loss":0,"event_name":"Accursed Blacksmith","floor":38,"gold_loss":0,"cards_upgraded":["animator:MumenRider"]}],"is_beta":false,"boss_relics":[{"not_picked":["testmod-HarvestTotem","testmod-Recursion"],"picked":"SlaversCollar"},{"not_picked":["Abe\u0027s Treasure","REME_DemonsWealth"],"picked":"animator:HolyGrailRelic"}],"items_purged_floors":[20],"is_endless":false,"potions_floor_spawned":[3,10,12,13,14,18,22,23,25,37,39,41,44],"ascension_level":2}}