{"host":"2e3z4r48quhw80cc","time":1613313635,"event":{"mods":["BaseMod","Minty Spire (QoL Compilation)","Quick Restart","StSLib","SuperFastMode"],"gold_per_floor":[110,124,49,49,49,74,74,107,107,133,133,133,152,10,10,113,113,126,145,145,159,159,159,159],"floor_reached":23,"language":"KOR","playtime":1162,"items_purged":["Strike_G"],"score":437,"play_id":"15b39cd3-b4f0-4dfa-9cad-e493cfa8295c","local_time":"20210214234035","is_ascension_mode":true,"campfire_choices":[{"data":"A Thousand Cuts","floor":7.0,"key":"SMITH"},{"floor":15.0,"key":"REST"}],"circlet_count":0,"master_deck":["AscendersBane","Strike_G","Strike_G","Strike_G","Strike_G","Defend_G","Defend_G","Defend_G","Defend_G","Defend_G","Survivor","Neutralize","Flying Knee","Poisoned Stab","Doppelganger","A Thousand Cuts+1","Deflect","Blade Dance","Escape Plan","Noxious Fumes+1","Envenom+1","Escape Plan","Blur","Infinite Blades+1"],"relics":["Ring of the Snake","NeowsBlessing","Tough Bandages","Frozen Egg 2","The Specimen","Anchor","Bottled Tornado","Black Star"],"acts_visited":["Exordium","TheCity"],"potions_floor_usage":[],"damage_taken":[{"damage":0.0,"enemies":"2 Louse","floor":1.0,"turns":1.0},{"damage":0.0,"enemies":"Cultist","floor":2.0,"turns":1.0},{"damage":0.0,"enemies":"Lagavulin","floor":6.0,"turns":1.0},{"damage":19.0,"enemies":"3 Sentries","floor":8.0,"turns":8.0},{"damage":28.0,"enemies":"Lagavulin","floor":10.0,"turns":8.0},{"damage":0.0,"enemies":"Jaw Worm","floor":13.0,"turns":3.0},{"damage":0.0,"enemies":"Slime Boss","floor":16.0,"turns":6.0},{"damage":13.0,"enemies":"Spheric Guardian","floor":18.0,"turns":4.0},{"damage":21.0,"enemies":"Shell Parasite","floor":19.0,"turns":7.0},{"damage":12.0,"enemies":"Centurion and Healer","floor":21.0,"turns":5.0},{"damage":0,"enemies":"Gremlin Leader","floor":23,"turns":2}],"seed_played":"5293458566994870217","potions_obtained":[{"floor":2.0,"key":"BlessingOfTheForge"},{"floor":6.0,"key":"CunningPotion"}],"is_trial":false,"path_per_floor":["M","M","$","?","$","E","R","E","T","E","T","?","M","$","R","B",null,"M","M","?","M","?","E"],"character_chosen":"THE_SILENT","items_purchased":["Escape Plan","Noxious Fumes+1"],"campfire_rested":1,"item_purchase_floors":[14,14],"current_hp_per_floor":[63,63,63,63,63,63,63,44,44,16,16,21,21,21,43,43,67,54,33,33,21,21,21,21],"gold":159,"neow_bonus":"THREE_ENEMY_KILL","is_daily":false,"chose_seed":false,"campfire_upgraded":1,"win_rate":0.0,"timestamp":1613313635,"path_taken":["M","M","$","?","?","E","R","E","T","E","?","?","M","$","R","BOSS","M","M","?","M","?","E"],"items_purchased_type":["Card","Card"],"build_version":"2020-12-22","purchased_purges":1,"victory":false,"max_hp_per_floor":[70,70,70,70,70,70,70,70,70,70,70,75,75,75,75,75,75,75,75,75,75,75,75,75],"card_choices":[{"not_picked":["Distraction","Outmaneuver"],"picked":"Flying Knee","floor":1.0},{"not_picked":["PiercingWail","Underhanded Strike"],"picked":"Poisoned Stab","floor":2.0},{"not_picked":["Tactician","Deflect"],"picked":"A Thousand Cuts","floor":6.0},{"not_picked":["Bane","Quick Slash"],"picked":"Deflect","floor":8.0},{"not_picked":["Dagger Spray","Predator","Dodge and Roll"],"picked":"SKIP","floor":10.0},{"not_picked":["Backstab","Flechettes"],"picked":"Blade Dance","floor":13.0},{"not_picked":["Wraith Form v2+1","Doppelganger"],"picked":"Envenom+1","floor":16.0},{"not_picked":["Slice+1","Deflect"],"picked":"Escape Plan","floor":18.0},{"not_picked":["Quick Slash+1","Dagger Spray","Prepared"],"picked":"SKIP","floor":19.0},{"not_picked":["Catalyst","Prepared+1"],"picked":"Infinite Blades+1","floor":21.0}],"player_experience":186147,"relics_obtained":[{"floor":6.0,"key":"Tough Bandages"},{"floor":8.0,"key":"Frozen Egg 2"},{"floor":9.0,"key":"The Specimen"},{"floor":10.0,"key":"Anchor"},{"floor":11.0,"key":"Bottled Tornado"}],"event_choices":[{"damage_healed":0.0,"max_hp_gain":0.0,"max_hp_loss":0.0,"gold_gain":0.0,"event_name":"Match and Keep!","player_choice":"1 cards matched","floor":4.0,"gold_loss":0.0,"damage_taken":0.0,"cards_obtained":["Doppelganger"]},{"damage_healed":0.0,"max_hp_gain":5.0,"max_hp_loss":0.0,"gold_gain":0.0,"event_name":"Big Fish","player_choice":"Donut","floor":12.0,"gold_loss":0.0,"damage_taken":0.0},{"damage_healed":0.0,"max_hp_gain":0.0,"max_hp_loss":0.0,"gold_gain":0.0,"event_name":"The Library","player_choice":"Read","floor":20.0,"gold_loss":0.0,"damage_taken":0.0,"cards_obtained":["Blur"]},{"damage_healed":0.0,"max_hp_gain":0.0,"max_hp_loss":0.0,"gold_gain":0.0,"event_name":"The Mausoleum","player_choice":"Ignored","floor":22.0,"gold_loss":0.0,"damage_taken":0.0}],"is_beta":false,"boss_relics":[{"not_picked":["Runic Pyramid","WristBlade"],"picked":"Black Star"}],"items_purged_floors":[3],"is_endless":false,"potions_floor_spawned":[2,6,10,13],"killed_by":"Gremlin Leader","ascension_level":11}}