{"host":"ydg0vn0pu4pubmdt","time":1613292059,"event":{"mods":["AchievementEnabler","BaseMod","Colored Map","Gold Saver","Minty Spire (QoL Compilation)","Quick Restart","SuperFastMode"],"gold_per_floor":[801,801,817,147,147,147,182,182,182,192,226,240,240,240,240,240,240],"floor_reached":16,"language":"KOR","playtime":336,"items_purged":["Strike_G"],"score":216,"play_id":"515f155f-8e04-48f7-84ae-850ba46f95ae","local_time":"20210214174059","is_ascension_mode":true,"campfire_choices":[{"data":"1","floor":6.0,"key":"LIFT"},{"floor":13.0,"key":"REST"},{"data":"2","floor":15,"key":"LIFT"}],"circlet_count":0,"master_deck":["AscendersBane","Strike_G","Strike_G","Strike_G","Strike_G","Defend_G","Defend_G","Defend_G","Defend_G","Defend_G","Survivor","Neutralize","Dagger Spray","Blade Dance+1","Acrobatics+1","Cloak And Dagger+1","PiercingWail+1","Cloak And Dagger+1","Well Laid Plans","Accuracy"],"relics":["Ring of the Snake","Girya","Potion Belt","Toxic Egg 2","Orrery","Matryoshka","Blue Candle","Ornamental Fan","Bottled Flame","Bottled Tornado"],"acts_visited":["Exordium"],"potions_floor_usage":[],"damage_taken":[{"damage":5.0,"enemies":"Small Slimes","floor":1.0,"turns":4.0},{"damage":0.0,"enemies":"Cultist","floor":3.0,"turns":4.0},{"damage":18.0,"enemies":"Lagavulin","floor":7.0,"turns":6.0},{"damage":0.0,"enemies":"Jaw Worm","floor":10.0,"turns":1.0},{"damage":32.0,"enemies":"Gremlin Nob","floor":11.0,"turns":4.0},{"damage":0.0,"enemies":"Large Slime","floor":12.0,"turns":6.0},{"damage":25,"enemies":"Slime Boss","floor":16,"turns":3}],"seed_played":"-7291486945019066661","potions_obtained":[{"floor":1.0,"key":"Fire Potion"},{"floor":11.0,"key":"SpeedPotion"},{"floor":12.0,"key":"GamblersBrew"}],"is_trial":false,"path_per_floor":["M","?","M","$","?","R","E","T","T","M","E","M","R","?","R","B"],"character_chosen":"THE_SILENT","items_purchased":["Potion Belt","Toxic Egg 2","Orrery"],"campfire_rested":1,"item_purchase_floors":[4,4,4],"current_hp_per_floor":[54,54,54,54,54,54,36,36,36,36,4,4,23,23,23,0,0],"gold":240,"neow_bonus":"ONE_RARE_RELIC","is_daily":false,"chose_seed":false,"campfire_upgraded":0,"win_rate":0.0,"timestamp":1613292059,"path_taken":["M","?","M","?","?","R","E","?","T","M","E","M","R","?","R","BOSS"],"items_purchased_type":["Relic","Relic","Relic"],"build_version":"2020-12-22","purchased_purges":1,"victory":false,"max_hp_per_floor":[66,66,66,66,66,66,66,66,66,66,66,66,66,66,66,66,66],"card_choices":[{"not_picked":["Bane","Outmaneuver","Deflect"],"picked":"SKIP","floor":1.0},{"not_picked":["Sucker Punch","Dodge and Roll"],"picked":"Dagger Spray","floor":3.0},{"not_picked":["Flying Knee","Masterful Stab"],"picked":"Blade Dance+1","floor":4.0},{"not_picked":["Bane","Storm of Steel+1"],"picked":"Acrobatics+1","floor":4.0},{"not_picked":["Die Die Die","PiercingWail+1"],"picked":"Cloak And Dagger+1","floor":4.0},{"not_picked":["Outmaneuver+1","Deflect+1"],"picked":"PiercingWail+1","floor":4.0},{"not_picked":["PiercingWail+1","Setup+1"],"picked":"Cloak And Dagger+1","floor":4.0},{"not_picked":["Quick Slash","PiercingWail+1"],"picked":"Well Laid Plans","floor":7.0},{"not_picked":["Sucker Punch","Catalyst+1","Deflect+1"],"picked":"SKIP","floor":10.0},{"not_picked":["Leg Sweep+1","Crippling Poison+1","Slice"],"picked":"SKIP","floor":11.0},{"not_picked":["Sucker Punch","Poisoned Stab"],"picked":"Accuracy","floor":12.0}],"player_experience":555835,"relics_obtained":[{"floor":7.0,"key":"Matryoshka"},{"floor":8.0,"key":"Blue Candle"},{"floor":9.0,"key":"Ornamental Fan"},{"floor":9.0,"key":"Bottled Flame"},{"floor":11.0,"key":"Bottled Tornado"}],"event_choices":[{"cards_removed":["Pain"],"damage_healed":0.0,"max_hp_gain":0.0,"max_hp_loss":0.0,"gold_gain":0.0,"event_name":"Fountain of Cleansing","player_choice":"Removed Curses","floor":2.0,"gold_loss":0.0,"damage_taken":0.0},{"damage_healed":0.0,"max_hp_gain":0.0,"max_hp_loss":0.0,"gold_gain":0.0,"event_name":"Liars Game","player_choice":"Ignored","floor":5.0,"gold_loss":0.0,"damage_taken":0.0},{"damage_healed":0,"gold_gain":0,"player_choice":"Fled","damage_taken":0,"max_hp_gain":0,"max_hp_loss":0,"event_name":"Scrap Ooze","floor":14,"gold_loss":0}],"is_beta":false,"boss_relics":[],"items_purged_floors":[4],"is_endless":false,"potions_floor_spawned":[1,11,12],"killed_by":"Slime Boss","ascension_level":20}}