{"host":"nlbr7nnijupf3yfg","time":1613276215,"event":{"mods":["AchievementEnabler","BaseMod","BetterRewards","Colored Powertips","DeckTracker","Downfall","Hermit","Hubris","Infinite Spire","Minty Spire (QoL Compilation)","Quick Restart","Replay The Spire","StSLib","SuperFastMode"],"gold_per_floor":[113,113,130,140,31,31,31,44,115,115,147,157,157,2,2,2,2],"floor_reached":16,"language":"ENG","playtime":231,"items_purged":["Strike_R"],"score":150,"play_id":"a2afd4a9-84cb-4a97-b582-8756a6acf3a7","local_time":"20210213231655","is_ascension_mode":true,"campfire_choices":[{"floor":6,"key":"REST"},{"data":"Replay:Undeath\u0027s Touch","floor":10,"key":"SMITH"},{"floor":13,"key":"REST"},{"floor":15,"key":"REST"}],"circlet_count":0,"master_deck":["AscendersBane","Strike_R","Strike_R","Strike_R","Strike_R","Defend_R","Defend_R","Defend_R","Defend_R","Bash","Headbutt","Replay:Undeath\u0027s Touch+1","Blood for Blood","Combust","Replay:Undeath\u0027s Touch+1","Cleave","Uppercut"],"relics":["Burning Blood","hubris:OldNail","hubris:DeckOfHolding","hubris:TenFootPole","Strange Spoon"],"acts_visited":["Exordium"],"potions_floor_usage":[12,16],"damage_taken":[{"damage":12,"enemies":"Jaw Worm","floor":1,"turns":3},{"damage":16,"enemies":"Cultist","floor":3,"turns":4},{"damage":12,"enemies":"Small Slimes","floor":4,"turns":4},{"damage":13,"enemies":"Red Slaver","floor":8,"turns":3},{"damage":24,"enemies":"Lagavulin","floor":11,"turns":5},{"damage":39,"enemies":"Exordium Thugs","floor":12,"turns":4},{"damage":69,"enemies":"Hexaghost","floor":16,"turns":7}],"seed_played":"-3199636802404727852","potions_obtained":[{"floor":1,"key":"BlessingOfTheForge"},{"floor":4,"key":"SteroidPotion"},{"floor":11,"key":"Weak Potion"}],"is_trial":false,"path_per_floor":["M","?","M","M","$","R","?","M","T","R","E","M","R","$","R","B"],"character_chosen":"IRONCLAD","items_purchased":["Combust","Strange Spoon"],"campfire_rested":3,"item_purchase_floors":[5,14],"current_hp_per_floor":[66,66,56,50,50,74,74,67,67,67,49,16,40,40,64,0,0],"gold":2,"neow_bonus":"","is_daily":false,"chose_seed":false,"campfire_upgraded":1,"win_rate":0.0,"timestamp":1613276215,"path_taken":["M","?","?","M","?","R","?","M","T","R","E","M","R","$","R","BOSS"],"items_purchased_type":["Card","Relic"],"build_version":"2020-12-22","purchased_purges":1,"victory":false,"max_hp_per_floor":[80,80,80,80,80,80,80,80,80,80,80,80,80,80,80,80,80],"card_choices":[{"not_picked":["ReplayTheSpireMod:Corrosion Curse","True Grit"],"picked":"Headbutt","floor":1},{"not_picked":["Reckless Charge","Shrug It Off"],"picked":"Replay:Undeath\u0027s Touch","floor":3},{"not_picked":["Anger","Iron Wave"],"picked":"Blood for Blood","floor":4},{"not_picked":["Body Slam","Clothesline"],"picked":"Replay:Undeath\u0027s Touch","floor":8},{"not_picked":["Life Link","Headbutt"],"picked":"Cleave","floor":11},{"not_picked":["Clothesline","hubris:ReadiedAction"],"picked":"Uppercut","floor":12}],"player_experience":62025,"relics_obtained":[{"floor":9,"key":"hubris:DeckOfHolding"},{"floor":11,"key":"hubris:TenFootPole"}],"event_choices":[{"damage_healed":0,"gold_gain":0,"player_choice":"0 cards matched","damage_taken":0,"max_hp_gain":0,"max_hp_loss":0,"event_name":"Match and Keep!","floor":2,"gold_loss":0,"cards_obtained":[]},{"damage_healed":0,"gold_gain":0,"player_choice":"Upgraded","damage_taken":0,"max_hp_gain":0,"max_hp_loss":0,"event_name":"Upgrade Shrine","floor":7,"gold_loss":0,"cards_upgraded":["Replay:Undeath\u0027s Touch"]}],"is_beta":false,"boss_relics":[],"items_purged_floors":[5],"is_endless":false,"potions_floor_spawned":[1,4,11],"killed_by":"Hexaghost","ascension_level":10}}