{"host":"ucgrft0m53zzt06v","time":1613307068,"event":{"mods":["BaseMod","Colored Map","Colored Powertips","Conspire","HololiveMod","KinomotoSakuraMod(木之本樱)","Lobotomy","Minty Spire (QoL Compilation)","Quick Restart","Replay The Spire","Shop Mod","Spicy Shops","StSLib","Td1madao Mod","The Senshi","Waifu the Spire","WarShipGirlsR/战舰少女R mod","【遗物卡牌】REMEMod"],"gold_per_floor":[181,356,356,23,98,117,47,66,136,136,136,136,164,187,187,261,261,273,287,197,216,227,273,273,263,263,263,284,304,42,55,55,126,126,45,45,92,117,51,51,19,73,73,104,137,63,107,141,141,187],"floor_reached":51,"language":"ZHS","playtime":4375,"items_purged":["Regret"],"score":1671,"play_id":"f00d23f7-f275-4fdb-b796-e769e1fd2196","local_time":"20210214205108","is_ascension_mode":true,"campfire_choices":[{"data":"Hololive_Rebirth","floor":10.0,"key":"SMITH"},{"floor":12.0,"key":"REST"},{"data":"Hololive_Thief","floor":15.0,"key":"SMITH"},{"data":"Hololive_StarCraft","floor":27.0,"key":"SMITH"},{"data":"Hololive_Recruit","floor":32.0,"key":"SMITH"},{"data":"Hololive_LuckPotion","floor":40.0,"key":"SMITH"},{"data":"Hololive_StarCraft","floor":49,"key":"SMITH"}],"circlet_count":0,"master_deck":["AscendersBane","Hololive_Rebirth+1","Hololive_Thief+1","Hololive_Thief+1","Hololive_LuckPotion+1","Hololive_LuckPotion","Hololive_Recruit+1","Hololive_Trident+1","Hololive_FlyingPonyTail+1","Hololive_StarCraft+1","Hololive_FlyingPonyTail+1","Madness+1","Hololive_FlyingPonyTail","Hololive_CallYuzukiChoco+1","Hololive_CallAkaiHaato+1","Hololive_CocoNews+1","Hololive_CallTsunomakiWatame+1","Hololive_CallManoAloe+1","Hololive_CallHimemoriLuna+1","Hololive_CallTsunomakiWatame","Hololive_Spy","Hololive_FlyingPonyTail+1","Hololive_StarCraft+1"],"relics":["Hololive_TheStar","Hololive_TheOnlyOne","REME_ComplimentaryCards","Ancient Tea Set","Membership Card","Replay:Wax Seal","DollysMirror","MerchantsRug","conspire:Dentures","Matryoshka","REME_ChargedStone","MutagenicStrength","Hololive_FriedShrimpLion","Hololive_LightStick","Bottled Flame","Strange Spoon","conspire:SpecialSausage","Bird Faced Urn","Blue Doll","REME_PuzzleBoxRelic","theSenshi:SailorFukuRelic","Replay:Bandana","Prayer Wheel","Letter Opener","Bronze Scales","Garlic","ReplayTheSpireMod:TigerMarble","Orrery"],"acts_visited":["Exordium","TheCity","TheBeyond"],"potions_floor_usage":[50],"damage_taken":[{"damage":0.0,"enemies":"Cultist","floor":1.0,"turns":3.0},{"damage":5.0,"enemies":"Small Slimes","floor":6.0,"turns":3.0},{"damage":0.0,"enemies":"Lagavulin","floor":7.0,"turns":6.0},{"damage":0.0,"enemies":"conspire:RoseBush","floor":8.0,"turns":2.0},{"damage":0.0,"enemies":"Blue Slaver","floor":13.0,"turns":4.0},{"damage":4.0,"enemies":"3 Louse","floor":14.0,"turns":3.0},{"damage":0.0,"enemies":"Fading Forest","floor":16.0,"turns":11.0},{"damage":0.0,"enemies":"Shell Parasite","floor":18.0,"turns":5.0},{"damage":3.0,"enemies":"Spheric Guardian","floor":19.0,"turns":3.0},{"damage":0.0,"enemies":"3 Cultists","floor":21.0,"turns":5.0},{"damage":10.0,"enemies":"Shelled Parasite and Fungi","floor":22.0,"turns":5.0},{"damage":0.0,"enemies":"conspire:Head Lice","floor":23.0,"turns":6.0},{"damage":0.0,"enemies":"Snake Plant","floor":28.0,"turns":2.0},{"damage":0.0,"enemies":"Sentry and Sphere","floor":29.0,"turns":4.0},{"damage":0.0,"enemies":"Cultist and Chosen","floor":31.0,"turns":3.0},{"damage":0.0,"enemies":"Collector","floor":33.0,"turns":5.0},{"damage":0.0,"enemies":"3 Darklings","floor":35.0,"turns":3.0},{"damage":0.0,"enemies":"2 Orb Walkers","floor":37.0,"turns":4.0},{"damage":0.0,"enemies":"Mind Bloom Boss Battle","floor":38.0,"turns":3.0},{"damage":0.0,"enemies":"R_Hoarder","floor":42.0,"turns":8.0},{"damage":0.0,"enemies":"Orb Walker","floor":44.0,"turns":2.0},{"damage":0.0,"enemies":"Sphere and 2 Shapes","floor":45.0,"turns":3.0},{"damage":0,"enemies":"3 Darklings","floor":47,"turns":3},{"damage":0,"enemies":"4 Shapes","floor":48,"turns":2},{"damage":0,"enemies":"Donu and Deca","floor":50,"turns":7}],"seed_played":"1671660221863149796","potions_obtained":[{"floor":6.0,"key":"Explosive Potion"},{"floor":7.0,"key":"SpeedPotion"},{"floor":8.0,"key":"Regen Potion"},{"floor":16.0,"key":"SpeedPotion"},{"floor":28.0,"key":"SkillPotion"},{"floor":29.0,"key":"Strength Potion"},{"floor":37.0,"key":"GamblersBrew"},{"floor":42.0,"key":"SpeedPotion"},{"floor":44.0,"key":"DuplicationPotion"}],"is_trial":false,"path_per_floor":["M","?","?","$","?","M","E","M","T","R","?","R","M","M","R_BF","B",null,"M","M","?","M","M","E","?","?","T","R","M","M","$","M","R","B",null,"M","?","?","?","$","R","$","E","T","M","M","$","M","M","R","B",null],"character_chosen":"Hololive_HololiveCharacter","items_purchased":["Membership Card","Replay:Wax Seal","DollysMirror","Potion Belt","MerchantsRug","Replay:Baseball","Hololive_LightStick","Bottled Flame","Strange Spoon","Blue Doll","Madness+1","conspire:GiftBox","REME_PuzzleBoxRelic","theSenshi:SailorFukuRelic","Replay:Bandana","ReplayTheSpireMod:TigerMarble","Orrery"],"campfire_rested":1,"item_purchase_floors":[4,4,4,4,4,30,30,30,30,39,41,41,41,41,41,46,46],"current_hp_per_floor":[27,27,27,27,16,11,11,11,11,11,5,14,30,26,26,26,29,29,26,26,26,16,16,16,16,16,16,16,16,16,16,16,28,30,30,30,30,30,30,30,30,30,30,30,30,30,30,30,30,30],"gold":187,"neow_bonus":"HUNDRED_GOLD","is_daily":false,"chose_seed":false,"campfire_upgraded":6,"win_rate":0.0,"timestamp":1613307068,"path_taken":["M","?","?","$","?","M","E","M","T","R","?","R","?","M","R_BF","BOSS","BOSS","M","M","?","?","M","E","?","?","T","R","M","M","$","M","R","BOSS","M","?","?","?","$","R","$","E","T","M","M","$","M","M","R","BOSS"],"items_purchased_type":["Relic","Relic","Relic","Relic","Relic","Relic","Relic","Relic","Relic","Relic","Card","Relic","Relic","Relic","Relic","Relic","Relic"],"build_version":"2020-12-22","purchased_purges":1,"victory":true,"max_hp_per_floor":[30,30,30,30,30,30,30,30,30,30,30,30,30,30,30,30,30,30,30,30,30,30,30,30,30,30,30,30,30,30,30,30,30,30,30,30,30,30,30,30,30,30,30,30,30,30,30,30,30,30],"card_choices":[{"not_picked":["Hololive_Drill","Hololive_Sequa","Hololive_Trident"],"picked":"Hololive_Thief","floor":1.0},{"not_picked":["Hololive_RevenueBasedLive","Hololive_OvertimeWork","Hololive_DevilCharm","Hololive_CallShirakamiFubuki"],"picked":"SKIP","floor":6.0},{"not_picked":["Hololive_Yoholoon","Hololive_CallTsunomakiWatame","Hololive_DiamondStrike"],"picked":"Hololive_LuckPotion","floor":7.0},{"not_picked":["Hololive_CallTokoyamiTowa","Hololive_Sequa","Hololive_Breathe"],"picked":"Hololive_CallSpadeEcho","floor":8.0},{"not_picked":["Hololive_Drill","Hololive_Rebound","Hololive_HighAtkLowDef"],"picked":"Hololive_LuckPotion","floor":13.0},{"not_picked":["Hololive_Sequa","Hololive_RevenueBasedLive","Hololive_DevilCharm"],"picked":"Hololive_CallTsunomakiWatame","floor":14.0},{"not_picked":["Hololive_AWSL","Hololive_FlareMind","Hololive_Thief"],"picked":"Hololive_Recruit","floor":16.0},{"not_picked":["Hololive_CallOzoraSubaru","Hololive_Rebound","Hololive_CallYozoraMel"],"picked":"Hololive_Trident+1","floor":18.0},{"not_picked":["Hololive_Drill","Hololive_StrengthChampion+1","Hololive_Spy"],"picked":"Hololive_CallOmaruPolka","floor":19.0},{"not_picked":["Hololive_CallOzoraSubaru","Hololive_HuntDinosaur","Hololive_OvertimeWork"],"picked":"Hololive_FlyingPonyTail+1","floor":21.0},{"not_picked":["Hololive_RevenueBasedLive","Hololive_ManjiGathering","Hololive_CocoNews","Hololive_DDD"],"picked":"SKIP","floor":22.0},{"not_picked":["Hololive_CallUsadaPekora","Hololive_CallTokoyamiTowa","Hololive_OpenUp","Hololive_StrengthChampion"],"picked":"SKIP","floor":23.0},{"not_picked":[],"picked":"Hololive_StarCraft","floor":25.0},{"not_picked":["Hololive_CallShirakamiFubuki","Hololive_Sequa","Hololive_CocoNews","Hololive_HuntDinosaur"],"picked":"SKIP","floor":28.0},{"not_picked":["Hololive_ILoveYou","Hololive_CallRosalyn","Hololive_Sequa","Hololive_CocoNews"],"picked":"SKIP","floor":29.0},{"not_picked":["Hololive_CallShiroganeNoel","Hololive_Nanodesu","Hololive_CallSpadeEcho","Hololive_CocoNews"],"picked":"SKIP","floor":31.0},{"not_picked":["Hololive_Nanodesu","Hololive_AWSL","Hololive_BeCareful"],"picked":"Hololive_DurableLive","floor":33.0},{"not_picked":["Hololive_CallShishiroBotan","Hololive_Sequa","Hololive_HuntDinosaur"],"picked":"Hololive_FlyingPonyTail+1","floor":35.0},{"not_picked":["Hololive_Psychosis","Hololive_HuntDinosaur","Hololive_ILoveYou","Hololive_Trident+1"],"picked":"SKIP","floor":42.0},{"not_picked":["Hololive_OvertimeWork","Hololive_CallOzoraSubaru","Hololive_CallOkamiMio"],"picked":"Hololive_FlyingPonyTail","floor":44.0},{"not_picked":["Hololive_CallShishiroBotan","Hololive_Psychosis","Hololive_LuckPotion","Hololive_CallCivia"],"picked":"SKIP","floor":44.0},{"not_picked":["Hololive_CallInugamiKorone","Hololive_OvertimeWork","Hololive_CallOkamiMio"],"picked":"Hololive_CallYuzukiChoco+1","floor":45.0},{"not_picked":["Hololive_CallYukihanaLamy","Hololive_Drill","Hololive_CallTokoyamiTowa","Hololive_RevenueBasedLive"],"picked":"SKIP","floor":45.0},{"not_picked":["Hololive_OpenUp","Hololive_DDD","Hololive_CallAmaneKanata"],"picked":"Hololive_CallAkaiHaato+1","floor":46},{"not_picked":["Hololive_Breathe","Hololive_LuckPotion","Hololive_RevenueBasedLive+1"],"picked":"Hololive_CocoNews+1","floor":46},{"not_picked":["Hololive_SoulCatcher","Hololive_CallMomosuzuNene+1","Hololive_CallSpadeEcho"],"picked":"Hololive_CallTsunomakiWatame+1","floor":46},{"not_picked":["Hololive_Drill","Hololive_CocoNews","Hololive_Sequa"],"picked":"Hololive_CallManoAloe+1","floor":46},{"not_picked":["Hololive_OvertimeWork+1","Hololive_CandyCastle","Hololive_StrengthChampion+1"],"picked":"Hololive_CallHimemoriLuna+1","floor":46},{"not_picked":["Hololive_OvertimeWork","Hololive_Drill","Hololive_CallCivia"],"picked":"Hololive_CallTsunomakiWatame","floor":47},{"not_picked":["Hololive_FlyingPonyTail","Hololive_Trident","Hololive_CocoNews"],"picked":"Hololive_Spy","floor":47},{"not_picked":["Hololive_HuntDinosaur","Hololive_CocoNews","Hololive_LuckPotion"],"picked":"Hololive_FlyingPonyTail+1","floor":48},{"not_picked":["Hololive_Sequa","Hololive_CallNakiriAyame","Hololive_CocoNews"],"picked":"Hololive_StarCraft","floor":48}],"player_experience":247358,"relics_obtained":[{"floor":7.0,"key":"conspire:Dentures"},{"floor":9.0,"key":"Matryoshka"},{"floor":23.0,"key":"conspire:TopHat"},{"floor":26.0,"key":"Vajra"},{"floor":26.0,"key":"Hololive_FriedShrimpLion"},{"floor":37.0,"key":"Bird Faced Urn"},{"floor":38.0,"key":"StoneCalendar"},{"floor":42.0,"key":"Letter Opener"},{"floor":43.0,"key":"Bronze Scales"},{"floor":43.0,"key":"Garlic"}],"event_choices":[{"damage_healed":0.0,"max_hp_gain":0.0,"max_hp_loss":0.0,"gold_gain":175.0,"event_name":"Liars Game","player_choice":"AGREE","floor":2.0,"gold_loss":0.0,"damage_taken":0.0,"cards_obtained":["Doubt"]},{"damage_healed":0.0,"max_hp_gain":0.0,"max_hp_loss":0.0,"gold_gain":0.0,"event_name":"Big Fish","player_choice":"Box","floor":3.0,"gold_loss":0.0,"damage_taken":0.0,"relics_obtained":["Ancient Tea Set"],"cards_obtained":["Regret"]},{"damage_healed":0.0,"max_hp_gain":0.0,"max_hp_loss":0.0,"gold_gain":75.0,"event_name":"World of Goop","player_choice":"Gather Gold","floor":5.0,"gold_loss":0.0,"damage_taken":11.0},{"damage_healed":0.0,"max_hp_gain":0.0,"max_hp_loss":0.0,"gold_gain":0.0,"event_name":"Shining Light","player_choice":"Entered Light","floor":11.0,"gold_loss":0.0,"damage_taken":6.0,"cards_upgraded":["Hololive_Thief","Hololive_CallYozoraMel"]},{"cards_removed":["Doubt"],"damage_healed":0.0,"max_hp_gain":0.0,"max_hp_loss":0.0,"gold_gain":0.0,"event_name":"Designer","player_choice":"Upgrade and Remove","floor":20.0,"gold_loss":90.0,"damage_taken":0.0,"cards_upgraded":["Hololive_CallOmaruPolka"]},{"damage_healed":0.0,"max_hp_gain":0.0,"max_hp_loss":0.0,"gold_gain":0.0,"event_name":"Drug Dealer","player_choice":"Inject Mutagens","floor":24.0,"gold_loss":0.0,"damage_taken":0.0,"relics_obtained":["MutagenicStrength"]},{"cards_removed":["Hololive_DurableLive"],"damage_healed":0.0,"max_hp_gain":0.0,"max_hp_loss":0.0,"gold_gain":0.0,"event_name":"Falling","player_choice":"Removed Skill","floor":36.0,"gold_loss":0.0,"damage_taken":0.0},{"damage_healed":0.0,"max_hp_gain":0.0,"max_hp_loss":0.0,"gold_gain":0.0,"event_name":"Mysterious Sphere","player_choice":"Fight","floor":37.0,"gold_loss":0.0,"damage_taken":0.0},{"damage_healed":0.0,"max_hp_gain":0.0,"max_hp_loss":0.0,"gold_gain":0.0,"event_name":"MindBloom","player_choice":"Fight","floor":38.0,"gold_loss":0.0,"damage_taken":0.0}],"is_beta":false,"boss_relics":[{"not_picked":["Hololive_Finger","Sozu"],"picked":"REME_ChargedStone"},{"not_picked":["ChewingGum","Kintsugi"],"picked":"conspire:SpecialSausage"}],"items_purged_floors":[4],"is_endless":false,"potions_floor_spawned":[6,7,8,16,22,28,29,37,38,42,44],"ascension_level":14}}