{"host":"hrvs05np4ys7itky","time":1613270565,"event":{"mods":["BaseMod","Colored Map","Colored Powertips","Downfall","Emptier Cage","Hermit","Highlight Path","Minty Spire (QoL Compilation)","Permanent Neow","Rare Cards Sparkle","Relic Stats","Replay The Spire","StSLib","everything is the same but u backflip on backflip"],"gold_per_floor":[110,126,126,137,212,243,243,256,335,360,374,11,25,25,25,121,121,135,155,155,170,85,85,97,97,97,97,112,6,16,16,16,111,111,121,139,59,79,133,160,174,188,188,188,205,205,205],"floor_reached":46,"language":"ENG","playtime":3951,"items_purged":["Strike_R","Defend_R"],"score":516,"play_id":"c011a45c-8c18-4c9d-a8b7-955473cb1c31","local_time":"20210213214245","is_ascension_mode":false,"campfire_choices":[{"data":"Shockwave","floor":7,"key":"SMITH"},{"data":"Brutality","floor":23,"key":"SMITH"},{"data":"ReplayTheSpireMod:Limb From Limb","floor":25,"key":"SMITH"},{"data":"Languid","floor":32,"key":"PURGE"},{"data":"Berserk","floor":44,"key":"SMITH"}],"circlet_count":0,"master_deck":["Strike_R+1","Defend_R+1","Defend_R","Bash","Rupture+1","Flame Barrier","Infernal Blade","Shrug It Off","Shockwave+1","Sword Boomerang","Dark Embrace","Fire Breathing","Uppercut","Metallicize","Brutality+1","CurseOfTheBell","Power Through+1","True Grit+1","Pot Of Greed","Pot Of Greed","ReplayTheSpireMod:Limb From Limb+1","Pot Of Greed","Fiend Fire","Intimidate+1","Feel No Pain","True Grit","Armaments","Havoc","Feed","Feel No Pain+1","True Grit+1","Clothesline+1","Berserk+1","Metallicize+1","Pot Of Greed"],"relics":["Burning Blood","King of Hearts","Replay:PocketPolymizer","The Courier","Lantern","Oddly Smooth Stone","Art of War","Calling Bell","Simple Rune","Ginger","Iron Hammer","ReplayTheSpireMod:Ring of Collecting","ReplayTheSpireMod:Ring of Addiction","SacredBark","Toy Ornithopter","Grinning Jar","Ring of Fury","ReplayTheSpireMod:Ninjato","Snecko Eye","Durian","Calipers","Ring of Peace","Snack Pack"],"acts_visited":["Exordium","TheCity","TheBeyond"],"potions_floor_usage":[6,13,30,30,33,39,40,45],"damage_taken":[{"damage":0,"enemies":"Small Slimes","floor":1,"turns":3},{"damage":1,"enemies":"Cultist","floor":2,"turns":4},{"damage":0,"enemies":"2 Louse","floor":4,"turns":3},{"damage":21,"enemies":"Gremlin Nob","floor":6,"turns":6},{"damage":13,"enemies":"Exordium Thugs","floor":8,"turns":6},{"damage":30,"enemies":"Lagavulin","floor":10,"turns":10},{"damage":7,"enemies":"Blue Slaver","floor":11,"turns":3},{"damage":8,"enemies":"Large Slime","floor":13,"turns":7},{"damage":34,"enemies":"Fading Forest","floor":16,"turns":11},{"damage":5,"enemies":"Shell Parasite","floor":18,"turns":7},{"damage":2,"enemies":"3 Byrds","floor":19,"turns":5},{"damage":15,"enemies":"Cultist and Chosen","floor":21,"turns":8},{"damage":24,"enemies":"Sentry and Sphere","floor":24,"turns":9},{"damage":3,"enemies":"Centurion and Healer","floor":28,"turns":4},{"damage":2,"enemies":"Snake Plant","floor":30,"turns":3},{"damage":28,"enemies":"Collector","floor":33,"turns":8},{"damage":4,"enemies":"Orb Walker","floor":35,"turns":3},{"damage":14,"enemies":"3 Shapes","floor":36,"turns":10},{"damage":7,"enemies":"Jaw Worm Horde","floor":38,"turns":5},{"damage":0,"enemies":"2 Orb Walkers","floor":39,"turns":1},{"damage":8,"enemies":"R_Hoarder","floor":40,"turns":5},{"damage":2,"enemies":"4 Shapes","floor":41,"turns":5},{"damage":1,"enemies":"Maw","floor":42,"turns":4},{"damage":1,"enemies":"Jaw Worm Horde","floor":45,"turns":4},{"damage":0,"enemies":"Giant Head","floor":46,"turns":8}],"seed_played":"1628329517086333760","potions_obtained":[{"floor":1,"key":"Weak Potion"},{"floor":4,"key":"Milkshake"},{"floor":10,"key":"Adrenaline Potion"},{"floor":16,"key":"Block Potion"},{"floor":20,"key":"LiquidMemories"},{"floor":20,"key":"Dexterity Potion"},{"floor":35,"key":"PowerPotion"},{"floor":39,"key":"Languid Potion"},{"floor":40,"key":"sneckomod:MuddlingPotion"},{"floor":41,"key":"Flashbang"}],"is_trial":false,"path_per_floor":["M","M","?","M","?","E","R","M","T","E","M","$","M","?","R_BF","B",null,"M","M","?","M","?","R","M","R","T","?","M","$","M","$","R_BF","B",null,"M","M","$","M","?","E","M","M","T","R","M","E"],"character_chosen":"IRONCLAD","items_purchased":["Fire Breathing","Oddly Smooth Stone","Art of War","Feel No Pain","True Grit"],"campfire_rested":0,"item_purchase_floors":[12,12,12,29,29],"current_hp_per_floor":[80,80,80,80,72,57,57,50,50,26,25,25,23,15,39,21,80,80,80,80,71,71,71,53,53,53,53,56,56,70,70,70,53,74,74,69,69,71,87,85,91,91,91,89,92,92,92],"gold":205,"neow_bonus":"RANDOM_COMMON_RELIC","is_daily":false,"chose_seed":false,"campfire_upgraded":4,"win_rate":0.0,"timestamp":1613270565,"path_taken":["M","M","?","M","?","E","R","?","T","E","M","?","M","?","R_BF","BOSS","M","M","?","M","?","R","M","R","T","?","M","?","?","$","R_BF","BOSS","M","M","$","M","?","E","M","M","T","R","M","E"],"items_purchased_type":["Card","Relic","Relic","Card","Card"],"build_version":"2020-12-22","purchased_purges":2,"victory":false,"max_hp_per_floor":[80,80,80,80,80,80,80,80,80,80,80,80,80,80,80,80,80,80,80,80,80,80,80,78,78,78,76,76,76,74,74,74,74,74,74,77,75,78,87,87,91,91,91,89,92,92,92],"relic_stats":{"counters":[25,142],"Snecko Eye":[95,104,86,115],"Art of War":[24],"Ginger":[23],"obtain_stats":[{"Lantern":10,"Replay:PocketPolymizer":6,"ReplayTheSpireMod:Ninjato":26,"Calipers":40,"ReplayTheSpireMod:Ring of Addiction":20,"SacredBark":20,"Oddly Smooth Stone":12,"King of Hearts":0,"The Courier":9,"Ginger":17,"Burning Blood":0,"Calling Bell":17,"ReplayTheSpireMod:Ring of Collecting":20,"Ring of Peace":43,"Snecko Eye":34,"Simple Rune":17,"Ring of Fury":26,"Iron Hammer":17,"Art of War":12,"Durian":39,"Snack Pack":43,"Grinning Jar":22,"Toy Ornithopter":20},{"Lantern":6,"Replay:PocketPolymizer":4,"ReplayTheSpireMod:Ninjato":13,"Calipers":21,"ReplayTheSpireMod:Ring of Addiction":11,"SacredBark":11,"Oddly Smooth Stone":7,"King of Hearts":0,"The Courier":5,"Ginger":9,"Burning Blood":0,"Calling Bell":9,"ReplayTheSpireMod:Ring of Collecting":11,"Ring of Peace":23,"Snecko Eye":16,"Simple Rune":9,"Ring of Fury":13,"Iron Hammer":9,"Art of War":7,"Durian":20,"Snack Pack":23,"Grinning Jar":12,"Toy Ornithopter":11},{"Lantern":32,"Replay:PocketPolymizer":16,"ReplayTheSpireMod:Ninjato":82,"Calipers":121,"ReplayTheSpireMod:Ring of Addiction":65,"SacredBark":65,"Oddly Smooth Stone":35,"King of Hearts":0,"The Courier":22,"Ginger":53,"Burning Blood":0,"Calling Bell":53,"ReplayTheSpireMod:Ring of Collecting":65,"Ring of Peace":130,"Snecko Eye":97,"Simple Rune":53,"Ring of Fury":82,"Iron Hammer":53,"Art of War":35,"Durian":116,"Snack Pack":130,"Grinning Jar":73,"Toy Ornithopter":65}],"Burning Blood":104,"Toy Ornithopter":20},"card_choices":[{"not_picked":["Burning Pact","Iron Wave"],"picked":"Rupture","floor":1},{"not_picked":["Warcry","Body Slam"],"picked":"Flame Barrier","floor":2},{"not_picked":["Sentinel","Rupture"],"picked":"Infernal Blade","floor":4},{"not_picked":["Hemogenesis","Clash"],"picked":"Shrug It Off","floor":6},{"not_picked":["ReplayReversal","Dual Wield"],"picked":"Sword Boomerang","floor":8},{"not_picked":["Sever Soul","Rampage"],"picked":"Dark Embrace","floor":10},{"not_picked":["Headbutt","Warcry","Clash"],"picked":"SKIP","floor":11},{"not_picked":["Dropkick","Sword Boomerang"],"picked":"Uppercut","floor":13},{"not_picked":["Hemogenesis","Bludgeon"],"picked":"Brutality","floor":16},{"not_picked":["Replay:Undeath\u0027s Touch","Perfected Strike+1","Flex"],"picked":"SKIP","floor":18},{"not_picked":["Headbutt+1","Pommel Strike+1"],"picked":"Power Through+1","floor":19},{"not_picked":["Anger","Iron Wave"],"picked":"True Grit+1","floor":21},{"not_picked":["Pommel Strike+1","Fiend Fire"],"picked":"ReplayTheSpireMod:Limb From Limb","floor":24},{"not_picked":["Replay:Undeath\u0027s Touch","Heavy Blade+1"],"picked":"Intimidate+1","floor":28},{"not_picked":["Clothesline+1","Flame Barrier"],"picked":"Armaments","floor":30},{"not_picked":["Eclipse","Barricade"],"picked":"Feed","floor":33},{"not_picked":["Replay:Undeath\u0027s Touch","Seeing Red"],"picked":"Feel No Pain+1","floor":35},{"not_picked":["Cleave","Carnage"],"picked":"True Grit+1","floor":36},{"not_picked":["Headbutt+1","Clothesline+1","ReplayTheSpireMod:Strike From Hell+1"],"picked":"SKIP","floor":38},{"not_picked":["Hemokinesis+1","Second Wind+1"],"picked":"Clothesline+1","floor":39},{"not_picked":["Inflame","Abandon","Flex+1"],"picked":"SKIP","floor":40},{"not_picked":["Anger+1","Life Link+1","Feel No Pain"],"picked":"SKIP","floor":41},{"not_picked":["Iron Wave+1","Havoc"],"picked":"Berserk","floor":42},{"not_picked":["Flex","Second Wind"],"picked":"Metallicize+1","floor":45}],"player_experience":1073389,"relics_obtained":[{"floor":6,"key":"Replay:PocketPolymizer"},{"floor":9,"key":"The Courier"},{"floor":10,"key":"Lantern"},{"floor":17,"key":"Simple Rune"},{"floor":17,"key":"Ginger"},{"floor":17,"key":"Iron Hammer"},{"floor":20,"key":"ReplayTheSpireMod:Ring of Collecting"},{"floor":20,"key":"ReplayTheSpireMod:Ring of Addiction"},{"floor":20,"key":"SacredBark"},{"floor":20,"key":"Toy Ornithopter"},{"floor":26,"key":"Ring of Fury"},{"floor":26,"key":"ReplayTheSpireMod:Ninjato"},{"floor":39,"key":"Durian"},{"floor":40,"key":"Calipers"},{"floor":43,"key":"Ring of Peace"},{"floor":43,"key":"Snack Pack"}],"event_choices":[{"damage_healed":0,"gold_gain":0,"player_choice":"Ignored","damage_taken":0,"max_hp_gain":0,"max_hp_loss":0,"event_name":"Liars Game","floor":3,"gold_loss":0},{"damage_healed":0,"gold_gain":75,"player_choice":"Touch","damage_taken":8,"max_hp_gain":0,"max_hp_loss":0,"event_name":"FaceTrader","floor":5,"gold_loss":0},{"damage_healed":0,"gold_gain":0,"player_choice":"Damaged","damage_taken":8,"max_hp_gain":0,"max_hp_loss":0,"event_name":"Wheel of Change","floor":14,"gold_loss":0},{"damage_healed":0,"gold_gain":0,"player_choice":"Obtained Relic","damage_taken":0,"relics_obtained":["Grinning Jar"],"max_hp_gain":0,"max_hp_loss":0,"event_name":"Addict","floor":22,"gold_loss":85},{"damage_healed":0,"gold_gain":0,"player_choice":"Fight","damage_taken":0,"max_hp_gain":0,"max_hp_loss":0,"event_name":"Mysterious Sphere","floor":39,"gold_loss":0}],"is_beta":false,"boss_relics":[{"not_picked":["Replay:Bronze Core","Honey Jar"],"picked":"Calling Bell"},{"not_picked":["Fusion Hammer","Philosopher\u0027s Stone"],"picked":"Snecko Eye"}],"items_purged_floors":[12,37],"is_endless":false,"potions_floor_spawned":[1,4,10,16,24,28,35,39,40,41],"killed_by":"Giant Head","ascension_level":0}}