{"host":"6152go0anyt7mc9e","time":1613288194,"event":{"mods":["BaseMod","Colored Map","Minty Spire (QoL Compilation)","StSLib"],"gold_per_floor":[144,189,189,189,189,189,279,324,324,369,414,459,459,549,549,849,849,894,423,468,513,558,648,648,448,498,543,633,678,678,723,723,1023,1023,1068,755,845,520,565,655,700,790,865,865,865,865,955,1000,1000,1000],"floor_reached":51,"language":"ZHT","playtime":2241,"items_purged":["Ball Lightning","Capacitor+1","Dodge and Roll"],"score":939,"play_id":"3e0e2b66-baf8-4d6d-9645-69a4c849b6c8","local_time":"20210214153634","daily_mods":["Draft","Diverse","Midas"],"is_ascension_mode":false,"campfire_choices":[{"floor":6.0,"key":"REST"},{"floor":15.0,"key":"REST"},{"floor":24.0,"key":"REST"},{"floor":32.0,"key":"REST"},{"floor":44,"key":"REST"},{"floor":46,"key":"REST"},{"floor":49,"key":"REST"}],"circlet_count":0,"master_deck":["Consecrate","Conserve Battery","Cold Snap","CrushJoints","BattleHymn","Leap","Escape Plan+1","Thunderclap","SashWhip","Conclude","BootSequence","Demon Form+1","Apotheosis","Dagger Spray+1","BattleHymn+1","Sword Boomerang+1","Establishment"],"relics":["Burning Blood","Red Skull","Pear","Bottled Tornado","Empty Cage","Membership Card","Anchor","Shuriken","Art of War","TungstenRod","Orichalcum","Matryoshka","MutagenicStrength","Velvet Choker","Self Forming Clay","Paper Frog","Thread and Needle","Singing Bowl","White Beast Statue","Sling","Centennial Puzzle","Smiling Mask","Omamori","Frozen Egg 2","Sundial"],"acts_visited":["Exordium","TheCity","TheBeyond"],"potions_floor_usage":[50,50],"damage_taken":[{"damage":5.0,"enemies":"Jaw Worm","floor":1.0,"turns":3.0},{"damage":0.0,"enemies":"Cultist","floor":2.0,"turns":3.0},{"damage":4.0,"enemies":"Lagavulin","floor":7.0,"turns":6.0},{"damage":0.0,"enemies":"2 Louse","floor":8.0,"turns":2.0},{"damage":0.0,"enemies":"Red Slaver","floor":10.0,"turns":3.0},{"damage":0.0,"enemies":"Large Slime","floor":11.0,"turns":5.0},{"damage":3.0,"enemies":"Exordium Wildlife","floor":12.0,"turns":3.0},{"damage":0.0,"enemies":"3 Sentries","floor":14.0,"turns":3.0},{"damage":33.0,"enemies":"Hexaghost","floor":16.0,"turns":8.0},{"damage":22.0,"enemies":"2 Thieves","floor":18.0,"turns":4.0},{"damage":8.0,"enemies":"3 Byrds","floor":20.0,"turns":4.0},{"damage":0.0,"enemies":"Cultist and Chosen","floor":21.0,"turns":4.0},{"damage":18.0,"enemies":"Shelled Parasite and Fungi","floor":22.0,"turns":4.0},{"damage":39.0,"enemies":"Book of Stabbing","floor":23.0,"turns":5.0},{"damage":0.0,"enemies":"Centurion and Healer","floor":27.0,"turns":5.0},{"damage":36.0,"enemies":"Slavers","floor":28.0,"turns":5.0},{"damage":4.0,"enemies":"Snecko","floor":29.0,"turns":4.0},{"damage":18.0,"enemies":"Shelled Parasite and Fungi","floor":31.0,"turns":3.0},{"damage":20.0,"enemies":"Automaton","floor":33.0,"turns":7.0},{"damage":31.0,"enemies":"3 Darklings","floor":35.0,"turns":3.0},{"damage":25.0,"enemies":"2 Orb Walkers","floor":37.0,"turns":3.0},{"damage":1.0,"enemies":"Orb Walker","floor":39.0,"turns":3.0},{"damage":2.0,"enemies":"Giant Head","floor":40.0,"turns":5.0},{"damage":7,"enemies":"Writhing Mass","floor":41,"turns":5},{"damage":13,"enemies":"Reptomancer","floor":42,"turns":5},{"damage":1,"enemies":"Nemesis","floor":47,"turns":5},{"damage":8,"enemies":"4 Shapes","floor":48,"turns":4},{"damage":30,"enemies":"Donu and Deca","floor":50,"turns":6}],"seed_played":"-463004689936713651","potions_obtained":[{"floor":1.0,"key":"Ancient Potion"},{"floor":2.0,"key":"Weak Potion"},{"floor":8.0,"key":"PowerPotion"},{"floor":21.0,"key":"Energy Potion"},{"floor":28.0,"key":"LiquidBronze"},{"floor":29.0,"key":"FearPotion"},{"floor":40.0,"key":"Swift Potion"},{"floor":41,"key":"Block Potion"},{"floor":42,"key":"EssenceOfSteel"},{"floor":48,"key":"DuplicationPotion"}],"is_trial":false,"path_per_floor":["M","M","?","?","?","R","E","M","T","M","M","M","?","E","R","B",null,"M","$","M","M","M","E","R","$","T","M","E","M","?","M","R","B",null,"M","$","?","$","M","E","M","E","T","R","?","R","E","M","R","B",null],"character_chosen":"IRONCLAD","items_purchased":["Membership Card","Apotheosis","Anchor","Shuriken","TungstenRod","Self Forming Clay","Paper Frog","Singing Bowl","White Beast Statue","Sling"],"campfire_rested":7,"item_purchase_floors":[19,19,19,19,25,36,36,38,38,38],"current_hp_per_floor":[80,80,80,64,69,85,85,85,95,95,95,95,95,95,95,68,95,79,79,77,83,71,38,66,66,66,72,42,44,44,32,60,46,95,70,70,51,51,58,64,63,56,56,85,85,99,101,101,103,79],"gold":1000,"neow_bonus":"","is_daily":true,"chose_seed":false,"campfire_upgraded":0,"win_rate":0.0,"timestamp":1613288194,"path_taken":["M","M","?","?","?","R","E","M","T","M","?","?","?","E","R","BOSS","M","$","M","M","M","E","R","?","T","M","E","M","?","M","R","BOSS","M","$","?","$","M","E","M","E","T","R","?","R","E","M","R","BOSS"],"items_purchased_type":["Relic","Card","Relic","Relic","Relic","Relic","Relic","Relic","Relic","Relic"],"build_version":"2020-12-22","purchased_purges":3,"victory":true,"max_hp_per_floor":[80,80,80,80,85,85,85,85,95,95,95,95,95,95,95,95,95,95,95,95,95,95,95,95,95,95,95,95,95,95,95,95,95,95,95,95,95,95,97,99,99,99,99,99,99,99,101,103,103,103],"card_choices":[{"not_picked":["Recycle","Go for the Eyes"],"picked":"Consecrate","floor":0.0},{"not_picked":["Terror","Shrug It Off"],"picked":"Conserve Battery","floor":0.0},{"not_picked":["Accuracy","SashWhip"],"picked":"Ball Lightning","floor":0.0},{"not_picked":["WindmillStrike","Collect"],"picked":"Dodge and Roll","floor":0.0},{"not_picked":["White Noise","Calculated Gamble"],"picked":"Cold Snap","floor":0.0},{"not_picked":["Study","Acrobatics"],"picked":"Capacitor","floor":0.0},{"not_picked":["Stack","Halt"],"picked":"CrushJoints","floor":0.0},{"not_picked":["Redo","Stack"],"picked":"BattleHymn","floor":0.0},{"not_picked":["CrushJoints","Clash"],"picked":"Leap","floor":0.0},{"not_picked":["Slice","Stack"],"picked":"Escape Plan","floor":0.0},{"not_picked":["Clothesline","ForeignInfluence"],"picked":"Dodge and Roll","floor":0.0},{"not_picked":["Searing Blow","Turbo"],"picked":"Hologram","floor":0.0},{"not_picked":["Cloak And Dagger","Searing Blow"],"picked":"BowlingBash","floor":0.0},{"not_picked":["CutThroughFate","Havoc"],"picked":"Thunderclap","floor":0.0},{"not_picked":["Warcry","Reflex"],"picked":"SashWhip","floor":0.0},{"not_picked":["Outmaneuver","BowlingBash"],"picked":"Conclude","floor":1.0},{"not_picked":["BootSequence","BowlingBash","Barrage"],"picked":"SKIP","floor":2.0},{"not_picked":["BowlingBash","Barrage"],"picked":"BootSequence","floor":2.0},{"not_picked":["Recycle","Scrawl","Bouncing Flask"],"picked":"SKIP","floor":7.0},{"not_picked":["Leap","Seeing Red","Deflect"],"picked":"SKIP","floor":8.0},{"not_picked":["Blur","White Noise","InnerPeace"],"picked":"SKIP","floor":10.0},{"not_picked":["Pommel Strike","Metallicize","Ball Lightning"],"picked":"SKIP","floor":11.0},{"not_picked":["Shrug It Off","Bane","True Grit"],"picked":"SKIP","floor":12.0},{"not_picked":["Darkness","Hello World","Conclude"],"picked":"SKIP","floor":14.0},{"not_picked":["Amplify","Storm of Steel"],"picked":"Demon Form","floor":16.0},{"not_picked":["Deflect","Body Slam","Rebound"],"picked":"SKIP","floor":18.0},{"not_picked":["Capacitor+1","Underhanded Strike","Heatsinks"],"picked":"SKIP","floor":20.0},{"not_picked":["Caltrops","Crippling Poison+1","Storm"],"picked":"SKIP","floor":21.0},{"not_picked":["FollowUp","Consecrate","Blade Dance"],"picked":"SKIP","floor":22.0},{"not_picked":["WreathOfFlame","PathToVictory"],"picked":"Dagger Spray+1","floor":23.0},{"not_picked":["CarveReality+1","Uppercut","Shrug It Off"],"picked":"SKIP","floor":27.0},{"not_picked":["ConjureBlade","Rebound"],"picked":"BattleHymn+1","floor":28.0},{"not_picked":["Quick Slash","Warcry+1","Clash"],"picked":"SKIP","floor":29.0},{"not_picked":["Gash+1","Ball Lightning","Fire Breathing"],"picked":"SKIP","floor":31.0},{"not_picked":["Infinite Blades","Steam+1","Perfected Strike"],"picked":"SKIP","floor":35.0},{"not_picked":["JustLucky+1","Capacitor+1","Prepared+1"],"picked":"Singing Bowl","floor":39.0},{"not_picked":["BowlingBash+1","SandsOfTime+1","Eviscerate"],"picked":"Singing Bowl","floor":40.0},{"not_picked":["FollowUp+1","Rampage+1"],"picked":"Sword Boomerang+1","floor":41},{"not_picked":["Crescendo+1","Second Wind+1"],"picked":"Establishment","floor":42},{"not_picked":["Undo","Nirvana+1","PiercingWail"],"picked":"Singing Bowl","floor":47},{"not_picked":["Rage+1","ThirdEye+1","Bane"],"picked":"Singing Bowl","floor":48}],"player_experience":1547796,"relics_obtained":[{"floor":7.0,"key":"Red Skull"},{"floor":9.0,"key":"Pear"},{"floor":14.0,"key":"Bottled Tornado"},{"floor":23.0,"key":"Art of War"},{"floor":26.0,"key":"Orichalcum"},{"floor":28.0,"key":"Matryoshka"},{"floor":37.0,"key":"Thread and Needle"},{"floor":40.0,"key":"Centennial Puzzle"},{"floor":42,"key":"Smiling Mask"},{"floor":43,"key":"Omamori"},{"floor":43,"key":"Frozen Egg 2"},{"floor":47,"key":"Sundial"}],"event_choices":[{"damage_healed":0.0,"max_hp_gain":0.0,"max_hp_loss":0.0,"gold_gain":0.0,"event_name":"Liars Game","player_choice":"Ignored","floor":3.0,"gold_loss":0.0,"damage_taken":0.0},{"damage_healed":0.0,"max_hp_gain":0.0,"max_hp_loss":0.0,"gold_gain":0.0,"event_name":"Shining Light","player_choice":"Entered Light","floor":4.0,"gold_loss":0.0,"damage_taken":16.0,"cards_upgraded":["Capacitor","Escape Plan"]},{"damage_healed":0.0,"max_hp_gain":5.0,"max_hp_loss":0.0,"gold_gain":0.0,"event_name":"Big Fish","player_choice":"Donut","floor":5.0,"gold_loss":0.0,"damage_taken":0.0},{"cards_removed":["BowlingBash"],"damage_healed":0.0,"max_hp_gain":0.0,"max_hp_loss":0.0,"gold_gain":0.0,"event_name":"Purifier","player_choice":"Purged","floor":13.0,"gold_loss":0.0,"damage_taken":0.0},{"damage_healed":0.0,"max_hp_gain":0.0,"max_hp_loss":0.0,"gold_gain":0.0,"event_name":"Drug Dealer","player_choice":"Inject Mutagens","floor":30.0,"gold_loss":0.0,"damage_taken":0.0,"relics_obtained":["MutagenicStrength"]},{"damage_healed":0.0,"max_hp_gain":0.0,"max_hp_loss":0.0,"gold_gain":0.0,"event_name":"Mysterious Sphere","player_choice":"Fight","floor":37.0,"gold_loss":0.0,"damage_taken":0.0},{"damage_healed":0,"gold_gain":0,"player_choice":"Forge","damage_taken":0,"max_hp_gain":0,"max_hp_loss":0,"event_name":"Accursed Blacksmith","floor":45,"gold_loss":0,"cards_upgraded":["Demon Form"]}],"is_beta":false,"boss_relics":[{"not_picked":["Calling Bell","Philosopher\u0027s Stone"],"picked":"Empty Cage"},{"not_picked":["SlaversCollar","Runic Pyramid"],"picked":"Velvet Choker"}],"items_purged_floors":[19,25,36],"is_endless":false,"potions_floor_spawned":[1,2,8,14,21,28,29,31,37,39,40,41,42,47,48],"ascension_level":0}}