{"host":"130ffvgv8p5oaa45","time":1613321381,"event":{"mods":["BaseMod","Bestiary","Block Reminder","Colored Powertips","Minty Spire (QoL Compilation)","Relic Stats","Slay-I","Weighted Paths"],"gold_per_floor":[115,128,145,157,36,36,71,71,71,88,119,119,151,165,165,270,270,281,281,295,310,325,652,693,709,733,775,794,794,829,863,863,974,974,995,995,1020,1040,1078,1114,1114,1125,1148,1179,52,77,100,156,168,180,192,204,59,103,103],"floor_reached":56,"language":"DEU","playtime":6660,"items_purged":["Strike_B+1"],"score":2050,"play_id":"3fc1d349-b0ad-405b-b6f6-208e750cce86","local_time":"20210214174941","is_ascension_mode":true,"campfire_choices":[{"data":"Defragment","floor":6,"key":"SMITH"},{"floor":8,"key":"REST"},{"floor":12,"key":"DIG"},{"floor":15,"key":"DIG"},{"floor":32,"key":"DIG"},{"data":"Seek","floor":41,"key":"SMITH"},{"floor":49,"key":"RECALL"},{"floor":52,"key":"DIG"}],"circlet_count":0,"master_deck":["Strike_B+1","Strike_B+1","Strike_B+1","Defend_B+1","Defend_B+1","Defend_B+1","Defend_B+1","Dualcast","Steam","Ball Lightning","FTL","Compile Driver+1","Defragment+1","Hologram","Compile Driver","Conserve Battery","Leap","Seek+1","Streamline+1","Coolheaded+1","Cold Snap+1","Creative AI","Glacier","Coolheaded+1","Ball Lightning+1","Defragment+1","Compile Driver+1","Core Surge","Cold Snap+1","Undo","Recycle+1","Go for the Eyes+1","Beam Cell+1","Auto Shields+1","Compile Driver+1","Undo","Hologram","Glacier","Force Field+1","Defragment+1"],"relics":["Nuclear Battery","The Courier","WingedGreaves","Shovel","Cables","Bag of Preparation","Mango","Black Star","HornCleat","Old Coin","Peace Pipe","CeramicFish","Akabeko","Bag of Marbles","Thread and Needle","Art of War","Bronze Scales","Happy Flower","Prayer Wheel","Coffee Dripper","Strawberry","Darkstone Periapt","DataDisk","Membership Card","Ancient Tea Set","Bottled Flame","Pear","Dead Branch","Kunai","Anchor","Whetstone","Turnip","Orichalcum","Mummified Hand","Centennial Puzzle","MawBank","Blue Candle","Dream Catcher","Potion Belt","InkBottle","Ginger","Ornamental Fan","Oddly Smooth Stone"],"acts_visited":["Exordium","TheCity","TheBeyond","TheEnding"],"potions_floor_usage":[4,11,23,27,30,55,55,55],"damage_taken":[{"damage":9,"enemies":"Jaw Worm","floor":1,"turns":4},{"damage":1,"enemies":"2 Louse","floor":2,"turns":2},{"damage":0,"enemies":"Cultist","floor":3,"turns":2},{"damage":18,"enemies":"Exordium Thugs","floor":4,"turns":4},{"damage":19,"enemies":"Lagavulin","floor":7,"turns":5},{"damage":6,"enemies":"Looter","floor":10,"turns":2},{"damage":25,"enemies":"Gremlin Nob","floor":11,"turns":4},{"damage":32,"enemies":"Lagavulin","floor":13,"turns":5},{"damage":0,"enemies":"Lots of Slimes","floor":14,"turns":2},{"damage":30,"enemies":"Slime Boss","floor":16,"turns":7},{"damage":7,"enemies":"Chosen","floor":18,"turns":6},{"damage":0,"enemies":"2 Thieves","floor":20,"turns":2},{"damage":0,"enemies":"Sentry and Sphere","floor":21,"turns":4},{"damage":14,"enemies":"Snake Plant","floor":22,"turns":4},{"damage":0,"enemies":"Slavers","floor":23,"turns":6},{"damage":4,"enemies":"Gremlin Leader","floor":24,"turns":4},{"damage":0,"enemies":"Centurion and Healer","floor":25,"turns":8},{"damage":8,"enemies":"Slavers","floor":27,"turns":6},{"damage":6,"enemies":"Snecko","floor":28,"turns":5},{"damage":17,"enemies":"Gremlin Leader","floor":30,"turns":7},{"damage":0,"enemies":"Slavers","floor":31,"turns":6},{"damage":0,"enemies":"Champ","floor":33,"turns":13},{"damage":0,"enemies":"3 Darklings","floor":35,"turns":5},{"damage":0,"enemies":"Orb Walker","floor":37,"turns":1},{"damage":0,"enemies":"4 Shapes","floor":38,"turns":3},{"damage":0,"enemies":"Writhing Mass","floor":39,"turns":5},{"damage":0,"enemies":"Nemesis","floor":40,"turns":5},{"damage":2,"enemies":"Transient","floor":42,"turns":5},{"damage":0,"enemies":"Sphere and 2 Shapes","floor":44,"turns":7},{"damage":0,"enemies":"Reptomancer","floor":46,"turns":4},{"damage":0,"enemies":"Spire Growth","floor":47,"turns":4},{"damage":0,"enemies":"Giant Head","floor":48,"turns":5},{"damage":0,"enemies":"Time Eater","floor":50,"turns":8},{"damage":0,"enemies":"Shield and Spear","floor":54,"turns":6},{"damage":0,"enemies":"The Heart","floor":55,"turns":6}],"seed_played":"7347542506835662921","potions_obtained":[{"floor":1,"key":"Fire Potion"},{"floor":10,"key":"AttackPotion"},{"floor":11,"key":"SpeedPotion"},{"floor":16,"key":"FocusPotion"},{"floor":23,"key":"LiquidMemories"},{"floor":24,"key":"Weak Potion"},{"floor":31,"key":"Weak Potion"},{"floor":33,"key":"Ancient Potion"},{"floor":42,"key":"FearPotion"},{"floor":48,"key":"DistilledChaos"}],"is_trial":false,"path_per_floor":["M","M","M","M","$","R","E","R","T","M","E","R","E","M","R","B",null,"M","?","M","M","M","E","E","M","T","E","M","?","E","E","R","B",null,"M","?","M","M","M","E","R","M","T","M","$","E","M","E","R","B",null,"R","$","E","B",null],"character_chosen":"DEFECT","items_purchased":["Compile Driver","Defragment","Membership Card","Ancient Tea Set","Bottled Flame","Pear","Dead Branch","Kunai","Anchor","Whetstone","Turnip","Orichalcum","Mummified Hand","PotionOfCapacity","Hologram","Glacier","Centennial Puzzle","Ginger"],"campfire_rested":1,"item_purchase_floors":[5,5,45,45,45,45,45,45,45,45,45,45,45,45,45,45,45,53],"current_hp_per_floor":[66,65,65,47,47,47,28,50,50,44,54,54,22,22,36,6,89,82,82,82,82,68,68,64,64,64,56,50,50,33,33,33,33,89,89,89,89,89,89,96,96,94,94,94,104,104,104,104,104,104,106,106,106,106,106],"gold":103,"neow_bonus":"BOSS_RELIC","is_daily":false,"chose_seed":false,"campfire_upgraded":2,"win_rate":0.0,"timestamp":1613321381,"path_taken":["M","M","M","M","$","R","E","R","T","M","E","R","E","M","R","BOSS","M","?","M","M","M","E","E","M","T","E","M","?","E","E","R","BOSS","M","?","M","M","M","E","R","M","T","M","$","E","M","E","R","BOSS","R","$","E","BOSS"],"items_purchased_type":["Card","Card","Relic","Relic","Relic","Relic","Relic","Relic","Relic","Relic","Relic","Relic","Relic","Potion","Card","Card","Relic","Relic"],"build_version":"2020-12-22","purchased_purges":1,"victory":true,"max_hp_per_floor":[75,75,75,75,75,75,75,75,75,75,75,75,75,75,89,89,89,89,89,89,89,89,89,89,89,89,89,89,89,89,89,89,89,89,89,89,89,89,89,96,96,96,96,96,106,106,106,106,106,106,106,106,106,106,106],"relic_stats":{"Darkstone Periapt":0,"CeramicFish":162,"Bag of Preparation":[54],"Whetstone":["Compile Driver","Compile Driver"],"Ginger":[2],"Centennial Puzzle":[0],"Dream Catcher":0,"Shovel":4,"Mummified Hand":[59],"Prayer Wheel":7,"Kunai":[23],"InkBottle":[9],"Happy Flower":[25],"counters":[35,172],"Dead Branch":[24],"Blue Candle":[0],"Orichalcum":[12],"MawBank":84,"Cables":[158,28,52,0,78],"Peace Pipe":3,"Ornamental Fan":[28],"Bronze Scales":[264],"Turnip":[2],"Black Star":9,"Art of War":[2],"obtain_stats":[{"Darkstone Periapt":40,"CeramicFish":24,"Mango":15,"Bag of Preparation":13,"Whetstone":45,"Ginger":53,"Ancient Tea Set":45,"Old Coin":23,"Centennial Puzzle":45,"Dream Catcher":48,"Shovel":11,"HornCleat":23,"Mummified Hand":45,"Strawberry":40,"Prayer Wheel":32,"WingedGreaves":9,"Kunai":45,"Cracked Core":0,"InkBottle":52,"Potion Belt":48,"Pear":45,"Happy Flower":31,"Dead Branch":45,"Blue Candle":46,"Oddly Smooth Stone":54,"Thread and Needle":30,"The Courier":7,"Orichalcum":45,"MawBank":46,"Akabeko":27,"Nuclear Battery":0,"Cables":12,"Peace Pipe":24,"DataDisk":43,"Bottled Flame":45,"Anchor":45,"Ornamental Fan":54,"Bronze Scales":31,"Turnip":45,"Black Star":17,"Bag of Marbles":27,"Art of War":30,"Coffee Dripper":34,"Membership Card":45},{"Darkstone Periapt":27,"CeramicFish":16,"Mango":9,"Bag of Preparation":8,"Whetstone":29,"Ginger":33,"Ancient Tea Set":29,"Old Coin":15,"Centennial Puzzle":29,"Dream Catcher":32,"Shovel":7,"HornCleat":15,"Mummified Hand":29,"Strawberry":27,"Prayer Wheel":21,"WingedGreaves":5,"Kunai":29,"Cracked Core":0,"InkBottle":33,"Potion Belt":32,"Pear":29,"Happy Flower":21,"Dead Branch":29,"Blue Candle":30,"Oddly Smooth Stone":34,"Thread and Needle":20,"The Courier":5,"Orichalcum":29,"MawBank":30,"Akabeko":18,"Nuclear Battery":0,"Cables":7,"Peace Pipe":16,"DataDisk":28,"Bottled Flame":29,"Anchor":29,"Ornamental Fan":34,"Bronze Scales":21,"Turnip":29,"Black Star":10,"Bag of Marbles":18,"Art of War":20,"Coffee Dripper":22,"Membership Card":29},{"Darkstone Periapt":127,"CeramicFish":63,"Mango":30,"Bag of Preparation":28,"Whetstone":139,"Ginger":160,"Ancient Tea Set":139,"Old Coin":59,"Centennial Puzzle":139,"Dream Catcher":152,"Shovel":23,"HornCleat":59,"Mummified Hand":139,"Strawberry":127,"Prayer Wheel":95,"WingedGreaves":17,"Kunai":139,"Cracked Core":0,"InkBottle":160,"Potion Belt":152,"Pear":139,"Happy Flower":95,"Dead Branch":139,"Blue Candle":143,"Oddly Smooth Stone":166,"Thread and Needle":89,"The Courier":17,"Orichalcum":139,"MawBank":143,"Akabeko":77,"Nuclear Battery":0,"Cables":23,"Peace Pipe":63,"DataDisk":132,"Bottled Flame":139,"Anchor":139,"Ornamental Fan":166,"Bronze Scales":95,"Turnip":139,"Black Star":37,"Bag of Marbles":77,"Art of War":89,"Coffee Dripper":108,"Membership Card":139}]},"card_choices":[{"not_picked":["Reprogram","Conserve Battery"],"picked":"Sunder","floor":1},{"not_picked":["Redo","Turbo"],"picked":"Steam","floor":2},{"not_picked":["Skim","Reprogram"],"picked":"Ball Lightning","floor":3},{"not_picked":["Melter","Redo"],"picked":"FTL","floor":4},{"not_picked":["Chaos","Melter"],"picked":"Hologram","floor":7},{"not_picked":["Reprogram","Barrage"],"picked":"Compile Driver","floor":10},{"not_picked":["Hologram","Force Field","White Noise"],"picked":"SKIP","floor":11},{"not_picked":["Skim","Stack"],"picked":"Conserve Battery","floor":13},{"not_picked":["Hologram","Consume"],"picked":"Leap","floor":14},{"not_picked":["Buffer","Amplify"],"picked":"Seek","floor":16},{"not_picked":["Redo","Gash"],"picked":"Streamline+1","floor":18},{"not_picked":["Gash","Storm"],"picked":"Coolheaded+1","floor":20},{"not_picked":["Rebound","Aggregate+1","Stack"],"picked":"SKIP","floor":21},{"not_picked":["Rebound","Steam Power"],"picked":"Cold Snap+1","floor":22},{"not_picked":["Sweeping Beam","Hologram"],"picked":"Creative AI","floor":23},{"not_picked":["Hologram","Conserve Battery"],"picked":"Glacier","floor":24},{"not_picked":["Rebound","Genetic Algorithm","Barrage"],"picked":"SKIP","floor":25},{"not_picked":["Capacitor+1","Genetic Algorithm"],"picked":"Coolheaded+1","floor":27},{"not_picked":["Loop","Rebound"],"picked":"Ball Lightning+1","floor":28},{"not_picked":["FTL","Steam Power"],"picked":"Defragment+1","floor":30},{"not_picked":["Auto Shields","Barrage+1"],"picked":"Compile Driver+1","floor":31},{"not_picked":["Machine Learning","Rainbow"],"picked":"Core Surge","floor":33},{"not_picked":["Streamline","Compile Driver+1"],"picked":"Cold Snap+1","floor":35},{"not_picked":["Hologram","Darkness+1","Reprogram+1"],"picked":"SKIP","floor":35},{"not_picked":["Stack+1","Steam"],"picked":"Undo","floor":37},{"not_picked":["Rip and Tear","Force Field","Sunder"],"picked":"SKIP","floor":37},{"not_picked":["Streamline+1","Blizzard+1"],"picked":"Recycle+1","floor":38},{"not_picked":["Heatsinks","Stack","Aggregate+1"],"picked":"SKIP","floor":38},{"not_picked":["Coolheaded+1","Reboot"],"picked":"Go for the Eyes+1","floor":39},{"not_picked":["Stack+1","Gash"],"picked":"Beam Cell+1","floor":39},{"not_picked":["Steam","Hyperbeam"],"picked":"Auto Shields+1","floor":40},{"not_picked":["Go for the Eyes","Beam Cell","Tempest"],"picked":"SKIP","floor":42},{"not_picked":["Barrage","Gash+1","Conserve Battery+1"],"picked":"SKIP","floor":42},{"not_picked":["Scrape","Meteor Strike"],"picked":"Compile Driver","floor":44},{"not_picked":["Reinforced Body","Redo+1"],"picked":"Undo","floor":44},{"not_picked":["Ball Lightning","Barrage+1","Redo+1"],"picked":"SKIP","floor":46},{"not_picked":["Conserve Battery+1","Redo+1","Chaos+1"],"picked":"SKIP","floor":47},{"not_picked":["Double Energy+1","Ball Lightning+1","Leap+1"],"picked":"SKIP","floor":47},{"not_picked":["Multi-Cast","White Noise"],"picked":"Force Field+1","floor":48},{"not_picked":["Consume","Echo Form"],"picked":"Defragment+1","floor":54}],"player_experience":277525,"relics_obtained":[{"floor":7,"key":"The Courier"},{"floor":9,"key":"WingedGreaves"},{"floor":11,"key":"Shovel"},{"floor":12,"key":"Cables"},{"floor":13,"key":"Bag of Preparation"},{"floor":15,"key":"Mango"},{"floor":23,"key":"HornCleat"},{"floor":23,"key":"Old Coin"},{"floor":24,"key":"Peace Pipe"},{"floor":24,"key":"CeramicFish"},{"floor":27,"key":"Akabeko"},{"floor":27,"key":"Bag of Marbles"},{"floor":30,"key":"Thread and Needle"},{"floor":30,"key":"Art of War"},{"floor":31,"key":"Bronze Scales"},{"floor":31,"key":"Happy Flower"},{"floor":32,"key":"Prayer Wheel"},{"floor":40,"key":"Strawberry"},{"floor":40,"key":"Darkstone Periapt"},{"floor":43,"key":"DataDisk"},{"floor":46,"key":"MawBank"},{"floor":46,"key":"Blue Candle"},{"floor":48,"key":"Dream Catcher"},{"floor":48,"key":"Potion Belt"},{"floor":52,"key":"InkBottle"},{"floor":54,"key":"Ornamental Fan"},{"floor":54,"key":"Oddly Smooth Stone"}],"event_choices":[{"damage_healed":0,"gold_gain":0,"player_choice":"Simplicity","damage_taken":0,"max_hp_gain":0,"max_hp_loss":0,"event_name":"Back to Basics","floor":19,"gold_loss":0,"cards_upgraded":["Strike_B","Strike_B","Strike_B","Strike_B","Defend_B","Defend_B","Defend_B","Defend_B"]},{"cards_removed":["Zap"],"damage_healed":0,"gold_gain":0,"player_choice":"Purged","damage_taken":0,"max_hp_gain":0,"max_hp_loss":0,"event_name":"Purifier","floor":29,"gold_loss":0},{"cards_removed":["Sunder"],"damage_healed":0,"gold_gain":0,"player_choice":"Offered Uncommon","damage_taken":0,"max_hp_gain":0,"max_hp_loss":0,"event_name":"Bonfire Elementals","floor":36,"gold_loss":0}],"is_beta":false,"boss_relics":[{"not_picked":["SacredBark","Busted Crown"],"picked":"Black Star"},{"not_picked":["Calling Bell","Velvet Choker"],"picked":"Coffee Dripper"}],"items_purged_floors":[53],"is_endless":false,"potions_floor_spawned":[1,10,11,16,23,24,25,31,33,39,42,46,48],"ascension_level":3}}