{"host":"dn2xyj3kd3d9cfyb","time":1613307526,"event":{"mods":["BaseMod","Conspire","Hero for Fun","Hubris","Marisa£®ÏF”Í°°ƒß¿Ì…≥£©","Minty Spire (QoL Compilation)","Reimu£®≤©¿ˆ¡È√Œ£©","Remilia£®¿Ÿ√◊¿Ú—«£©","Replay The Spire","Shop Mod","StSLib","The Administrix","The Animator","The Construct","The Cursed","The Mystic","Youmu£®ªÍ∆«—˝√Œ£©","Yuri Mod","Yuyuko"],"gold_per_floor":[115,135,135,145,145,172,172,247,247,217,73,73,73],"floor_reached":12,"language":"ZHS","playtime":667,"items_purged":["Strike_Lin:ReiMu"],"score":76,"play_id":"060a9524-3cda-43bc-92dc-969aed1287fd","local_time":"20210214205846","is_ascension_mode":false,"campfire_choices":[{"data":"MikOfLucky:ReiMu","floor":7,"key":"SMITH"}],"circlet_count":0,"master_deck":["Strike_Lin:ReiMu","Strike_Lin:ReiMu","Strike_Lin:ReiMu","Defend_Lin:ReiMu","Defend_Lin:ReiMu","Defend_Lin:ReiMu","NB:ReiMu","Stagnation:ReiMu","MikOfLucky:ReiMu+1","MountainWay:ReiMu","PhosphorusFlame:ReiMu","Meditation:ReiMu","OrbThrow:ReiMu","YinYangSange:ReiMu"],"relics":["FlyPower:ReiMu","NeowsBlessing","Pear","conspire:BottledYoYo"],"acts_visited":["Exordium"],"potions_floor_usage":[12],"damage_taken":[{"damage":0,"enemies":"Jaw Worm","floor":1,"turns":1},{"damage":5,"enemies":"Small Slimes","floor":2,"turns":5},{"damage":0,"enemies":"Cultist","floor":4,"turns":1},{"damage":10,"enemies":"Lagavulin","floor":6,"turns":15},{"damage":0,"enemies":"Looter","floor":10,"turns":4},{"damage":51,"enemies":"3 Sentries","floor":12,"turns":8}],"seed_played":"-1683160360662848106","potions_obtained":[{"floor":1,"key":"ColorlessPotion"}],"is_trial":false,"path_per_floor":["M","M","?","M","?","E","R","?","T","M","$","E"],"character_chosen":"REIMU","items_purchased":["YinYangSange:ReiMu"],"campfire_rested":0,"item_purchase_floors":[11],"current_hp_per_floor":[65,60,60,60,60,60,60,49,49,49,49,0,0],"gold":73,"neow_bonus":"THREE_ENEMY_KILL","is_daily":false,"chose_seed":false,"campfire_upgraded":1,"win_rate":0.0,"timestamp":1613307526,"path_taken":["M","M","?","M","?","E","R","?","T","?","?","E"],"items_purchased_type":["Card"],"build_version":"2020-12-22","purchased_purges":1,"victory":false,"max_hp_per_floor":[65,65,65,65,65,75,75,75,75,75,75,75,75],"card_choices":[{"not_picked":["AlertArray:ReiMu","Intuition:ReiMu"],"picked":"MikOfLucky:ReiMu","floor":1},{"not_picked":["AlertArray:ReiMu","DoubleButterfly:ReiMu"],"picked":"MountainWay:ReiMu","floor":2},{"not_picked":["SpringWay:ReiMu","AlertArray:ReiMu"],"picked":"PhosphorusFlame:ReiMu","floor":4},{"not_picked":["Shading:ReiMu","FoulBorder2:ReiMu"],"picked":"Meditation:ReiMu","floor":6},{"not_picked":["WonderfulDomain:ReiMu","SafetyPray:ReiMu"],"picked":"OrbThrow:ReiMu","floor":10}],"player_experience":642483,"relics_obtained":[{"floor":6,"key":"Pear"},{"floor":9,"key":"conspire:BottledYoYo"}],"event_choices":[{"damage_healed":0,"gold_gain":0,"player_choice":"Disagree","damage_taken":0,"max_hp_gain":0,"max_hp_loss":0,"event_name":"conspire:LoneGhost","floor":3,"gold_loss":0},{"cards_removed":["Defend_Lin:ReiMu"],"damage_healed":0,"gold_gain":0,"player_choice":"Forget","damage_taken":0,"max_hp_gain":0,"max_hp_loss":0,"event_name":"Living Wall","floor":5,"gold_loss":0},{"damage_healed":0,"gold_gain":75,"player_choice":"Gather Gold","damage_taken":11,"max_hp_gain":0,"max_hp_loss":0,"event_name":"World of Goop","floor":8,"gold_loss":0}],"is_beta":false,"boss_relics":[],"items_purged_floors":[11],"is_endless":false,"potions_floor_spawned":[1],"killed_by":"3 Sentries","ascension_level":0}}