{"host":"s2ygc4jgfm0lziqy","time":1613311955,"event":{"mods":["2.2 Compatiblity","Astrologer","Bard","BaseMod","Bestiary","Card Forge","Colored Map","DeckTracker","Downfall","GungeonMod","Highlight Path","Minty Spire (QoL Compilation)","Replay The Spire","Robot Space Explorer","StSLib","The Disciple","The Gatherer","The Marked","The Poker Player","TheBandit","TheSurvivalist","Weighted Paths"],"gold_per_floor":[118,135,155,167,180,180,206,221,221,221,253,271,304,324,324,440,540,558,584,606,606,606,624,661,661,688,726,753,773,773,798,863,980,980,1014,1036,1067,1091,1091,1138,1138,1147,1147,1153,1153,1153],"floor_reached":44,"language":"ENG","playtime":1754,"items_purged":[],"score":758,"play_id":"de0f68b2-fca1-4b0c-90c6-7655e4f815ba","local_time":"20210214141235","daily_mods":["SealedDeck"],"is_ascension_mode":false,"metric_token":1425,"campfire_choices":[{"data":"Gatherer:Light","floor":6,"key":"SMITH"},{"data":"Gatherer:QuickSynthesis","floor":10,"key":"SMITH"},{"data":"Gatherer:Shadow","floor":15,"key":"SMITH"},{"floor":25,"key":"REST"},{"floor":30,"key":"REST"},{"floor":41,"key":"REST"}],"circlet_count":0,"master_deck":["Gatherer:Shadow+1","Gatherer:Light+1","Gatherer:QuickSynthesis+1","Gatherer:QuickSynthesis+1","Voices"],"relics":["Gatherer:AlchemyBag","Hammer of Thor","Seething Fire","Anvil of the Gods","DemoMod:GlassGuonStoneRelic","Regal Pillow","Slimebound:PreparedRelic","Replay:Bandana","Bag of Preparation","Replay:Wanted Poster","Oddly Smooth Stone","DemoMod:MonsterBlood","CeramicFish","SlaversCollar","Mark of the Bloom","ReplayTheSpireMod:Lightbulb","Ring of Fury","Ring of Panic","Dead Branch"],"acts_visited":["Exordium","TheCity","TheBeyond"],"potions_floor_usage":[13],"damage_taken":[{"damage":0,"enemies":"Small Slimes","floor":1,"turns":2},{"damage":0,"enemies":"Jaw Worm","floor":2,"turns":2},{"damage":0,"enemies":"Cultist","floor":3,"turns":2},{"damage":0,"enemies":"Large Slime","floor":4,"turns":5},{"damage":0,"enemies":"Exordium Wildlife","floor":5,"turns":2},{"damage":0,"enemies":"Gremlin Nob","floor":7,"turns":3},{"damage":0,"enemies":"Lots of Slimes","floor":8,"turns":3},{"damage":0,"enemies":"Lagavulin","floor":11,"turns":2},{"damage":0,"enemies":"Large Slime","floor":12,"turns":2},{"damage":0,"enemies":"3 Sentries","floor":13,"turns":4},{"damage":0,"enemies":"Exordium Thugs","floor":14,"turns":3},{"damage":0,"enemies":"Hexaghost","floor":16,"turns":4},{"damage":0,"enemies":"2 Thieves","floor":18,"turns":3},{"damage":0,"enemies":"Spheric Guardian","floor":19,"turns":2},{"damage":0,"enemies":"Cultist and Chosen","floor":20,"turns":3},{"damage":0,"enemies":"Snake Plant","floor":23,"turns":2},{"damage":0,"enemies":"Slavers","floor":24,"turns":3},{"damage":0,"enemies":"Book of Stabbing","floor":27,"turns":2},{"damage":0,"enemies":"3 Cultists","floor":28,"turns":3},{"damage":0,"enemies":"Cultist and Chosen","floor":29,"turns":2},{"damage":0,"enemies":"Snecko","floor":31,"turns":2},{"damage":0,"enemies":"Automaton","floor":33,"turns":4},{"damage":0,"enemies":"Orb Walker","floor":35,"turns":2},{"damage":0,"enemies":"3 Shapes","floor":36,"turns":2},{"damage":0,"enemies":"Maw","floor":37,"turns":3},{"damage":0,"enemies":"4 Shapes","floor":38,"turns":3},{"damage":12,"enemies":"R_Hoarder","floor":40,"turns":9},{"damage":0,"enemies":"Sphere and 2 Shapes","floor":44,"turns":1}],"seed_played":"4263398508169943681","potions_obtained":[{"floor":4,"key":"Weak Potion"},{"floor":7,"key":"PowerPotion"},{"floor":8,"key":"Elixir"},{"floor":13,"key":"EntropicBrew"},{"floor":16,"key":"Venom Potion"},{"floor":19,"key":"Milkshake"},{"floor":20,"key":"bronze:BurnAndBuffPotion"},{"floor":24,"key":"bronze:BurnAndBuffPotion"},{"floor":28,"key":"Elixir"},{"floor":31,"key":"SteroidPotion"},{"floor":35,"key":"Slimebound:ThreeZeroPotion"},{"floor":38,"key":"Weak Potion"}],"is_trial":true,"path_per_floor":["M","M","M","M","M","R","E","M","T","R","E","M","E","M","R","B",null,"M","M","M","?","$","M","E","R","T","E","M","M","R","M","R_BF","B",null,"M","M","M","M","?","E","R","?","T","M"],"character_chosen":"THE_GATHERER","items_purchased":[],"campfire_rested":3,"item_purchase_floors":[],"current_hp_per_floor":[72,72,72,72,72,72,72,72,72,72,72,72,72,72,72,72,72,72,72,72,72,72,72,72,72,79,79,79,79,79,79,79,79,79,79,79,79,79,79,65,65,65,65,65,65,65],"gold":1153,"neow_bonus":"","is_daily":false,"chose_seed":false,"campfire_upgraded":3,"win_rate":0.0,"timestamp":1613311955,"path_taken":["M","M","M","M","M","R","E","M","T","R","E","M","E","M","R","BOSS","M","M","M","?","$","M","E","R","T","E","M","M","R","M","R_BF","BOSS","M","M","M","M","?","E","R","?","T","M"],"items_purchased_type":[],"build_version":"2020-12-22","purchased_purges":0,"victory":false,"max_hp_per_floor":[72,72,72,72,72,72,72,72,72,72,72,72,72,72,72,72,72,72,72,72,72,72,72,72,72,79,79,79,79,79,79,79,79,79,79,79,79,79,79,77,77,77,77,77,77,77],"card_choices":[{"not_picked":["Gatherer:MiningStrike","Gatherer:SaveValuables","Gatherer:FruitForce"],"picked":"SKIP","floor":1},{"not_picked":["Gatherer:ScherryThrow","Gatherer:SmartManeuver","Gatherer:FlowerFalling"],"picked":"SKIP","floor":2},{"not_picked":["Gatherer:QuickSynthesis","Gatherer:OddSpoils","Gatherer:DrugPower"],"picked":"SKIP","floor":3},{"not_picked":["Gatherer:PotentialSlash","Gatherer:WoolGloves","Gatherer:CarefulStrike"],"picked":"SKIP","floor":4},{"not_picked":["Gatherer:GatherMaterial","Gatherer:BambuSword"],"picked":"Gatherer:QuickSynthesis","floor":5},{"not_picked":["Gatherer:FruitForce","Gatherer:AromaProtection","Gatherer:FinishingStrike"],"picked":"SKIP","floor":7},{"not_picked":["Gatherer:FeelingFine","Gatherer:OddSpoils","Gatherer:Duality"],"picked":"SKIP","floor":8},{"not_picked":["Gatherer:Convert","Gatherer:Nutrients","Gatherer:TreeGrowth"],"picked":"SKIP","floor":11},{"not_picked":["Gatherer:SmartManeuver","Gatherer:ScrollOfWall","Gatherer:Snatch"],"picked":"SKIP","floor":12},{"not_picked":["Gatherer:FlowerPower","Gatherer:Convert","Gatherer:Misfortune"],"picked":"SKIP","floor":13},{"not_picked":["Gatherer:CollectorsShot","Gatherer:AcidicSpray","Gatherer:Duality"],"picked":"SKIP","floor":14},{"not_picked":["Gatherer:Snatch","Gatherer:SaveValuables","Gatherer:GlowingPlant"],"picked":"SKIP","floor":18},{"not_picked":["Gatherer:RecipeChange+1","Gatherer:FragileHammer","Gatherer:OddSpoils"],"picked":"SKIP","floor":19},{"not_picked":["Gatherer:UpgradeBag","Gatherer:Solidify","Gatherer:Duality"],"picked":"SKIP","floor":20},{"not_picked":["Gatherer:GatherMaterial","Gatherer:OddSpoils","Gatherer:CollectorsShot+1"],"picked":"SKIP","floor":23},{"not_picked":["Gatherer:Convert","Gatherer:Uplift+1","Gatherer:Frenzy"],"picked":"SKIP","floor":24},{"not_picked":["Gatherer:WitheringStrike+1","Gatherer:QuickSynthesis","Gatherer:FragileHammer"],"picked":"SKIP","floor":27},{"not_picked":["Gatherer:Snatch","Gatherer:FragileHammer","Gatherer:Polymorphism+1"],"picked":"SKIP","floor":28},{"not_picked":["Gatherer:Herbalism+1","Gatherer:RecipeChange","Gatherer:GlowingPlant"],"picked":"SKIP","floor":29},{"not_picked":["Gatherer:Duplicator","Gatherer:Polymorphism","Gatherer:BomberForm"],"picked":"SKIP","floor":31},{"not_picked":["Gatherer:Convert+1","Gatherer:PotentialSlash"],"picked":"Gatherer:QuickSynthesis+1","floor":35},{"not_picked":["Gatherer:EnergyBasket","Gatherer:Uplift","Gatherer:BigPouch"],"picked":"SKIP","floor":36},{"not_picked":["Gatherer:SaveValuables","Gatherer:FragileHammer+1","Gatherer:EchoOfNature"],"picked":"SKIP","floor":37},{"not_picked":["Gatherer:Snatch+1","Gatherer:FlowerFalling+1","Gatherer:Transmute+1"],"picked":"SKIP","floor":38},{"not_picked":["Gatherer:SealedBomb","Gatherer:ScrollOfWall+1","Gatherer:Examine"],"picked":"SKIP","floor":40}],"player_experience":19913,"relics_obtained":[{"floor":7,"key":"Regal Pillow"},{"floor":9,"key":"Slimebound:PreparedRelic"},{"floor":11,"key":"Replay:Bandana"},{"floor":13,"key":"Bag of Preparation"},{"floor":24,"key":"Oddly Smooth Stone"},{"floor":26,"key":"DemoMod:MonsterBlood"},{"floor":27,"key":"CeramicFish"},{"floor":40,"key":"ReplayTheSpireMod:Lightbulb"},{"floor":42,"key":"Ring of Fury"},{"floor":42,"key":"Ring of Panic"},{"floor":43,"key":"Dead Branch"}],"event_choices":[{"damage_healed":0,"gold_gain":0,"player_choice":"Ignored","damage_taken":0,"max_hp_gain":0,"max_hp_loss":0,"event_name":"The Mausoleum","floor":21,"gold_loss":0},{"damage_healed":0,"gold_gain":0,"player_choice":"Upgrade","damage_taken":0,"relics_obtained":["Mark of the Bloom"],"max_hp_gain":0,"max_hp_loss":0,"event_name":"MindBloom","floor":39,"gold_loss":0,"cards_upgraded":[]}],"is_beta":false,"boss_relics":[{"not_picked":["Astrolabe","Black Star"],"picked":"Replay:Wanted Poster"},{"not_picked":["expansioncontent:StudyCardRelic","Fusion Hammer"],"picked":"SlaversCollar"}],"items_purged_floors":[],"is_endless":false,"potions_floor_spawned":[4,7,8,13,16,19,20,24,28,31,35,38],"killed_by":"Sphere and 2 Shapes","ascension_level":0}}