{"host":"szp1d6dso4pv7ddl","time":1613279472,"event":{"mods":["AchievementEnabler","Alarm Clock","BaseMod","Bestiary","Block Reminder","Colored Map","Colored Powertips","Curses Come First","Dark Map","Displayed Cursed Tome","Highlight Path","Minty Spire (QoL Compilation)","Permanent Neow","Quick Restart","Relic Sorter","Relic Stats","StSLib","Synergy Search"],"gold_per_floor":[118,134,151,168,168,168,200,200,273,293,232,232,260,260,260,337,637,537,549,174,224,239,239,164,164,164,164,164],"floor_reached":27,"language":"ENG","playtime":1297,"items_purged":["Strike_G"],"score":513,"play_id":"8f027f56-466d-4f5c-885f-9bcd275e8d5d","local_time":"20210213211112","is_ascension_mode":true,"campfire_choices":[{"data":"Blade Dance","floor":6,"key":"SMITH"},{"data":"Footwork","floor":8,"key":"SMITH"},{"floor":12,"key":"REST"},{"data":"Dodge and Roll","floor":15,"key":"SMITH"},{"floor":23,"key":"REST"}],"circlet_count":0,"master_deck":["AscendersBane","Strike_G","Strike_G","Strike_G","Defend_G","Defend_G","Defend_G","Defend_G","Defend_G","Survivor","Neutralize","Blade Dance+1","Backflip","Caltrops","Dodge and Roll+1","Footwork+1","Backflip","Wraith Form v2","CurseOfTheBell","Blur","Accuracy","Cloak And Dagger","Blur"],"relics":["WristBlade","Bird Faced Urn","Kunai","Akabeko","Calling Bell","Omamori","Blue Candle","Old Coin","Medical Kit","Mango"],"acts_visited":["Exordium","TheCity"],"potions_floor_usage":[4,10,10,27],"damage_taken":[{"damage":0,"enemies":"Cultist","floor":1,"turns":4},{"damage":11,"enemies":"Jaw Worm","floor":2,"turns":4},{"damage":0,"enemies":"Small Slimes","floor":3,"turns":3},{"damage":5,"enemies":"Gremlin Gang","floor":4,"turns":4},{"damage":18,"enemies":"3 Sentries","floor":7,"turns":7},{"damage":2,"enemies":"Exordium Thugs","floor":10,"turns":3},{"damage":0,"enemies":"Lagavulin","floor":13,"turns":8},{"damage":16,"enemies":"The Guardian","floor":16,"turns":12},{"damage":11,"enemies":"2 Thieves","floor":18,"turns":5},{"damage":18,"enemies":"Shell Parasite","floor":19,"turns":6},{"damage":20,"enemies":"Shelled Parasite and Fungi","floor":22,"turns":8},{"damage":51,"enemies":"Slavers","floor":27,"turns":3}],"seed_played":"7652829395824361327","potions_obtained":[{"floor":2,"key":"Fire Potion"},{"floor":3,"key":"SneckoOil"},{"floor":7,"key":"Energy Potion"},{"floor":16,"key":"SpeedPotion"},{"floor":22,"key":"FearPotion"}],"is_trial":false,"path_per_floor":["M","M","M","M","?","R","E","R","T","M","?","R","E","?","R","B",null,"M","M","$","?","M","R","?","?","T","E"],"character_chosen":"THE_SILENT","items_purchased":["Accuracy","Cloak And Dagger","Medical Kit"],"campfire_rested":2,"item_purchase_floors":[20,20,20],"current_hp_per_floor":[59,48,48,43,48,48,30,30,30,32,32,53,57,47,47,35,62,55,39,39,39,27,48,48,28,42,0,0],"gold":164,"neow_bonus":"BOSS_RELIC","is_daily":false,"chose_seed":false,"campfire_upgraded":3,"win_rate":0.0,"timestamp":1613279472,"path_taken":["M","M","M","M","?","R","E","R","T","M","?","R","E","?","R","BOSS","M","?","$","?","M","R","?","?","T","E"],"items_purchased_type":["Card","Card","Relic"],"build_version":"2020-12-22","purchased_purges":1,"victory":false,"max_hp_per_floor":[66,66,66,66,71,71,71,71,71,71,71,71,71,71,71,71,71,71,71,71,71,71,71,71,76,90,90,90],"relic_stats":{"counters":[12,67],"Bird Faced Urn":[28],"Blue Candle":[0],"Kunai":[19],"Medical Kit":[0],"obtain_stats":[{"Calling Bell":17,"WristBlade":0,"Bird Faced Urn":7,"Blue Candle":17,"Mango":26,"Omamori":17,"Kunai":9,"Medical Kit":20,"Akabeko":13,"Ring of the Snake":0,"Old Coin":17},{"Calling Bell":8,"WristBlade":0,"Bird Faced Urn":5,"Blue Candle":8,"Mango":11,"Omamori":8,"Kunai":5,"Medical Kit":10,"Akabeko":7,"Ring of the Snake":0,"Old Coin":8},{"Calling Bell":45,"WristBlade":0,"Bird Faced Urn":22,"Blue Candle":45,"Mango":64,"Omamori":45,"Kunai":22,"Medical Kit":56,"Akabeko":33,"Ring of the Snake":0,"Old Coin":45}]},"card_choices":[{"not_picked":["Slice","Leg Sweep"],"picked":"Blade Dance","floor":1},{"not_picked":["Bouncing Flask","Distraction"],"picked":"Backflip","floor":2},{"not_picked":["Deflect","Deadly Poison"],"picked":"Caltrops","floor":3},{"not_picked":["Poisoned Stab","Flying Knee"],"picked":"Dodge and Roll","floor":4},{"not_picked":["Storm of Steel","PiercingWail"],"picked":"Footwork","floor":7},{"not_picked":["Setup","Outmaneuver"],"picked":"Backflip","floor":10},{"not_picked":["Eviscerate","Heel Hook","Flying Knee"],"picked":"SKIP","floor":13},{"not_picked":["Die Die Die","Bullet Time"],"picked":"Wraith Form v2","floor":16},{"not_picked":["Outmaneuver","Prepared"],"picked":"Blur","floor":18},{"not_picked":["Sucker Punch","Reflex","Bouncing Flask"],"picked":"SKIP","floor":19},{"not_picked":["Choke","Backflip"],"picked":"Blur","floor":22}],"player_experience":1565685,"relics_obtained":[{"floor":7,"key":"Bird Faced Urn"},{"floor":9,"key":"Kunai"},{"floor":13,"key":"Akabeko"},{"floor":17,"key":"Omamori"},{"floor":17,"key":"Blue Candle"},{"floor":17,"key":"Old Coin"},{"floor":26,"key":"Mango"}],"event_choices":[{"damage_healed":0,"gold_gain":0,"player_choice":"Donut","damage_taken":0,"max_hp_gain":5,"max_hp_loss":0,"event_name":"Big Fish","floor":5,"gold_loss":0},{"damage_healed":0,"gold_gain":0,"player_choice":"Left Gold","damage_taken":0,"max_hp_gain":0,"max_hp_loss":0,"event_name":"World of Goop","floor":11,"gold_loss":61},{"damage_healed":0,"gold_gain":0,"player_choice":"Damaged","damage_taken":10,"max_hp_gain":0,"max_hp_loss":0,"event_name":"Wheel of Change","floor":14,"gold_loss":0},{"damage_healed":0,"gold_gain":50,"player_choice":"Stole From Cult","damage_taken":0,"max_hp_gain":0,"max_hp_loss":0,"event_name":"Nest","floor":21,"gold_loss":0},{"cards_removed":["Strike_G"],"damage_healed":0,"gold_gain":0,"player_choice":"Gave Gold","damage_taken":0,"max_hp_gain":0,"max_hp_loss":0,"event_name":"Beggar","floor":24,"gold_loss":75},{"damage_healed":0,"gold_gain":0,"player_choice":"Shed Blood","damage_taken":25,"max_hp_gain":5,"max_hp_loss":0,"event_name":"Forgotten Altar","floor":25,"gold_loss":0}],"is_beta":false,"boss_relics":[{"not_picked":["Fusion Hammer","Coffee Dripper"],"picked":"Calling Bell"}],"items_purged_floors":[20],"is_endless":false,"potions_floor_spawned":[2,3,7,16,22],"killed_by":"Slavers","ascension_level":20}}