{"host":"gzsdmyo07u314vug","time":1613333827,"event":{"mods":["2.2 Compatiblity","Astrologer","BaseMod","Colored Powertips","GifTheSpireLib","Gremlin Mod","Hermit","Jorbs\u0027s Wanderer Trilogy","Minty Spire (QoL Compilation)","Quick Restart","Rare Cards Sparkle","Relic Stats","Replay The Spire","Robot Space Explorer","Shop Mod","StSLib","The Bladedancer","The Bug Knight","The Construct","The Cursed","The Elementalist","The Hierophant","The IronCluck","The Marked","The Necromancer","The Runesmith","The Servant 0.9.4","Unceasing Turn Reminder","everything is the same but u backflip on backflip","slay the spire mod where everything is the same but ironclad has a cowboy hat"],"gold_per_floor":[109,384,5,21,21,53,53,73,96,131,131,146,146,164,164,265,265,285,185,204,4,4,4,34,34,34,69,83,83,83,99,99,200,200,214,225,240,260,183,209,209,235,258,292,305,107,123,123,123,123],"floor_reached":51,"language":"ENG","playtime":6854,"items_purged":["Regret","Runesmith:Strike_RS","Runesmith:Defend_RS"],"score":1073,"play_id":"27d1d64f-7d23-4a2a-9131-37d425ce2ad8","local_time":"20210214171707","is_ascension_mode":true,"campfire_choices":[{"data":"Runesmith:Strike_RS","floor":7,"key":"PURGE"},{"data":"Runesmith:Strike_RS","floor":13,"key":"PURGE"},{"data":"Runesmith:Grindstone","floor":15,"key":"SMITH"},{"data":"Runesmith:Defend_RS","floor":25,"key":"PURGE"},{"data":"Runesmith:Defend_RS","floor":29,"key":"PURGE"},{"data":"Runesmith:CreatorForm","floor":32,"key":"SMITH"},{"data":"Runesmith:StaticCage","floor":41,"key":"SMITH"},{"data":"Runesmith:Fortify","floor":49,"key":"SMITH"}],"circlet_count":0,"master_deck":["Runesmith:CraftFirestone+1","Runesmith:Fortify+1","Runesmith:OneForEveryone","Runesmith:Attraction","Runesmith:Discharge","Runesmith:Firestorm","Runesmith:RunicBlueprint+1","Runesmith:Grindstone+1","Runesmith:ReplicatingBarrier","Runesmith:MakeshiftArmor+1","Runesmith:Permafrost","Runesmith:CreatorForm+1","Runesmith:StaticCage+1","Runesmith:DuctTape","Runesmith:WhiteBalance+1","Runesmith:Supernova","Runesmith:Retool+1","Runesmith:EarthShield"],"relics":["Runesmith:BrokenRuby","Peace Pipe","Akabeko","ReplayTheSpireMod:TigerMarble","Du-Vu Doll","Coffee Dripper","Molten Egg 2","Tiny Chest","Boot","Replay:Grab Bag","Runesmith:UraniumAnvil","Busted Crown","construct:WeddingRing","Dream Catcher","The Courier","Runesmith:EmergencyProvisions","Pondfish Scales","Runesmith:AutoHammer"],"acts_visited":["Exordium","TheCity","TheBeyond"],"potions_floor_usage":[10,18,18,22,24,31,36,37,40,50,50,50,50,50],"damage_taken":[{"damage":0,"enemies":"2 Louse","floor":1,"turns":3},{"damage":0,"enemies":"Cultist","floor":4,"turns":3},{"damage":19,"enemies":"Lagavulin","floor":6,"turns":8},{"damage":0,"enemies":"Jaw Worm","floor":8,"turns":2},{"damage":0,"enemies":"Gremlin Nob","floor":10,"turns":3},{"damage":1,"enemies":"Looter","floor":12,"turns":2},{"damage":0,"enemies":"2 Fungi Beasts","floor":14,"turns":3},{"damage":17,"enemies":"Hexaghost","floor":16,"turns":8},{"damage":10,"enemies":"2 Thieves","floor":18,"turns":3},{"damage":0,"enemies":"Spheric Guardian","floor":20,"turns":3},{"damage":0,"enemies":"Cultist and Chosen","floor":22,"turns":3},{"damage":6,"enemies":"Gremlin Leader","floor":24,"turns":10},{"damage":0,"enemies":"Book of Stabbing","floor":27,"turns":5},{"damage":19,"enemies":"Snecko","floor":28,"turns":7},{"damage":0,"enemies":"3 Cultists","floor":31,"turns":4},{"damage":2,"enemies":"Automaton","floor":33,"turns":7},{"damage":28,"enemies":"3 Shapes","floor":35,"turns":4},{"damage":1,"enemies":"3 Darklings","floor":36,"turns":6},{"damage":3,"enemies":"Writhing Mass","floor":37,"turns":6},{"damage":0,"enemies":"Spire Growth","floor":38,"turns":5},{"damage":25,"enemies":"Reptomancer","floor":40,"turns":10},{"damage":12,"enemies":"Nemesis","floor":42,"turns":5},{"damage":6,"enemies":"Reptomancer","floor":44,"turns":7},{"damage":0,"enemies":"Jaw Worm Horde","floor":45,"turns":13},{"damage":2,"enemies":"Transient","floor":47,"turns":5},{"damage":0,"enemies":"Donu and Deca","floor":50,"turns":9}],"seed_played":"2924288190480028866","potions_obtained":[{"floor":4,"key":"SmokeBomb"},{"floor":8,"key":"Toxic Potion"},{"floor":10,"key":"Dexterity Potion"},{"floor":14,"key":"Adrenaline Potion"},{"floor":18,"key":"Fruit Juice"},{"floor":27,"key":"SkillPotion"},{"floor":31,"key":"ColorlessPotion"},{"floor":36,"key":"Weak Potion"},{"floor":37,"key":"GamblersBrew"},{"floor":42,"key":"SteroidPotion"},{"floor":45,"key":"FearPotion"}],"is_trial":false,"path_per_floor":["M","?","$","M","$","E","R","M","T","E","?","M","R","M","R","B",null,"M","$","M","$","M","?","E","R","T","E","M","R","?","M","R","B",null,"M","M","M","M","$","E","R","E","T","E","M","$","M","?","R","B",null],"character_chosen":"RUNESMITH_CLASS","items_purchased":["Peace Pipe","Runesmith:Permafrost","Runesmith:WhiteBalance+1","Runesmith:AutoHammer","EntropicBrew"],"campfire_rested":0,"item_purchase_floors":[3,21,39,46,46],"current_hp_per_floor":[70,70,70,70,70,51,51,51,51,51,51,50,50,50,50,33,70,65,65,65,65,65,65,59,59,59,59,40,40,40,40,40,38,75,47,46,43,43,43,18,18,10,10,4,10,10,12,12,12,12],"gold":123,"neow_bonus":"UPGRADE_CARD","is_daily":false,"chose_seed":false,"campfire_upgraded":4,"win_rate":0.0,"timestamp":1613333827,"path_taken":["M","?","$","M","$","E","R","?","T","E","?","M","R","M","R","BOSS","M","$","M","$","M","?","E","R","T","E","M","R","?","M","R","BOSS","M","M","M","M","$","E","R","E","T","E","M","$","M","?","R","BOSS"],"items_purchased_type":["Relic","Card","Card","Relic","Potion"],"build_version":"2020-12-22","purchased_purges":3,"victory":true,"max_hp_per_floor":[70,70,70,70,70,70,70,70,70,70,70,70,70,70,70,70,70,75,75,75,75,75,75,75,75,75,75,75,75,75,75,75,75,75,75,75,75,75,75,75,75,75,75,75,75,75,75,75,75,75],"relic_stats":{"Peace Pipe":5,"Dream Catcher":0,"Busted Crown":18,"counters":[26,144],"Tiny Chest":0,"Boot":[88],"obtain_stats":[{"Runesmith:BrokenRuby":0,"construct:WeddingRing":34,"Replay:Grab Bag":34,"The Courier":42,"Runesmith:EmergencyProvisions":43,"Boot":27,"Akabeko":6,"Peace Pipe":3,"Du-Vu Doll":10,"Dream Catcher":40,"Pondfish Scales":44,"Busted Crown":34,"Runesmith:UraniumAnvil":34,"Molten Egg 2":24,"Tiny Chest":26,"ReplayTheSpireMod:TigerMarble":9,"Coffee Dripper":17,"Runesmith:AutoHammer":46},{"Runesmith:BrokenRuby":0,"construct:WeddingRing":16,"Replay:Grab Bag":16,"The Courier":22,"Runesmith:EmergencyProvisions":22,"Boot":13,"Akabeko":3,"Peace Pipe":1,"Du-Vu Doll":5,"Dream Catcher":21,"Pondfish Scales":23,"Busted Crown":16,"Runesmith:UraniumAnvil":16,"Molten Egg 2":12,"Tiny Chest":12,"ReplayTheSpireMod:TigerMarble":4,"Coffee Dripper":8,"Runesmith:AutoHammer":24},{"Runesmith:BrokenRuby":0,"construct:WeddingRing":74,"Replay:Grab Bag":74,"The Courier":110,"Runesmith:EmergencyProvisions":110,"Boot":56,"Akabeko":14,"Peace Pipe":3,"Du-Vu Doll":19,"Dream Catcher":105,"Pondfish Scales":117,"Busted Crown":74,"Runesmith:UraniumAnvil":74,"Molten Egg 2":51,"Tiny Chest":51,"ReplayTheSpireMod:TigerMarble":16,"Coffee Dripper":32,"Runesmith:AutoHammer":130}]},"card_choices":[{"not_picked":["Runesmith:CraftProtectio","Runesmith:HeatedChisel"],"picked":"Runesmith:OneForEveryone","floor":1},{"not_picked":["Runesmith:Overpower","Runesmith:RunicBlueprint"],"picked":"Runesmith:Attraction","floor":4},{"not_picked":["Runesmith:Refine","Runesmith:Overpower"],"picked":"Runesmith:Discharge","floor":6},{"not_picked":["Runesmith:ChiselStab","Runesmith:Prism"],"picked":"Runesmith:Firestorm","floor":8},{"not_picked":["Runesmith:Reinforce","Runesmith:UnstableHammer","Runesmith:CraftReservo"],"picked":"SKIP","floor":10},{"not_picked":["Runesmith:ShiftingStrike","Runesmith:FrozenChisel","Runesmith:BackupBattery"],"picked":"SKIP","floor":12},{"not_picked":["Runesmith:Attraction","Runesmith:StaticCage"],"picked":"Runesmith:Grindstone","floor":14},{"not_picked":["Runesmith:MetallurgicalResearch","Runesmith:LightningRod"],"picked":"Runesmith:ReplicatingBarrier","floor":16},{"not_picked":["Runesmith:Overpower","Runesmith:Repurpose","Runesmith:CraftMagma"],"picked":"SKIP","floor":18},{"not_picked":["Runesmith:BackupBattery","Runesmith:Grindstone"],"picked":"Runesmith:MakeshiftArmor+1","floor":20},{"not_picked":["Runesmith:BackupBattery","Runesmith:RuneHurl+1"],"picked":"Runesmith:CreatorForm","floor":24},{"not_picked":["Runesmith:HeatedChisel+1","Runesmith:StaticCage"],"picked":"Runesmith:ShiftingStrike+1","floor":27},{"not_picked":["Runesmith:Attraction+1","Runesmith:CraftReservo+1"],"picked":"Runesmith:StaticCage","floor":28},{"not_picked":["Runesmith:UnstableHammer+1","Runesmith:NanitesCloud","Runesmith:FrozenChisel+1"],"picked":"SKIP","floor":31},{"not_picked":["Runesmith:CreatorForm","Runesmith:UnlimitedPower"],"picked":"Runesmith:DuctTape","floor":33},{"not_picked":["Runesmith:Repurpose"],"picked":"SKIP","floor":35},{"not_picked":["Runesmith:Repurpose"],"picked":"SKIP","floor":35},{"not_picked":["Runesmith:UnstableHammer+1"],"picked":"SKIP","floor":36},{"not_picked":["Runesmith:ShiftingStrike+1"],"picked":"SKIP","floor":37},{"not_picked":["Runesmith:Overpower+1"],"picked":"SKIP","floor":38},{"not_picked":["Runesmith:RuneHurl+1"],"picked":"SKIP","floor":40},{"not_picked":[],"picked":"Runesmith:Supernova","floor":42},{"not_picked":[],"picked":"Runesmith:Retool+1","floor":44},{"not_picked":[],"picked":"Runesmith:EarthShield","floor":45},{"not_picked":["Runesmith:ShiftingStrike+1"],"picked":"SKIP","floor":47}],"player_experience":886752,"relics_obtained":[{"floor":6,"key":"Akabeko"},{"floor":9,"key":"ReplayTheSpireMod:TigerMarble"},{"floor":10,"key":"Du-Vu Doll"},{"floor":24,"key":"Molten Egg 2"},{"floor":26,"key":"Tiny Chest"},{"floor":27,"key":"Boot"},{"floor":40,"key":"Dream Catcher"},{"floor":42,"key":"The Courier"},{"floor":43,"key":"Runesmith:EmergencyProvisions"},{"floor":44,"key":"Pondfish Scales"}],"event_choices":[{"damage_healed":0,"gold_gain":275,"player_choice":"Desecrate","damage_taken":0,"max_hp_gain":0,"max_hp_loss":0,"event_name":"Golden Shrine","floor":2,"gold_loss":0,"cards_obtained":["Regret"]},{"cards_removed":["Runesmith:Strike_RS"],"damage_healed":0,"gold_gain":0,"player_choice":"Elegance","damage_taken":0,"max_hp_gain":0,"max_hp_loss":0,"event_name":"Back to Basics","floor":23,"gold_loss":0},{"cards_removed":["Runesmith:ShiftingStrike"],"damage_healed":0,"gold_gain":0,"player_choice":"Purged","damage_taken":0,"max_hp_gain":0,"max_hp_loss":0,"event_name":"Purifier","floor":48,"gold_loss":0}],"is_beta":false,"boss_relics":[{"not_picked":["SacredBark","ReplayTheSpireMod:DimensionalGlitch"],"picked":"Coffee Dripper"},{"not_picked":["Replay:Bronze Core","Kintsugi"],"picked":"Replay:Grab Bag"},{"not_picked":["Replay:Wanted Poster","ChewingGum"],"picked":"Runesmith:UraniumAnvil"},{"not_picked":["Sozu","Philosopher\u0027s Stone"],"picked":"Busted Crown"},{"not_picked":["Ring of Chaos","SlaversCollar"],"picked":"construct:WeddingRing"}],"items_purged_floors":[3,19,21],"is_endless":false,"potions_floor_spawned":[4,8,10,14,18,27,31,36,37,42,45],"ascension_level":2}}