{"host":"qheym18ww6mhskxf","time":1613330690,"event":{"mods":["100% Spire Juice","BaseMod","CapriCore","Friendly Minions","GungeonMod","KOR Keyword Fix","Kiyohime£¨?ýï£©","Minty Spire (QoL Compilation)","Prisma Mod","Quick Restart","Rare Cards Sparkle","Shop Mod","Spicy Shops","StSLib","Td1madao Mod","The Dragon Tamer","Username Fix"],"gold_per_floor":[110,130,15,15,15,15,15,33,33,33,48,74,86,112,112,207,207,217,217,231,231,18,18,47,47,70,100,114,154,50,68,68,166,166,181,181,122,135,135,135,166,166,166,199,239,251,278,311,311,311,311],"floor_reached":50,"language":"KOR","playtime":1341,"items_purged":["Bash","Defend_R+1"],"score":1161,"play_id":"076aee7f-4ad0-4de3-b60b-ad93b9930050","local_time":"20210215042450","daily_mods":["Heirloom","Time Dilation","DeadlyEvents","Elite Swarm","Uncertain Future"],"is_ascension_mode":true,"campfire_choices":[{"data":"PrismaMod:ChloeCaladbolg","floor":6.0,"key":"SMITH"},{"data":"Pommel Strike","floor":10.0,"key":"SMITH"},{"data":"Flex","floor":15.0,"key":"SMITH"},{"data":"PrismaMod:ChloeCaladbolg","floor":23.0,"key":"SMITH"},{"data":"Twin Strike","floor":25.0,"key":"SMITH"},{"data":"PrismaMod:ChloeCarnivalDefend","floor":32.0,"key":"SMITH"},{"floor":40.0,"key":"REST"},{"floor":42.0,"key":"REST"},{"data":"Limit Break","floor":49.0,"key":"SMITH"}],"circlet_count":0,"master_deck":["Strike_R+1","Strike_R+1","Strike_R+1","Defend_R+1","Defend_R+1","Defend_R+1","Pommel Strike+1","Twin Strike+1","PrismaMod:ChloeCaladbolg+1","Flex+1","PrismaMod:ChloeCaladbolg+1","PrismaMod:ChloeCarnivalDefend+1","Limit Break+1","Anger+1"],"relics":["Black Blood","TungstenRod","Matryoshka","Mercury Hourglass","Sundial","MutagenicStrength","MerchantsRug","CeramicFish","Blood Vial","DemoMod:GundromedaStrain","Philosopher\u0027s Stone","Ancient Tea Set","DemoMod:Bottle","The Courier","Smiling Mask","DemoMod:LamentConfigurum","DemoMod:SerJunkan"],"acts_visited":["Exordium","TheCity","TheBeyond"],"potions_floor_usage":[50,50],"damage_taken":[{"damage":6.0,"enemies":"Jaw Worm","floor":1.0,"turns":5.0},{"damage":0.0,"enemies":"Small Slimes","floor":2.0,"turns":3.0},{"damage":0.0,"enemies":"2 Louse","floor":8.0,"turns":1.0},{"damage":0.0,"enemies":"Exordium Thugs","floor":11.0,"turns":4.0},{"damage":6.0,"enemies":"3 Sentries","floor":12.0,"turns":5.0},{"damage":0.0,"enemies":"3 Louse","floor":13.0,"turns":1.0},{"damage":12.0,"enemies":"Lagavulin","floor":14.0,"turns":3.0},{"damage":50.0,"enemies":"Hexaghost","floor":16.0,"turns":8.0},{"damage":21.0,"enemies":"Shell Parasite","floor":18.0,"turns":3.0},{"damage":10.0,"enemies":"2 Thieves","floor":20.0,"turns":3.0},{"damage":33.0,"enemies":"Book of Stabbing","floor":24.0,"turns":5.0},{"damage":12.0,"enemies":"Slavers","floor":27.0,"turns":2.0},{"damage":3.0,"enemies":"Chosen and Byrds","floor":28.0,"turns":3.0},{"damage":8.0,"enemies":"Book of Stabbing","floor":29.0,"turns":3.0},{"damage":0.0,"enemies":"Snecko","floor":31.0,"turns":2.0},{"damage":63.0,"enemies":"Automaton","floor":33.0,"turns":7.0},{"damage":3.0,"enemies":"3 Shapes","floor":35.0,"turns":1.0},{"damage":0.0,"enemies":"3 Darklings","floor":38.0,"turns":2.0},{"damage":45.0,"enemies":"Giant Head","floor":41.0,"turns":8.0},{"damage":38.0,"enemies":"Nemesis","floor":44.0,"turns":5.0},{"damage":0.0,"enemies":"Reptomancer","floor":45.0,"turns":2.0},{"damage":4.0,"enemies":"Maw","floor":46.0,"turns":5.0},{"damage":12.0,"enemies":"Writhing Mass","floor":47.0,"turns":2.0},{"damage":12.0,"enemies":"Nemesis","floor":48.0,"turns":3.0},{"damage":86,"enemies":"Awakened One","floor":50,"turns":8}],"seed_played":"-6260585787720749564","potions_obtained":[{"floor":12.0,"key":"DistilledChaos"},{"floor":14.0,"key":"Swift Potion"},{"floor":16.0,"key":"Energy Potion"},{"floor":18.0,"key":"Weak Potion"},{"floor":27.0,"key":"Dexterity Potion"},{"floor":33.0,"key":"GamblersBrew"},{"floor":35.0,"key":"Fire Potion"},{"floor":41.0,"key":"SteroidPotion"},{"floor":45.0,"key":"Ancient Potion"},{"floor":48.0,"key":"Dexterity Potion"}],"is_trial":true,"path_per_floor":["M","M","$","?","?","R","?","M","T","R","M","E","M","E","R","B",null,"M","?","M","?","$","R","E","R","T","E","M","E","$","M","R","B",null,"M","?","$","M","?","R","E","R","T","E","E","M","M","E","R","B"],"character_chosen":"IRONCLAD","items_purchased":["PrismaMod:ChloeCaladbolg","MerchantsRug","PrismaMod:ChloeCaladbolg","DemoMod:GundromedaStrain"],"campfire_rested":2,"item_purchase_floors":[3,22,22,30],"current_hp_per_floor":[72,78,78,83,83,83,77,83,83,83,85,85,85,79,79,35,73,64,64,66,66,66,66,45,45,45,45,54,58,58,72,72,23,70,81,81,81,85,85,85,52,77,77,53,67,77,79,81,81,0,0],"gold":311,"neow_bonus":"","is_daily":false,"chose_seed":false,"campfire_upgraded":7,"win_rate":0.0,"timestamp":1613330690,"path_taken":["M","M","$","?","?","R","?","M","T","R","M","E","M","E","R","BOSS","M","?","M","?","?","R","E","R","T","E","M","E","$","M","R","BOSS","M","?","$","M","?","R","E","R","T","E","?","M","M","E","R","BOSS"],"items_purchased_type":["Card","Relic","Card","Relic"],"build_version":"2020-12-22","purchased_purges":2,"victory":false,"max_hp_per_floor":[80,80,80,85,85,85,85,85,85,85,85,85,85,85,85,85,85,85,85,85,85,85,85,85,85,85,85,85,85,85,85,85,85,85,85,85,85,85,85,85,85,85,85,85,85,85,85,85,85,85,85],"card_choices":[{"not_picked":["Headbutt","PrismaMod:ChloeRuleBreaker"],"picked":"Pommel Strike","floor":1.0},{"not_picked":["Rage","PrismaMod:ChloeUnlimitedBladeWorks"],"picked":"Twin Strike","floor":2.0},{"not_picked":["Combust","True Grit","Sword Boomerang"],"picked":"SKIP","floor":8.0},{"not_picked":["Sword Boomerang","Rampage"],"picked":"Flex","floor":11.0},{"not_picked":["PrismaMod:ChloeUnlimitedBladeWorks","PrismaMod:ChloeDoubleRelicSpeed","PrismaMod:ChloeGreatTracePools"],"picked":"SKIP","floor":12.0},{"not_picked":["Hemokinesis","Iron Wave","Clash"],"picked":"SKIP","floor":13.0},{"not_picked":["Reaper","Fiend Fire","PrismaMod:ChloeGreatTracePools"],"picked":"SKIP","floor":14.0},{"not_picked":["PrismaMod:ChloeUncommonAOEAttack","Twin Strike","Fire Breathing"],"picked":"SKIP","floor":18.0},{"not_picked":["Clash","Second Wind+1","PrismaMod:ChloeMordred"],"picked":"SKIP","floor":20.0},{"not_picked":["PrismaMod:ChloeAnyUncommonTrace","PrismaMod:ChloeExhaustThree","PrismaMod:ChloeUnlimitedBladeWorks"],"picked":"SKIP","floor":24.0},{"not_picked":["Impervious","PrismaMod:ChloeHalloween","Immolate"],"picked":"SKIP","floor":27.0},{"not_picked":["PrismaMod:ChloeEyeOfTheEuryale+1","Armaments","Heavy Blade"],"picked":"SKIP","floor":28.0},{"not_picked":["Feed","Brutality"],"picked":"PrismaMod:ChloeCarnivalDefend","floor":29.0},{"not_picked":["Heavy Blade","PrismaMod:ChloeExhaustOne+1","Iron Wave+1"],"picked":"SKIP","floor":31.0},{"not_picked":["Infernal Blade","Body Slam+1","Dropkick+1"],"picked":"SKIP","floor":35.0},{"not_picked":["Anger+1","Body Slam","Spot Weakness"],"picked":"SKIP","floor":38.0},{"not_picked":["Offering","Immolate","PrismaMod:ChloeAnyUncommonTrace"],"picked":"SKIP","floor":41.0},{"not_picked":["PrismaMod:ChloeCarnivalAOEAttack","Exhume","Bludgeon"],"picked":"SKIP","floor":44.0},{"not_picked":["PrismaMod:ChloeHalloween","PrismaMod:ChloeCarnivalAttack"],"picked":"Limit Break","floor":45.0},{"not_picked":["Perfected Strike","Shockwave","Battle Trance"],"picked":"SKIP","floor":46.0},{"not_picked":["Wild Strike+1","PrismaMod:ChloeUncommonDefend+1"],"picked":"Anger+1","floor":47.0},{"not_picked":["PrismaMod:ChloeAnyAttackTrace","PrismaMod:ChloeExhaustThree","PrismaMod:ChloeAnyUncommonTrace"],"picked":"SKIP","floor":48.0}],"player_experience":501816,"relics_obtained":[{"floor":9.0,"key":"Matryoshka"},{"floor":12.0,"key":"Mercury Hourglass"},{"floor":14.0,"key":"Sundial"},{"floor":24.0,"key":"Bottled Lightning"},{"floor":26.0,"key":"CeramicFish"},{"floor":26.0,"key":"Regal Pillow"},{"floor":27.0,"key":"DemoMod:Relodestone"},{"floor":29.0,"key":"Blood Vial"},{"floor":41.0,"key":"Ancient Tea Set"},{"floor":43.0,"key":"DemoMod:Bottle"},{"floor":43.0,"key":"The Courier"},{"floor":44.0,"key":"Smiling Mask"},{"floor":45.0,"key":"DemoMod:LamentConfigurum"},{"floor":48.0,"key":"DemoMod:SerJunkan"}],"event_choices":[{"damage_healed":0.0,"max_hp_gain":5.0,"max_hp_loss":0.0,"gold_gain":0.0,"event_name":"Big Fish","player_choice":"Donut","floor":4.0,"gold_loss":0.0,"damage_taken":0.0},{"damage_healed":0.0,"max_hp_gain":0.0,"max_hp_loss":0.0,"gold_gain":0.0,"event_name":"Liars Game","player_choice":"Ignored","floor":5.0,"gold_loss":0.0,"damage_taken":0.0},{"cards_removed":["Strike_R"],"damage_healed":0.0,"max_hp_gain":0.0,"max_hp_loss":0.0,"gold_gain":0.0,"event_name":"Golden Wing","player_choice":"Card Removal","floor":7.0,"gold_loss":0.0,"damage_taken":7.0},{"damage_healed":0.0,"max_hp_gain":0.0,"max_hp_loss":0.0,"gold_gain":0.0,"event_name":"Drug Dealer","player_choice":"Inject Mutagens","floor":19.0,"gold_loss":0.0,"damage_taken":0.0,"relics_obtained":["MutagenicStrength"]},{"damage_healed":0.0,"max_hp_gain":0.0,"max_hp_loss":0.0,"gold_gain":0.0,"event_name":"Back to Basics","player_choice":"Simplicity","floor":21.0,"gold_loss":0.0,"damage_taken":0.0,"cards_upgraded":["Strike_R","Strike_R","Strike_R","Strike_R","Defend_R","Defend_R","Defend_R","Defend_R"]},{"cards_removed":["Strike_R"],"damage_healed":0.0,"max_hp_gain":0.0,"max_hp_loss":0.0,"gold_gain":0.0,"event_name":"Falling","player_choice":"Removed Attack","floor":36.0,"gold_loss":0.0,"damage_taken":0.0},{"damage_healed":0.0,"max_hp_gain":0.0,"max_hp_loss":0.0,"gold_gain":0.0,"event_name":"SensoryStone","player_choice":"Memory 1","floor":39.0,"gold_loss":0.0,"damage_taken":0.0}],"is_beta":false,"boss_relics":[{"not_picked":["Astrolabe","Tiny House"],"picked":"Black Blood"},{"not_picked":["Sozu","Cursed Key"],"picked":"Philosopher\u0027s Stone"}],"items_purged_floors":[3,37],"is_endless":true,"potions_floor_spawned":[12,14,16,18,27,33,35,41,45,48],"killed_by":"Awakened One","ascension_level":9}}