{"host":"xp5rvh2jwe2ejyfm","time":1613262483,"event":{"mods":["2.2 Compatiblity","Aspiration","BaseMod","Better Altar","Better Match","Better Note","Better Sensory Stone","Better Skull","BetterRewards","Colored Powertips","Conspire","Downfall","GifTheSpireLib","Gremlin Mod","GungeonMod","Hermit","Hubris","Jorbs\u0027s Wanderer Trilogy","Minty Spire (QoL Compilation)","Potionbrewer","Quick Restart","Replay The Spire","Robot Space Explorer","Shade Mod","Somnambulant","StSLib","The Bug Knight","The Clintock","The Construct","The Cursed","The Disciple","The Forsaken","The Hierophant","The Necromancer","The Runesmith","The Servant 0.9.4","The Valiant","The Witch","TheFirefly","thorton"],"gold_per_floor":[119,133,153,143,153,178,178,188,239,256,5,5,5,19,19,116,116,131,131,131,131,58,58,92,46,46,46,65,65,80,80,80,80,80],"floor_reached":33,"language":"ENG","playtime":1278,"items_purged":[],"score":247,"play_id":"af926fc9-bd94-4e58-b099-459eb1a58cff","local_time":"20210213192803","is_ascension_mode":false,"campfire_choices":[{"floor":7,"key":"REST"},{"floor":13,"key":"REST"},{"floor":15,"key":"REST"},{"floor":23,"key":"RECALL"},{"floor":32,"key":"REST"}],"circlet_count":0,"master_deck":["RobotSpaceExplorer:Strike","RobotSpaceExplorer:Strike","RobotSpaceExplorer:Strike","RobotSpaceExplorer:Strike","RobotSpaceExplorer:Defend","RobotSpaceExplorer:Defend","RobotSpaceExplorer:Defend","RobotSpaceExplorer:Defend","RobotSpaceExplorer:Scan","RobotSpaceExplorer:MiniLasers","RobotSpaceExplorer:MiniBoosters","RobotSpaceExplorer:MiniBoosters","RobotSpaceExplorer:MetalStrike","RobotSpaceExplorer:ScrapMissile","RobotSpaceExplorer:SurgingStrike","RobotSpaceExplorer:GlueShot","RobotSpaceExplorer:Smokescreen","RobotSpaceExplorer:MiniDrones","RobotSpaceExplorer:Probe","Injury","RobotSpaceExplorer:MiniBoosters+1","RobotSpaceExplorer:HighVoltage+1","RobotSpaceExplorer:Probe+1","RobotSpaceExplorer:Counterblock","RobotSpaceExplorer:MetalStrike+1","RobotSpaceExplorer:StunGrenade+1","RobotSpaceExplorer:StunGrenade+1","RobotSpaceExplorer:Comet","RobotSpaceExplorer:StunGrenade+1","Shame"],"relics":["RobotSpaceExplorer:RoboCore","NeowsBlessing","Lantern","Juzu Bracelet","Replay:Baseball","Molten Egg 2","RobotSpaceExplorer:Reprocessor","Red Mask","DemoMod:ClearGuonStone"],"acts_visited":["Exordium","TheCity"],"potions_floor_usage":[6,6,16,24,24,33],"damage_taken":[{"damage":0,"enemies":"Cultist","floor":1,"turns":1},{"damage":0,"enemies":"2 Louse","floor":2,"turns":1},{"damage":0,"enemies":"Jaw Worm","floor":3,"turns":1},{"damage":19,"enemies":"Exordium Thugs","floor":4,"turns":7},{"damage":21,"enemies":"Large Slime","floor":5,"turns":8},{"damage":33,"enemies":"Lagavulin","floor":6,"turns":8},{"damage":0,"enemies":"Blue Slaver","floor":8,"turns":5},{"damage":11,"enemies":"Exordium Thugs","floor":10,"turns":6},{"damage":0,"enemies":"3 Louse","floor":14,"turns":2},{"damage":36,"enemies":"The Guardian","floor":16,"turns":17},{"damage":11,"enemies":"Shell Parasite","floor":18,"turns":6},{"damage":9,"enemies":"Masked Bandits","floor":24,"turns":3},{"damage":10,"enemies":"2 Thieves","floor":28,"turns":4},{"damage":22,"enemies":"Snake Plant","floor":30,"turns":8},{"damage":64,"enemies":"Automaton","floor":33,"turns":6}],"seed_played":"767803234650767683","potions_obtained":[{"floor":3,"key":"potionbrewer:AcidPotion"},{"floor":4,"key":"Swift Potion"},{"floor":8,"key":"Elixir"},{"floor":10,"key":"DistilledChaos"},{"floor":18,"key":"BlessingOfTheForge"}],"is_trial":false,"path_per_floor":["M","M","M","M","M","E","R","M","T","M","$","?","R","M","R","B",null,"M","?","?","?","$","R","?","$","T","$","M","?","M","?","R","B"],"character_chosen":"RobotSpaceExplorer","items_purchased":["Replay:Baseball","RobotSpaceExplorer:Probe","Regen Potion","RobotSpaceExplorer:Counterblock","RobotSpaceExplorer:MetalStrike+1","RobotSpaceExplorer:StunGrenade+1"],"campfire_rested":4,"item_purchase_floors":[11,11,11,22,22,25],"current_hp_per_floor":[75,75,75,56,35,2,24,24,24,13,13,13,35,35,57,21,75,64,64,64,64,64,64,64,64,64,64,54,54,32,32,54,0,0],"gold":80,"neow_bonus":"THREE_ENEMY_KILL","is_daily":false,"chose_seed":false,"campfire_upgraded":0,"win_rate":0.0,"timestamp":1613262483,"path_taken":["M","?","M","M","M","E","R","M","T","M","$","?","R","M","R","BOSS","M","?","?","?","?","R","?","$","T","$","M","?","M","?","R","BOSS"],"items_purchased_type":["Relic","Card","Potion","Card","Card","Card"],"build_version":"2020-12-22","purchased_purges":0,"victory":false,"max_hp_per_floor":[75,75,75,75,75,75,75,75,75,75,75,75,75,75,75,75,75,75,75,75,75,75,75,75,75,75,75,75,75,75,75,75,75,75],"card_choices":[{"not_picked":["RobotSpaceExplorer:FranticSearch","RobotSpaceExplorer:DualCore"],"picked":"RobotSpaceExplorer:MiniBoosters","floor":1},{"not_picked":["RobotSpaceExplorer:JunkDive","RobotSpaceExplorer:GlueShot"],"picked":"RobotSpaceExplorer:MiniBoosters","floor":2},{"not_picked":["RobotSpaceExplorer:PowerCollector","RobotSpaceExplorer:GlueShot"],"picked":"RobotSpaceExplorer:MetalStrike","floor":3},{"not_picked":["RobotSpaceExplorer:ExhaustFan","RobotSpaceExplorer:JunkDive"],"picked":"RobotSpaceExplorer:ScrapMissile","floor":4},{"not_picked":["RobotSpaceExplorer:SelfCleaning","RobotSpaceExplorer:Ammunition"],"picked":"RobotSpaceExplorer:SurgingStrike","floor":5},{"not_picked":["RobotSpaceExplorer:MetalStrike","RobotSpaceExplorer:SlimeMissile"],"picked":"RobotSpaceExplorer:GlueShot","floor":6},{"not_picked":["RobotSpaceExplorer:SelfCleaning","RobotSpaceExplorer:GlueSpray"],"picked":"RobotSpaceExplorer:Smokescreen","floor":8},{"not_picked":["RobotSpaceExplorer:ShockKick","RobotSpaceExplorer:ToxicBomb"],"picked":"RobotSpaceExplorer:MiniDrones","floor":10},{"not_picked":["RobotSpaceExplorer:Ammunition","RobotSpaceExplorer:ImprovisedAttack+1"],"picked":"RobotSpaceExplorer:MiniBoosters","floor":14},{"not_picked":["RobotSpaceExplorer:Exploration","RobotSpaceExplorer:Explosion+1"],"picked":"RobotSpaceExplorer:HighVoltage+1","floor":16},{"not_picked":["RobotSpaceExplorer:ShockKick+1","RobotSpaceExplorer:SwiftStep"],"picked":"RobotSpaceExplorer:Probe+1","floor":18},{"not_picked":["RobotSpaceExplorer:ShockKick+1","RobotSpaceExplorer:GlueSpray+1"],"picked":"RobotSpaceExplorer:StunGrenade+1","floor":24},{"not_picked":["RobotSpaceExplorer:SurgingShield","RobotSpaceExplorer:ScrapMissile+1"],"picked":"RobotSpaceExplorer:Comet","floor":28},{"not_picked":["RobotSpaceExplorer:Ammunition","RobotSpaceExplorer:TurboDodge"],"picked":"RobotSpaceExplorer:StunGrenade+1","floor":30}],"player_experience":498704,"relics_obtained":[{"floor":6,"key":"Lantern"},{"floor":9,"key":"Juzu Bracelet"},{"floor":24,"key":"Red Mask"}],"event_choices":[{"damage_healed":0,"gold_gain":0,"player_choice":"Got Potions","damage_taken":0,"max_hp_gain":0,"max_hp_loss":0,"event_name":"Lab","floor":19,"gold_loss":0},{"damage_healed":0,"gold_gain":0,"player_choice":"Ignored","damage_taken":0,"max_hp_gain":0,"max_hp_loss":0,"event_name":"betterNote:BetterNote","floor":20,"gold_loss":0,"cards_obtained":["hermit:Headshot"]},{"damage_healed":0,"gold_gain":0,"player_choice":"Fought Bandits","damage_taken":0,"max_hp_gain":0,"max_hp_loss":0,"event_name":"Masked Bandits","floor":24,"gold_loss":0},{"damage_healed":0,"gold_gain":0,"player_choice":"Stole Relic","damage_taken":0,"relics_obtained":["DemoMod:ClearGuonStone"],"max_hp_gain":0,"max_hp_loss":0,"event_name":"Addict","floor":31,"gold_loss":0,"cards_obtained":["Shame"]}],"is_beta":false,"boss_relics":[{"not_picked":["hubris:BlackHole","hubris:VirtuousBlindfold"],"picked":"RobotSpaceExplorer:Reprocessor"}],"items_purged_floors":[],"is_endless":false,"potions_floor_spawned":[3,4,8,10,18],"killed_by":"Automaton","ascension_level":0}}