{"host":"1wqvkeuqk47laf9u","time":1613335240,"event":{"mods":["100% Spire Juice","Act Like it!","BaseMod","Colored Map","Colored Powertips","Decade(Õı–°√˜)","Gensokyo","GifTheSpireLib","Hallownest","Koishi","Marisa£®ÏF”Í°°ƒß¿Ì…≥£©","Minty Spire (QoL Compilation)","Reimu£®≤©¿ˆ¡È√Œ£©","Reliquary","Remilia£®¿Ÿ√◊¿Ú—«£©","Replay The Spire","SOS£®Àπ∞Õ¥Ô÷Æ◊”£©","StSLib","The Administrix","The Animator","The Cursed","The Poker Player","The Servant 0.9.4","UnlockEverythingMod","Yakumo Yukari mod","Youmu£®ªÍ∆«—˝√Œ£©","Yuyuko","[GremlinLeader]The Maniac","°æ“≈ŒÔø®≈∆°øREMEMod"],"gold_per_floor":[127,143,218,30,52,52,63,63,89,89,89,49,49,81,81,185,185,199,215,215,215,241,279,279,47,47,47,84,84,106,192,192,192,192],"floor_reached":33,"language":"ZHS","playtime":2616,"items_purged":["animator:Strike"],"score":373,"play_id":"813720c8-46dc-4bf3-ac86-4c242cb0ea41","local_time":"20210215044040","is_ascension_mode":false,"campfire_choices":[{"data":"animator:Patchouli","floor":6,"key":"SMITH"},{"floor":8,"key":"REST"},{"data":"animator:EmiyaShirou","floor":10,"key":"SMITH"},{"data":"animator:FielNirvalen","floor":13,"key":"SMITH"},{"floor":15,"key":"REST"},{"floor":24,"key":"REST"},{"floor":27,"key":"REST"},{"data":"animator:GoblinSlayer","floor":29,"key":"SMITH"},{"floor":32,"key":"REST"}],"circlet_count":0,"master_deck":["animator:Strike_NoGameNoLife","animator:Defend_NoGameNoLife","animator:Defend","animator:Defend+1","animator:DolaSchwi","animator:DolaCouronne","TheWorld","animator:Tet+1","animator:EmiyaShirou+1","animator:Patchouli+1","animator:RoryMercury","animator:FielNirvalen+1","animator:Jibril","animator:GoblinSlayer+1","animator:DolaRiku","animator:DolaCouronne","animator:DolaStephanie","animator:DolaRiku","Wrath_TH","EndlessPower","animator:GuildGirl","animator:Witch","animator:SakuraMatou+1","animator:HighElfArcher+1"],"relics":["animator:LivingPicture","animator:TheMissingPiece","REME_ComplimentaryCards","Juzu Bracelet","PaintedHorse:ReiMu","animator:RacePiece","Matryoshka","reliquary:WeakTea","Molten Egg 2","CloakClasp","The Courier","reliquary:Sideboard","animator:Buoy"],"acts_visited":["Exordium","TheCity"],"potions_floor_usage":[22,22,23,23,23,28,30,33],"damage_taken":[{"damage":3,"enemies":"Small Slimes","floor":1,"turns":3},{"damage":1,"enemies":"2 Louse","floor":2,"turns":3},{"damage":0,"enemies":"Jaw Worm","floor":5,"turns":5},{"damage":19,"enemies":"3 Louse","floor":7,"turns":3},{"damage":4,"enemies":"Looter","floor":14,"turns":3},{"damage":0,"enemies":"Slime Boss","floor":16,"turns":6},{"damage":9,"enemies":"Shell Parasite","floor":18,"turns":4},{"damage":26,"enemies":"3 Byrds","floor":19,"turns":4},{"damage":19,"enemies":"Sentry and Sphere","floor":22,"turns":3},{"damage":11,"enemies":"Gremlin Leader","floor":23,"turns":5},{"damage":7,"enemies":"Replay:Snechameleon","floor":28,"turns":6},{"damage":35,"enemies":"Centurion and Healer","floor":30,"turns":8},{"damage":41,"enemies":"Champ","floor":33,"turns":10}],"seed_played":"-7113041866643548267","potions_obtained":[{"floor":5,"key":"Explosive Potion"},{"floor":14,"key":"GrandPatriotsElixir:ReiMu"},{"floor":16,"key":"LiquidMemories"},{"floor":22,"key":"FearPotion"},{"floor":23,"key":"Adrenaline Potion"},{"floor":31,"key":"animator:FalseLifePotion"}],"is_trial":false,"path_per_floor":["M","M","?","$","M","R","M","R","T","R","?","?","R","M","R","B",null,"M","M","?","?","M","E","R","$","T","R","E","R","M","?","R_BF","B"],"character_chosen":"THE_ANIMATOR","items_purchased":["animator:Patchouli","reliquary:WeakTea"],"campfire_rested":5,"item_purchase_floors":[4,25],"current_hp_per_floor":[69,68,57,57,57,57,39,60,60,60,45,45,45,41,62,62,73,64,38,38,38,19,8,29,29,29,50,43,43,8,8,29,0,0],"gold":192,"neow_bonus":"TEN_PERCENT_HP_BONUS","is_daily":false,"chose_seed":false,"campfire_upgraded":4,"win_rate":0.0,"timestamp":1613335240,"path_taken":["M","M","?","$","M","R","M","R","T","R","?","?","R","M","R","BOSS","M","M","?","?","M","E","R","$","T","R","E","R","M","?","R_BF","BOSS"],"items_purchased_type":["Card","Relic"],"build_version":"2020-12-22","purchased_purges":1,"victory":false,"max_hp_per_floor":[72,72,72,72,72,72,73,73,73,73,73,73,73,73,73,73,73,73,73,73,73,73,73,73,73,73,73,73,73,73,73,73,73,73],"card_choices":[{"not_picked":["animator:Illya","animator:YachiyoNanami"],"picked":"animator:Tet","floor":1},{"not_picked":["animator:Berserker","animator:OrikoMikuni"],"picked":"animator:EmiyaShirou","floor":2},{"not_picked":["animator:TukaLunaMarceau","animator:YaoHaDucy"],"picked":"animator:RoryMercury","floor":5},{"not_picked":["animator:ChlammyZell","animator:Jibril"],"picked":"animator:FielNirvalen","floor":7},{"not_picked":["animator:PinaCoLada","animator:GuildGirl"],"picked":"animator:Jibril","floor":14},{"not_picked":["animator:Greed","animator:Gilgamesh"],"picked":"animator:GoblinSlayer","floor":16},{"not_picked":["animator:MamiTomoe","animator:Illya+1"],"picked":"animator:DolaRiku","floor":18},{"not_picked":["animator:Illya+1","animator:Shinoa+1","animator:Assassin"],"picked":"SKIP","floor":19},{"not_picked":["animator:CowGirl","animator:Priestess"],"picked":"animator:Witch","floor":22},{"not_picked":["animator:Tet","animator:OrikoMikuni"],"picked":"animator:SakuraMatou+1","floor":23},{"not_picked":["animator:YachiyoNanami","animator:Sloth+1"],"picked":"animator:HighElfArcher+1","floor":28},{"not_picked":["animator:ShinjiMatou","animator:Jibril+1","animator:NagisaMomoe"],"picked":"SKIP","floor":30},{"not_picked":["animator:Assassin+1","animator:MaesHughes"],"picked":"animator:Guren","floor":31},{"not_picked":["animator:ShinjiMatou+1","animator:Tet+1"],"picked":"animator:Pride","floor":31},{"not_picked":["animator:Arpeggio","animator:Tet"],"picked":"animator:CowGirl+1","floor":31}],"player_experience":76108,"relics_obtained":[{"floor":9,"key":"Juzu Bracelet"},{"floor":23,"key":"Matryoshka"},{"floor":26,"key":"Molten Egg 2"},{"floor":26,"key":"CloakClasp"},{"floor":28,"key":"The Courier"},{"floor":31,"key":"reliquary:Sideboard"},{"floor":31,"key":"animator:Buoy"}],"event_choices":[{"damage_healed":0,"gold_gain":75,"player_choice":"Gather Gold","damage_taken":11,"max_hp_gain":0,"max_hp_loss":0,"event_name":"World of Goop","floor":3,"gold_loss":0},{"damage_healed":0,"gold_gain":0,"player_choice":"Entered Light","damage_taken":15,"max_hp_gain":0,"max_hp_loss":0,"event_name":"Shining Light","floor":11,"gold_loss":0,"cards_upgraded":["animator:Defend","animator:Tet"]},{"damage_healed":0,"gold_gain":0,"player_choice":"»˚«Æ","damage_taken":0,"relics_obtained":["PaintedHorse:ReiMu"],"max_hp_gain":0,"max_hp_loss":0,"event_name":"yidonshenshe","floor":12,"gold_loss":40},{"damage_healed":0,"gold_gain":0,"player_choice":"Read","damage_taken":0,"max_hp_gain":0,"max_hp_loss":0,"event_name":"The Library","floor":21,"gold_loss":0,"cards_obtained":["animator:GuildGirl"]}],"is_beta":false,"boss_relics":[{"not_picked":["Busted Crown","Painkiller Herb"],"picked":"animator:RacePiece"}],"items_purged_floors":[25],"is_endless":false,"potions_floor_spawned":[5,14,16,19,22,23],"killed_by":"Champ","ascension_level":0}}