{"host":"djoj10dqzzvtkauc","time":1613268154,"event":{"mods":["2.2 Compatiblity","BaseMod","Colored Map","DeckTracker","Highlight Path","Keyboard Shortcuts","Marisa£¨Ùöéë¡¡Øª×âÞÞ£©","Minty Spire (QoL Compilation)","Permanent Neow","Quick Restart","Random Character Button","StSLib","SuperFastMode","everything is the same but u backflip on backflip"],"gold_per_floor":[363,373,105,124,135,135,160,160,183,209,209,227,227,242,242,319,319,331,203,184,204,224,224,224,224,224,224,238,163,163,163],"floor_reached":30,"language":"KOR","playtime":958,"items_purged":["Strike_G","Strike_G"],"score":436,"play_id":"2bb20ade-5cb7-4c98-afeb-1cc3841937b9","local_time":"20210214110234","is_ascension_mode":true,"campfire_choices":[{"data":"Noxious Fumes","floor":6.0,"key":"SMITH"},{"data":"Backflip","floor":8.0,"key":"SMITH"},{"floor":11.0,"key":"REST"},{"data":"Dodge and Roll","floor":13.0,"key":"SMITH"},{"floor":15.0,"key":"REST"},{"data":"Terror","floor":23,"key":"SMITH"},{"floor":27,"key":"REST"}],"circlet_count":0,"master_deck":["AscendersBane","Defend_G","Defend_G","Defend_G","Defend_G","Survivor","Neutralize","Dagger Throw","Leg Sweep","Noxious Fumes+1","Terror+1","Predator","Underhanded Strike","Deflect","Backflip+1","Dash","Dodge and Roll+1","Blade Dance","Malaise","Reflex","Backflip","Slice","Quick Slash","Cloak And Dagger","Underhanded Strike","Glass Knife","PiercingWail","Masterful Stab"],"relics":["Ring of the Snake","Smiling Mask","Whetstone","Juzu Bracelet","HoveringKite","Mercury Hourglass"],"acts_visited":["Exordium","TheCity"],"potions_floor_usage":[30,30],"damage_taken":[{"damage":0.0,"enemies":"Cultist","floor":1.0,"turns":4.0},{"damage":2.0,"enemies":"Small Slimes","floor":2.0,"turns":3.0},{"damage":2.0,"enemies":"Jaw Worm","floor":4.0,"turns":4.0},{"damage":6.0,"enemies":"Exordium Wildlife","floor":5.0,"turns":6.0},{"damage":16.0,"enemies":"3 Sentries","floor":7.0,"turns":7.0},{"damage":20.0,"enemies":"Gremlin Nob","floor":10.0,"turns":5.0},{"damage":4.0,"enemies":"Large Slime","floor":12.0,"turns":7.0},{"damage":2.0,"enemies":"Lots of Slimes","floor":14.0,"turns":5.0},{"damage":20.0,"enemies":"Slime Boss","floor":16.0,"turns":12.0},{"damage":0,"enemies":"Shell Parasite","floor":18,"turns":6},{"damage":13,"enemies":"2 Thieves","floor":20,"turns":4},{"damage":17,"enemies":"Centurion and Healer","floor":21,"turns":10},{"damage":6,"enemies":"Snecko","floor":22,"turns":7},{"damage":6,"enemies":"Snake Plant","floor":28,"turns":4},{"damage":52,"enemies":"Slavers","floor":30,"turns":7}],"seed_played":"-4420198582381969420","potions_obtained":[{"floor":1.0,"key":"FearPotion"},{"floor":2.0,"key":"Energy Potion"},{"floor":5.0,"key":"Energy Potion"},{"floor":12.0,"key":"SkillPotion"},{"floor":21,"key":"Explosive Potion"},{"floor":28,"key":"Regen Potion"}],"is_trial":false,"path_per_floor":["M","M","$","M","M","R","E","R","T","E","R","M","R","M","R","B",null,"M","$","M","M","M","R","?","?","T","R","M","?","E"],"character_chosen":"THE_SILENT","items_purchased":["Noxious Fumes","Terror","Predator","Backflip","Slice"],"campfire_rested":3,"item_purchase_floors":[3,3,3,19,19],"current_hp_per_floor":[59,57,57,55,49,49,33,33,33,13,31,27,27,25,43,23,51,51,51,38,21,15,15,15,15,15,33,27,27,0,0],"gold":163,"neow_bonus":"TWO_FIFTY_GOLD","is_daily":false,"chose_seed":false,"campfire_upgraded":4,"win_rate":0.0,"timestamp":1613268154,"path_taken":["M","M","$","M","M","R","E","R","T","E","R","M","R","M","R","BOSS","M","$","M","M","M","R","?","?","T","R","M","?","E"],"items_purchased_type":["Card","Card","Card","Card","Card"],"build_version":"2020-12-22","purchased_purges":2,"victory":false,"max_hp_per_floor":[60,60,60,60,60,60,60,60,60,60,60,60,60,60,60,60,60,60,60,60,60,60,60,60,60,60,60,60,60,60,60],"card_choices":[{"not_picked":["Accuracy","Quick Slash"],"picked":"Dagger Throw","floor":1.0},{"not_picked":["Deflect","Deadly Poison"],"picked":"Leg Sweep","floor":2.0},{"not_picked":["Acrobatics","Bullet Time"],"picked":"Underhanded Strike","floor":4.0},{"not_picked":["Quick Slash","Heel Hook"],"picked":"Deflect","floor":5.0},{"not_picked":["Slice","Endless Agony"],"picked":"Backflip","floor":7.0},{"not_picked":["Doppelganger","Predator"],"picked":"Dash","floor":10.0},{"not_picked":["Quick Slash","Sucker Punch"],"picked":"Dodge and Roll","floor":12.0},{"not_picked":["Heel Hook","Cloak And Dagger"],"picked":"Blade Dance","floor":14.0},{"not_picked":["Phantasmal Killer","Burst"],"picked":"Malaise","floor":16.0},{"not_picked":["Blade Dance","Quick Slash"],"picked":"Reflex","floor":18},{"not_picked":["Catalyst","Riddle With Holes"],"picked":"Quick Slash","floor":20},{"not_picked":["Catalyst","Sucker Punch","Wraith Form v2"],"picked":"SKIP","floor":21},{"not_picked":["Endless Agony","Flying Knee"],"picked":"Cloak And Dagger","floor":22},{"not_picked":["Quick Slash","Poisoned Stab"],"picked":"Masterful Stab","floor":28}],"player_experience":243523,"relics_obtained":[{"floor":7.0,"key":"Smiling Mask"},{"floor":9.0,"key":"Whetstone"},{"floor":10.0,"key":"Juzu Bracelet"},{"floor":26,"key":"Mercury Hourglass"}],"event_choices":[{"damage_healed":0,"gold_gain":0,"cards_transformed":["Strike_G"],"player_choice":"Transformed","damage_taken":0,"max_hp_gain":0,"max_hp_loss":0,"event_name":"Transmorgrifier","floor":24,"gold_loss":0,"cards_obtained":["Underhanded Strike"]},{"damage_healed":0,"gold_gain":0,"cards_transformed":["Strike_G","Strike_G"],"player_choice":"Became Test Subject","damage_taken":0,"max_hp_gain":0,"max_hp_loss":0,"event_name":"Drug Dealer","floor":25,"gold_loss":0,"cards_obtained":["Glass Knife","PiercingWail"]},{"cards_removed":["Defend_G"],"damage_healed":0,"gold_gain":0,"player_choice":"Gave Gold","damage_taken":0,"max_hp_gain":0,"max_hp_loss":0,"event_name":"Beggar","floor":29,"gold_loss":75}],"is_beta":false,"boss_relics":[{"not_picked":["SlaversCollar","Astrolabe"],"picked":"HoveringKite"}],"items_purged_floors":[3,19],"is_endless":false,"potions_floor_spawned":[1,2,5,12,21,28],"killed_by":"Slavers","ascension_level":16}}