{"host":"prxrhpgaxnj4om9r","time":1613273764,"event":{"mods":["AchievementEnabler","BaseMod","DeckTracker","Minty Spire (QoL Compilation)"],"gold_per_floor":[110,124,199,199,46,78,78,107,107,107,107],"floor_reached":10,"language":"KOR","playtime":308,"items_purged":[],"score":77,"play_id":"34a784f4-a679-497c-bb2f-7c216c4e3148","local_time":"20210214123604","is_ascension_mode":true,"campfire_choices":[{"floor":7,"key":"REST"}],"circlet_count":0,"master_deck":["Strike_P","Strike_P","Strike_P","Strike_P","Defend_P","Defend_P","Defend_P","Eruption","Vigilance","Dramatic Entrance","Evaluate","MentalFortress","Protect"],"relics":["PureWater","Juzu Bracelet","Turnip","Odd Mushroom","Regal Pillow"],"acts_visited":["Exordium"],"potions_floor_usage":[10],"damage_taken":[{"damage":2,"enemies":"2 Louse","floor":1,"turns":2},{"damage":2,"enemies":"Small Slimes","floor":2,"turns":3},{"damage":29,"enemies":"Lagavulin","floor":6,"turns":7},{"damage":4,"enemies":"The Mushroom Lair","floor":8,"turns":3},{"damage":44,"enemies":"3 Sentries","floor":10,"turns":2}],"seed_played":"6485771820891818489","potions_obtained":[{"floor":8,"key":"CultistPotion"}],"is_trial":false,"path_per_floor":["M","M","?","?","$","E","R","?","T","E"],"character_chosen":"WATCHER","items_purchased":["Juzu Bracelet"],"campfire_rested":1,"item_purchase_floors":[5],"current_hp_per_floor":[70,68,57,50,50,21,42,38,38,0,0],"gold":107,"neow_bonus":"RANDOM_COLORLESS","is_daily":false,"chose_seed":false,"campfire_upgraded":0,"win_rate":0.0,"timestamp":1613273764,"path_taken":["M","M","?","?","$","E","R","?","T","E"],"items_purchased_type":["Relic"],"build_version":"2020-12-22","purchased_purges":0,"victory":false,"max_hp_per_floor":[72,72,72,72,72,72,72,72,72,72,72],"card_choices":[{"not_picked":["Jack Of All Trades","Blind"],"picked":"Dramatic Entrance","floor":0},{"not_picked":["FlurryOfBlows","JustLucky","FlyingSleeves"],"picked":"SKIP","floor":1},{"not_picked":["CrushJoints","EmptyBody"],"picked":"Evaluate","floor":2},{"not_picked":["Wallop","JustLucky"],"picked":"MentalFortress","floor":6},{"not_picked":["SashWhip","CrushJoints"],"picked":"Protect","floor":8}],"player_experience":437935,"relics_obtained":[{"floor":6,"key":"Turnip"},{"floor":8,"key":"Odd Mushroom"},{"floor":9,"key":"Regal Pillow"}],"event_choices":[{"damage_healed":0,"gold_gain":75,"player_choice":"Gather Gold","damage_taken":11,"max_hp_gain":0,"max_hp_loss":0,"event_name":"World of Goop","floor":3,"gold_loss":0},{"cards_removed":["Defend_P"],"damage_healed":0,"gold_gain":0,"player_choice":"Card Removal","damage_taken":7,"max_hp_gain":0,"max_hp_loss":0,"event_name":"Golden Wing","floor":4,"gold_loss":0},{"damage_healed":0,"gold_gain":0,"player_choice":"Fought Mushrooms","damage_taken":0,"max_hp_gain":0,"max_hp_loss":0,"event_name":"Mushrooms","floor":8,"gold_loss":0}],"is_beta":false,"boss_relics":[],"items_purged_floors":[],"is_endless":false,"potions_floor_spawned":[8],"killed_by":"3 Sentries","ascension_level":4}}