{"host":"wqsqub3crsxqknzv","time":1613322969,"event":{"mods":["BaseMod","Colored Powertips","Lobotomy","LobotomyExtend","Minty Spire (QoL Compilation)","StSLib"],"gold_per_floor":[115,182,182,357,375,375,40,53,53,88,115,40,40,53,53,151,151,151,151],"floor_reached":18,"playtime":485,"items_purged":["Doubt"],"score":158,"play_id":"bad9e9ae-a299-4ca1-ab03-9113ebbd55a0","local_time":"20210214191609","is_ascension_mode":false,"campfire_choices":[{"data":"Heavy Blade","floor":6,"key":"SMITH"},{"data":"Inflame","floor":13,"key":"SMITH"},{"data":"Rage","floor":15,"key":"SMITH"}],"circlet_count":0,"master_deck":["LongBird","Strike_R","Strike_R","Strike_R","Strike_R","Strike_R","Defend_R","Defend_R+1","Defend_R","Defend_R","Bash+1","WallGazer","Heavy Blade+1","OSAHOGD","Rage+1","Inflame+1","Spot Weakness+1","Impervious","UniverseFragment","Reaper"],"relics":["Burning Blood","CogitoBucket","RabbitCall","LetterFromLob","Matryoshka","MealTicket","Self Forming Clay","War Paint","Anchor","Omamori","Justitia_r","Mark of Pain"],"acts_visited":["Exordium","TheCity"],"potions_floor_usage":[10,16],"damage_taken":[{"damage":3,"enemies":"Small Slimes","floor":1,"turns":4},{"damage":11,"enemies":"2 Louse","floor":5,"turns":3},{"damage":8,"enemies":"Jaw Worm","floor":8,"turns":3},{"damage":28,"enemies":"Lagavulin","floor":10,"turns":6},{"damage":2,"enemies":"Looter","floor":14,"turns":2},{"damage":54,"enemies":"Slime Boss","floor":16,"turns":8},{"damage":106,"enemies":"Shell Parasite","floor":18,"turns":3}],"seed_played":"2274078553671203506","potions_obtained":[{"floor":5,"key":"Strength Potion"},{"floor":10,"key":"AttackPotion"}],"is_trial":false,"path_per_floor":["M","?","?","?","M","R","$","M","T","E","T","$","R","M","R","B",null,"M"],"character_chosen":"IRONCLAD","items_purchased":["Matryoshka","Inflame"],"campfire_rested":0,"item_purchase_floors":[7,7],"current_hp_per_floor":[80,80,80,80,75,75,75,73,73,51,51,66,66,70,70,22,80,0,0],"gold":151,"neow_bonus":"","is_daily":false,"chose_seed":false,"campfire_upgraded":3,"win_rate":0.0,"timestamp":1613322969,"path_taken":["M","?","?","?","M","R","?","M","T","E","?","$","R","?","R","BOSS","M"],"items_purchased_type":["Relic","Card"],"build_version":"2020-11-29","purchased_purges":1,"victory":false,"max_hp_per_floor":[80,80,80,80,80,80,80,80,80,80,80,80,80,80,80,80,80,80,80],"card_choices":[{"not_picked":["WallGazer","OldLady","CherryBlossoms"],"picked":"Singing Bowl","floor":1},{"not_picked":["Wellcheers","Bloodbath"],"picked":"WallGazer","floor":1},{"not_picked":["Rage","Pommel Strike"],"picked":"Heavy Blade","floor":1},{"not_picked":["LaLuna","QueenBee","MeltingLove"],"picked":"Singing Bowl","floor":5},{"not_picked":["VoidDream","MeatLantern"],"picked":"OSAHOGD","floor":5},{"not_picked":["Twin Strike","Clash","Rage"],"picked":"SKIP","floor":5},{"not_picked":["Twin Strike","Clash"],"picked":"Rage","floor":5},{"not_picked":["Bloodbath","Alriune","Murderer"],"picked":"Singing Bowl","floor":8},{"not_picked":["Armaments","Twin Strike"],"picked":"Spot Weakness","floor":8},{"not_picked":["OldLady","QueenBee","Yin"],"picked":"Singing Bowl","floor":10},{"not_picked":["Wellcheers","CrumblingArmor"],"picked":"LongBird","floor":10},{"not_picked":["Intimidate","Clothesline"],"picked":"Impervious","floor":10},{"not_picked":["SnowQueen","CrumblingArmor","FieryBird"],"picked":"Singing Bowl","floor":14},{"not_picked":["Body Slam","Rupture","Thunderclap"],"picked":"SKIP","floor":14},{"not_picked":["FairyFestival","Variant","QueenBee"],"picked":"Singing Bowl","floor":16},{"not_picked":["QueenBee","CherryBlossoms"],"picked":"UniverseFragment","floor":16},{"not_picked":["Impervious","Fiend Fire"],"picked":"Reaper","floor":16}],"player_experience":12809,"relics_obtained":[{"floor":1,"key":"LetterFromLob"},{"floor":9,"key":"MealTicket"},{"floor":9,"key":"Self Forming Clay"},{"floor":10,"key":"War Paint"},{"floor":11,"key":"Anchor"},{"floor":11,"key":"Omamori"}],"event_choices":[{"damage_healed":0,"gold_gain":67,"player_choice":"Gained Gold","damage_taken":0,"max_hp_gain":0,"max_hp_loss":0,"event_name":"Golden Wing","floor":2,"gold_loss":0},{"damage_healed":0,"gold_gain":0,"player_choice":"Grow","damage_taken":0,"max_hp_gain":0,"max_hp_loss":0,"event_name":"Living Wall","floor":3,"gold_loss":0,"cards_upgraded":["Bash"]},{"damage_healed":0,"gold_gain":175,"player_choice":"AGREE","damage_taken":0,"max_hp_gain":0,"max_hp_loss":0,"event_name":"Liars Game","floor":4,"gold_loss":0,"cards_obtained":["Doubt"]}],"is_beta":false,"boss_relics":[{"not_picked":["Fusion Hammer","Empty Cage"],"picked":"Mark of Pain"}],"items_purged_floors":[12],"is_endless":false,"potions_floor_spawned":[5,10],"killed_by":"Shell Parasite","ascension_level":0}}