{"host":"l15sdf2mmi0nobpi","time":1613271762,"event":{"mods":["ATMod(°¢èªMod)","BaseMod","Highlight Path","Minty Spire (QoL Compilation)","Quick Restart","StSLib","The Runesmith","The Senshi","¡¾¹¦ÄÜMod¡¿Neow½±Àø"],"gold_per_floor":[10,10,35,135,149,149,168,168,168,222,240,283,101,135,135,260,260,281,295,295,295,36,75,88,88,114,114,114],"floor_reached":27,"language":"ZHS","playtime":1905,"items_purged":["Runesmith:Strike_RS","Runesmith:Strike_RS"],"score":387,"play_id":"6c5661d2-20e7-4ade-812e-4ae471f72674","local_time":"20210214110242","is_ascension_mode":true,"campfire_choices":[{"data":"Runesmith:Grindstone","floor":6.0,"key":"SMITH"},{"data":"AT_FamilyPortrait","floor":8.0,"key":"SMITH"},{"data":"Runesmith:LithiumIon","floor":15.0,"key":"SMITH"},{"floor":25.0,"key":"REST"}],"circlet_count":0,"master_deck":["AscendersBane","Runesmith:Strike_RS","Runesmith:Defend_RS","Runesmith:Defend_RS","Runesmith:Defend_RS","Runesmith:Defend_RS","Runesmith:CraftFirestone","Runesmith:Fortify","AT_FamilyPortrait+1","Runesmith:CraftSpiculum","Runesmith:BackupBattery+1","Runesmith:Grindstone+1","Runesmith:PoweredAnvil","Runesmith:Repurpose","Runesmith:LithiumIon+1","Runesmith:Terraform+1","Runesmith:Supernova","Runesmith:Permafrost+1","Runesmith:EnergizedChisel","Runesmith:EarthShield","Runesmith:Firestorm"],"relics":["Runesmith:CoreCrystal","AT_ATBox","AT_RabadonDeathcap","Golden Idol","AT_SilvercatRing","MealTicket","AT_BellDemon","Singing Bowl","Strawberry","Runesmith:MiniCore"],"acts_visited":["Exordium","TheCity"],"potions_floor_usage":[27,27],"damage_taken":[{"damage":7.0,"enemies":"Jaw Worm","floor":1.0,"turns":4.0},{"damage":6.0,"enemies":"Small Slimes","floor":3.0,"turns":5.0},{"damage":0.0,"enemies":"Cultist","floor":5.0,"turns":4.0},{"damage":4.0,"enemies":"Exordium Thugs","floor":7.0,"turns":5.0},{"damage":6.0,"enemies":"Exordium Wildlife","floor":11.0,"turns":6.0},{"damage":2.0,"enemies":"Lagavulin","floor":12.0,"turns":7.0},{"damage":18.0,"enemies":"3 Sentries","floor":14.0,"turns":6.0},{"damage":34.0,"enemies":"Hexaghost","floor":16.0,"turns":9.0},{"damage":6.0,"enemies":"Shell Parasite","floor":18.0,"turns":9.0},{"damage":24.0,"enemies":"Spheric Guardian","floor":19.0,"turns":6.0},{"damage":7.0,"enemies":"Gremlin Leader","floor":23.0,"turns":8.0},{"damage":13.0,"enemies":"3 Cultists","floor":24.0,"turns":5.0},{"damage":8,"enemies":"Colosseum Slavers","floor":27,"turns":7},{"damage":54,"enemies":"Colosseum Nobs","floor":27,"turns":3}],"seed_played":"1386499945120858720","potions_obtained":[{"floor":1.0,"key":"Explosive Potion"},{"floor":7.0,"key":"Swift Potion"},{"floor":11.0,"key":"SkillPotion"},{"floor":19.0,"key":"Weak Potion"},{"floor":23.0,"key":"LiquidMemories"},{"floor":24.0,"key":"Dexterity Potion"}],"is_trial":false,"path_per_floor":["M","?","M","?","M","R","M","R","T","T","M","E","$","E","R","B",null,"M","M","?","?","$","E","M","R","T","?"],"character_chosen":"RUNESMITH_CLASS","items_purchased":["Runesmith:LithiumIon","Runesmith:Terraform","Runesmith:EnergizedChisel","Runesmith:EarthShield","Runesmith:Firestorm"],"campfire_rested":1,"item_purchase_floors":[13,13,22,22,22],"current_hp_per_floor":[56,56,50,50,50,50,46,46,46,46,43,41,56,40,40,6,54,50,28,28,28,43,45,34,59,59,0,0],"gold":114,"neow_bonus":"ONE_RARE_RELIC","is_daily":false,"chose_seed":false,"campfire_upgraded":3,"win_rate":0.0,"timestamp":1613271762,"path_taken":["M","?","M","?","?","R","M","R","T","?","M","E","$","E","R","BOSS","M","M","?","?","$","E","M","R","T","?"],"items_purchased_type":["Card","Card","Card","Card","Card"],"build_version":"2020-12-22","purchased_purges":2,"victory":false,"max_hp_per_floor":[70,65,65,65,65,65,65,65,65,65,68,68,68,70,70,70,70,72,74,74,74,74,83,85,85,85,85,85],"card_choices":[{"not_picked":["Runesmith:HeatedChisel","Runesmith:RuneHurl"],"picked":"Runesmith:CraftSpiculum","floor":1.0},{"not_picked":["Runesmith:StaticCage","Runesmith:Malloc"],"picked":"Runesmith:BackupBattery","floor":3.0},{"not_picked":["Runesmith:Electrocute","Runesmith:Discharge"],"picked":"Runesmith:Grindstone","floor":5.0},{"not_picked":["Runesmith:BackupBattery","Runesmith:ChiselStab","Runesmith:FrozenChisel"],"picked":"SKIP","floor":7.0},{"not_picked":["Runesmith:FieryHammer","Runesmith:UnstableHammer"],"picked":"Runesmith:PoweredAnvil","floor":11.0},{"not_picked":["Runesmith:FieryHammer","Runesmith:LastStand"],"picked":"Runesmith:Repurpose","floor":12.0},{"not_picked":["Runesmith:PerfectChisel","Runesmith:UnstableHammer","Runesmith:StaticCage"],"picked":"Singing Bowl","floor":14.0},{"not_picked":["Runesmith:CraftIndustria","Runesmith:MetallurgicalResearch"],"picked":"Runesmith:Supernova","floor":16.0},{"not_picked":["Runesmith:Overpower","Runesmith:NegativeSpace","Runesmith:HeatExchange"],"picked":"Singing Bowl","floor":18.0},{"not_picked":["Runesmith:HammerAndChisel","Runesmith:Overpower+1","Runesmith:RunicBlueprint"],"picked":"Singing Bowl","floor":19.0},{"not_picked":["Runesmith:FrozenChisel","Runesmith:Repurpose","Runesmith:ChiselStab"],"picked":"Singing Bowl","floor":23.0},{"not_picked":["Runesmith:Overpower","Runesmith:Empowerment","Runesmith:PerfectChisel+1"],"picked":"Singing Bowl","floor":24.0}],"player_experience":827272,"relics_obtained":[{"floor":9.0,"key":"AT_SilvercatRing"},{"floor":10.0,"key":"MealTicket"},{"floor":12.0,"key":"AT_BellDemon"},{"floor":14.0,"key":"Singing Bowl"},{"floor":23.0,"key":"Strawberry"},{"floor":26.0,"key":"Runesmith:MiniCore"}],"event_choices":[{"damage_healed":0.0,"max_hp_gain":0.0,"max_hp_loss":5.0,"gold_gain":0.0,"event_name":"Golden Idol","player_choice":"Lose Max HP","floor":2.0,"gold_loss":0.0,"damage_taken":0.0,"relics_obtained":["Golden Idol"]},{"damage_healed":0.0,"max_hp_gain":0.0,"max_hp_loss":0.0,"gold_gain":100.0,"event_name":"Wheel of Change","player_choice":"Gold","floor":4.0,"gold_loss":0.0,"damage_taken":0.0},{"damage_healed":0.0,"max_hp_gain":0.0,"max_hp_loss":0.0,"gold_gain":0.0,"event_name":"The Library","player_choice":"Read","floor":20.0,"gold_loss":0.0,"damage_taken":0.0,"cards_obtained":["Runesmith:Permafrost"]},{"cards_removed":["Runesmith:Strike_RS"],"damage_healed":0.0,"max_hp_gain":0.0,"max_hp_loss":0.0,"gold_gain":0.0,"event_name":"Back to Basics","player_choice":"Elegance","floor":21.0,"gold_loss":0.0,"damage_taken":0.0},{"damage_healed":0,"gold_gain":0,"player_choice":"Fight","damage_taken":0,"max_hp_gain":0,"max_hp_loss":0,"event_name":"Colosseum","floor":27,"gold_loss":0},{"damage_healed":0,"gold_gain":0,"player_choice":"Fought Nobs","damage_taken":0,"max_hp_gain":0,"max_hp_loss":0,"event_name":"Colosseum","floor":27,"gold_loss":0}],"is_beta":false,"boss_relics":[{"not_picked":["Busted Crown","AT_MortalBlade"],"picked":"Runesmith:CoreCrystal"}],"items_purged_floors":[13,22],"is_endless":false,"potions_floor_spawned":[1,7,11,16,19,23,24],"killed_by":"Colosseum Nobs","ascension_level":10}}