{"host":"u0qetpmu4y58k1tf","time":1613270026,"event":{"mods":["100% Spire Juice","AchievementEnabler","Act Like it!","BaseMod","CapriCore","Colored Map","Colored Powertips","Hermit","Koishi","Marisa£¨Ùöéë¡¡Øª×âÞÞ£©","Minty Spire (QoL Compilation)","Quick Restart","Reliquary","Replay The Spire","StSLib","Td1madao Mod","The Bug Knight","The Cursed","The Dragon Tamer","The Gatherer","The Hierophant","The Immortal","The Jungle","The Runesmith","WarShipGirlsR/??á´Ò³R mod"],"gold_per_floor":[109,109,0,0,100,131,131,149,149,176,193,204,230,27,27,122,122,134,71,61,138,138,173,173,228,605,404,404,226,250,276,276,374,374,386,596,596,645,661,661,693,537,537,537,537],"floor_reached":44,"language":"KOR","playtime":1881,"items_purged":["Amnesia","rmod:strick","rmod:defend","ReplayTheSpireMod:Restless Dread","Writhe","Regret"],"score":816,"play_id":"bca6f689-c2cf-4c6a-b722-5a175547966a","local_time":"20210214113346","is_ascension_mode":true,"campfire_choices":[{"data":"rmod:basicallowance","floor":7,"key":"SMITH"},{"data":"rmod:supportaircraftcarrier","floor":15,"key":"SMITH"},{"floor":24,"key":"DIG"},{"floor":32,"key":"DIG"},{"floor":40,"key":"DIG"}],"circlet_count":0,"master_deck":["rmod:strick","rmod:strick+1","rmod:strick+1","rmod:defend","rmod:defend+1","rmod:defend","rmod:basicallowance+1","rmod:maingunfire","rmod:fletcherpendant","rmod:chargemoney+1","rmod:heivgo","rmod:supportaircraftcarrier+1","Pot Of Greed+1","rmod:ridicule","CurseOfTheBell","rmod:openingtorpedo","rmod:goodsister","rmod:fletcherpendant+1","rmod:fletcher","Pot Of Greed","rmod:highspeedmaneuver","rmod:heivgo+1","rmod:wasp+1","ReplayTheSpireMod:Doomed","rmod:fletcherpendant","Replay:Sluggish","rmod:overbreakdown+1","rmod:ring","rmod:diamondstrike+1","rmod:diaomin+1"],"relics":["rmod:firstchargereward","NeowsBlessing","Ring of Searing","ReplayTheSpireMod:Ring of Collecting","reliquary:Firecrackers","ReplayTheSpireMod:Ring of Challenge","reliquary:PurpleTingedLeaf","Runesmith:Locket","Grinning Jar","Membership Card","Calling Bell","Blood Vial","reliquary:BallBearing","Shovel","Ring of Fury","reliquary:FeatherDuster","Dead Branch","Whetstone","Quantum Egg","Ring of Greed","Old Coin","Smiling Mask","Anchor","Prayer Wheel","reliquary:BallBearing","Onion Ring","War Paint","Sozu","Gambling Chip","Lantern","Mirror","Akabeko","Ring of Misfortune"],"acts_visited":["Exordium","Exordium","TheBeyond"],"potions_floor_usage":[13,23,31,33,44],"damage_taken":[{"damage":0,"enemies":"Small Slimes","floor":1,"turns":1},{"damage":0,"enemies":"3 Sentries","floor":6,"turns":1},{"damage":0,"enemies":"2 Louse","floor":8,"turns":1},{"damage":20,"enemies":"HollowMod:MossKnight","floor":10,"turns":4},{"damage":5,"enemies":"Cultist","floor":11,"turns":3},{"damage":10,"enemies":"Lots of Slimes","floor":12,"turns":4},{"damage":8,"enemies":"Gremlin Nob","floor":13,"turns":4},{"damage":0,"enemies":"Slime Boss","floor":16,"turns":6},{"damage":49,"enemies":"theJungle:GiantWrat","floor":18,"turns":6},{"damage":29,"enemies":"theJungle:MamaSnecko","floor":23,"turns":5},{"damage":1,"enemies":"theJungle:2_Phrogs","floor":25,"turns":4},{"damage":1,"enemies":"Shell Parasite","floor":30,"turns":2},{"damage":2,"enemies":"theJungle:MamaSnecko","floor":31,"turns":1},{"damage":0,"enemies":"theJungle:FunGuy","floor":33,"turns":4},{"damage":22,"enemies":"3 Darklings","floor":35,"turns":4},{"damage":21,"enemies":"2 Orb Walkers","floor":38,"turns":3},{"damage":0,"enemies":"Orb Walker","floor":39,"turns":2},{"damage":0,"enemies":"Nemesis","floor":41,"turns":1},{"damage":48,"enemies":"Reptomancer","floor":44,"turns":2}],"seed_played":"-628947647325973282","potions_obtained":[{"floor":10,"key":"Ancient Potion"},{"floor":11,"key":"ColorlessPotion"},{"floor":12,"key":"Block Potion"},{"floor":18,"key":"PowerPotion"},{"floor":23,"key":"Elixir"}],"is_trial":false,"path_per_floor":["M","?","$","?","?","E","R","M","T","E","M","M","E","$","R","B",null,"M","$","?","T","?","E","R","E","T","$","?","$","M","E","R","B",null,"M","?","?","?","M","R","E","$","T","E"],"character_chosen":"PRAEFECT","items_purchased":["rmod:chargemoney","Membership Card","Prayer Wheel","reliquary:SculptingSteel","rmod:diaomin+1","Akabeko"],"campfire_rested":0,"item_purchase_floors":[3,14,27,29,42,42],"current_hp_per_floor":[75,75,75,75,75,75,75,75,75,56,52,44,37,37,37,39,75,29,29,29,29,31,7,7,9,9,9,9,9,11,12,12,16,75,54,36,36,18,21,21,24,24,24,0,0],"gold":537,"neow_bonus":"THREE_ENEMY_KILL","is_daily":false,"chose_seed":false,"campfire_upgraded":2,"win_rate":0.0,"timestamp":1613270026,"path_taken":["M","?","$","?","?","E","R","?","T","E","M","M","E","$","R","BOSS","M","$","?","?","?","E","R","E","T","$","?","?","M","E","R","BOSS","M","?","?","?","M","R","E","$","T","E"],"items_purchased_type":["Card","Relic","Relic","Relic","Card","Relic"],"build_version":"2020-12-22","purchased_purges":6,"victory":false,"max_hp_per_floor":[75,75,75,75,75,75,75,75,75,75,75,75,75,75,75,75,75,75,75,75,75,75,75,75,75,75,75,75,75,75,75,75,75,75,75,75,75,75,75,75,75,75,75,75,75],"card_choices":[{"not_picked":["rmod:steelsupply","rmod:rockthrower"],"picked":"rmod:fletcherpendant","floor":1},{"not_picked":["rmod:concentratefire","rmod:garrisonisland","rmod:salvage"],"picked":"SKIP","floor":6},{"not_picked":["rmod:firesupport","rmod:fuelsupply"],"picked":"rmod:maintain","floor":8},{"not_picked":["rmod:luckystar","rmod:bulid"],"picked":"rmod:heivgo","floor":10},{"not_picked":["rmod:highspeedshooting","rmod:diamondstrike","rmod:unsinkable"],"picked":"SKIP","floor":11},{"not_picked":["rmod:fuelsupply","rmod:aviationdawn"],"picked":"rmod:supportaircraftcarrier","floor":12},{"not_picked":["rmod:robin","rmod:victimresponsibility","rmod:supportescort"],"picked":"SKIP","floor":13},{"not_picked":["rmod:lastglory","rmod:secretscript"],"picked":"rmod:ridicule","floor":16},{"not_picked":["rmod:slowdown+1","rmod:mineteam"],"picked":"rmod:openingtorpedo","floor":18},{"not_picked":[],"picked":"rmod:goodsister","floor":20},{"not_picked":["rmod:unsinkable","rmod:circuitoustactics","rmod:concentratefire"],"picked":"SKIP","floor":23},{"not_picked":["rmod:unsinkable","rmod:ring","rmod:highspeedshooting"],"picked":"SKIP","floor":25},{"not_picked":["rmod:combined","rmod:tearstotiara"],"picked":"rmod:fletcherpendant+1","floor":30},{"not_picked":["rmod:selfconfidence","rmod:highspeedshooting+1","rmod:ammunitionsupply+1"],"picked":"SKIP","floor":30},{"not_picked":["rmod:tearstotiara","rmod:firesupport"],"picked":"rmod:fletcher","floor":31},{"not_picked":["rmod:lastglory","rmod:supriseattacks"],"picked":"rmod:highspeedmaneuver","floor":33},{"not_picked":["rmod:supportescort+1","rmod:concentratefire+1"],"picked":"rmod:heivgo+1","floor":35},{"not_picked":["rmod:diamondstrike+1","rmod:combined+1"],"picked":"rmod:wasp+1","floor":35},{"not_picked":["rmod:firesupport+1","rmod:combined+1"],"picked":"rmod:fletcherpendant","floor":36},{"not_picked":["rmod:tearstotiara","rmod:supportescort"],"picked":"rmod:overbreakdown+1","floor":38},{"not_picked":["rmod:slowdown+1","rmod:capitalist"],"picked":"rmod:ring","floor":39},{"not_picked":["rmod:selfconfidence","rmod:garrisonisland+1"],"picked":"rmod:diamondstrike+1","floor":39},{"not_picked":["rmod:unsinkable+1","rmod:intelligenceanalysis+1","rmod:firesupport+1"],"picked":"SKIP","floor":41}],"player_experience":134894,"relics_obtained":[{"floor":2,"key":"Ring of Searing"},{"floor":2,"key":"ReplayTheSpireMod:Ring of Collecting"},{"floor":6,"key":"reliquary:Firecrackers"},{"floor":9,"key":"ReplayTheSpireMod:Ring of Challenge"},{"floor":9,"key":"reliquary:PurpleTingedLeaf"},{"floor":10,"key":"Runesmith:Locket"},{"floor":13,"key":"Grinning Jar"},{"floor":17,"key":"Blood Vial"},{"floor":17,"key":"reliquary:BallBearing"},{"floor":17,"key":"Shovel"},{"floor":21,"key":"Ring of Fury"},{"floor":21,"key":"reliquary:FeatherDuster"},{"floor":23,"key":"Dead Branch"},{"floor":24,"key":"Whetstone"},{"floor":25,"key":"Quantum Egg"},{"floor":26,"key":"Ring of Greed"},{"floor":26,"key":"Old Coin"},{"floor":26,"key":"Smiling Mask"},{"floor":26,"key":"Anchor"},{"floor":31,"key":"Onion Ring"},{"floor":32,"key":"War Paint"},{"floor":38,"key":"Gambling Chip"},{"floor":40,"key":"Lantern"},{"floor":41,"key":"Mirror"},{"floor":43,"key":"Ring of Misfortune"}],"event_choices":[{"damage_healed":0,"gold_gain":0,"player_choice":"Grow","damage_taken":0,"max_hp_gain":0,"max_hp_loss":0,"event_name":"Living Wall","floor":4,"gold_loss":0,"cards_upgraded":["rmod:chargemoney"]},{"damage_healed":0,"gold_gain":100,"player_choice":"Gold","damage_taken":0,"max_hp_gain":0,"max_hp_loss":0,"event_name":"Wheel of Change","floor":5,"gold_loss":0},{"damage_healed":0,"gold_gain":0,"player_choice":"Ignored","damage_taken":0,"max_hp_gain":0,"max_hp_loss":0,"event_name":"Tomb of Lord Red Mask","floor":37,"gold_loss":0},{"damage_healed":0,"gold_gain":0,"player_choice":"Fight","damage_taken":0,"max_hp_gain":0,"max_hp_loss":0,"event_name":"Mysterious Sphere","floor":38,"gold_loss":0}],"is_beta":false,"boss_relics":[{"not_picked":["reliquary:KinkedSpring","Coffee Dripper"],"picked":"Calling Bell"},{"not_picked":["Replay:Bronze Core","Replay:Drink Me"],"picked":"Sozu"}],"items_purged_floors":[3,14,19,27,29,42],"is_endless":false,"potions_floor_spawned":[10,11,12,18,23,30,38],"killed_by":"Reptomancer","ascension_level":1}}