{"host":"wuernuywc9gl215o","time":1613285247,"event":{"mods":["2.2 Compatiblity","AchievementEnabler","BaseMod","Bestiary","Block Reminder","Displayed Cursed Tome","Highlight Path","Key Reminder","Minty Spire (QoL Compilation)","Permanent Neow","Potion Indicator Mod","Quick Restart","Rare Cards Sparkle","Relic Stats","ojb\u0027s Info Mod"],"gold_per_floor":[359,369,383,383,403,403,432,432,432,463,45,71,88,105,105,105,105],"floor_reached":16,"language":"ENG","playtime":876,"items_purged":[],"score":272,"play_id":"57f204a8-8bb1-4647-acc4-046caa49803f","local_time":"20210214064727","is_ascension_mode":true,"campfire_choices":[{"floor":6.0,"key":"REST"},{"data":"All Out Attack","floor":8.0,"key":"SMITH"},{"data":"Wraith Form v2","floor":15.0,"key":"SMITH"}],"circlet_count":0,"master_deck":["AscendersBane","Strike_G","Strike_G","Strike_G","Strike_G","Defend_G","Defend_G","Defend_G","Defend_G","Defend_G","Survivor","Neutralize","Dash","Quick Slash","All Out Attack+1","Underhanded Strike","Dagger Throw","Endless Agony","Footwork","Footwork","Cloak And Dagger","Wraith Form v2+1"],"relics":["Ring of the Snake","HornCleat","Ornamental Fan","Question Card","PreservedInsect","Happy Flower","Snake Skull"],"acts_visited":["Exordium"],"potions_floor_usage":[],"damage_taken":[{"damage":3.0,"enemies":"Cultist","floor":1.0,"turns":4.0},{"damage":0.0,"enemies":"Small Slimes","floor":2.0,"turns":3.0},{"damage":5.0,"enemies":"Jaw Worm","floor":3.0,"turns":4.0},{"damage":9.0,"enemies":"3 Louse","floor":5.0,"turns":3.0},{"damage":10.0,"enemies":"3 Sentries","floor":7.0,"turns":8.0},{"damage":6.0,"enemies":"Lagavulin","floor":10.0,"turns":6.0},{"damage":0.0,"enemies":"3 Sentries","floor":12.0,"turns":3.0},{"damage":0.0,"enemies":"2 Fungi Beasts","floor":13.0,"turns":3.0},{"damage":0.0,"enemies":"Looter","floor":14.0,"turns":2.0},{"damage":41,"enemies":"Slime Boss","floor":16,"turns":8}],"seed_played":"8389730470332477316","potions_obtained":[{"floor":1.0,"key":"Dexterity Potion"},{"floor":3.0,"key":"CunningPotion"},{"floor":5.0,"key":"Weak Potion"},{"floor":10.0,"key":"Regen Potion"}],"is_trial":false,"path_per_floor":["M","M","M","?","M","R","E","R","T","E","$","E","M","M","R","B"],"character_chosen":"THE_SILENT","items_purchased":["PreservedInsect","Happy Flower","Footwork"],"campfire_rested":1,"item_purchase_floors":[11,11,11],"current_hp_per_floor":[41,41,36,36,27,46,36,36,36,30,30,39,39,39,39,0,0],"gold":105,"neow_bonus":"TWO_FIFTY_GOLD","is_daily":false,"chose_seed":false,"campfire_upgraded":2,"win_rate":0.0,"timestamp":1613285247,"path_taken":["M","M","M","?","M","R","E","R","T","E","$","E","?","M","R","BOSS"],"items_purchased_type":["Relic","Relic","Card"],"build_version":"2020-12-22","purchased_purges":0,"victory":false,"max_hp_per_floor":[66,66,66,66,66,66,66,66,66,66,66,66,66,66,66,66,66],"relic_stats":{"Happy Flower":[5],"counters":[10,44],"Ornamental Fan":[56],"PreservedInsect":33,"Snake Skull":[0],"Question Card":3,"obtain_stats":[{"HornCleat":7,"Happy Flower":11,"Ornamental Fan":9,"PreservedInsect":11,"Snake Skull":12,"Question Card":10,"Ring of the Snake":0},{"HornCleat":5,"Happy Flower":6,"Ornamental Fan":5,"PreservedInsect":6,"Snake Skull":7,"Question Card":6,"Ring of the Snake":0},{"HornCleat":22,"Happy Flower":28,"Ornamental Fan":22,"PreservedInsect":28,"Snake Skull":31,"Question Card":28,"Ring of the Snake":0}],"Ring of the Snake":[20]},"card_choices":[{"not_picked":["Predator","Infinite Blades"],"picked":"Dash","floor":1.0},{"not_picked":["Blur","Cloak And Dagger"],"picked":"Quick Slash","floor":2.0},{"not_picked":["Dodge and Roll","Masterful Stab"],"picked":"All Out Attack","floor":3.0},{"not_picked":["Slice","Prepared"],"picked":"Underhanded Strike","floor":5.0},{"not_picked":["Masterful Stab","Doppelganger"],"picked":"Dagger Throw","floor":7.0},{"not_picked":["Deflect","Caltrops"],"picked":"Endless Agony","floor":10.0},{"not_picked":["Prepared","PiercingWail","Sucker Punch"],"picked":"Footwork","floor":12.0},{"not_picked":["Dagger Spray","Bane","Deflect"],"picked":"Cloak And Dagger","floor":13.0},{"not_picked":["Poisoned Stab","Leg Sweep","Noxious Fumes"],"picked":"Wraith Form v2","floor":14.0}],"player_experience":957440,"relics_obtained":[{"floor":7.0,"key":"HornCleat"},{"floor":9.0,"key":"Ornamental Fan"},{"floor":10.0,"key":"Question Card"},{"floor":12.0,"key":"Snake Skull"}],"event_choices":[{"cards_removed":["Strike_G"],"damage_healed":0.0,"max_hp_gain":0.0,"max_hp_loss":0.0,"gold_gain":0.0,"event_name":"Bonfire Elementals","player_choice":"Offered Basic","floor":4.0,"gold_loss":0.0,"damage_taken":0.0}],"is_beta":false,"boss_relics":[],"items_purged_floors":[],"is_endless":false,"potions_floor_spawned":[1,3,5,10],"killed_by":"Slime Boss","ascension_level":17}}