{"host":"7ij4m6ehapfophuy","time":1613288122,"event":{"mods":["BaseMod","Bestiary","Curses Come First","Filter the Spire","Minty Spire (QoL Compilation)","Relic Stats","StSLib","ojb\u0027s Better Paths Mod"],"gold_per_floor":[218,231,242,222,49,80,80,108,133,133,165,180,193,212,212,286,286,296,309,150,150,168,168,68,68,68,68,68,103,103,203,203,274,274,285,303,20,20,45,45,72,72,72,72,89,99,99,109,109,109,109,109,109,14,42,42],"floor_reached":57,"language":"ENG","playtime":4913,"items_purged":["Zap","Dualcast","Go for the Eyes"],"score":2686,"play_id":"05c899e5-52a6-448c-b610-a88858397e0c","local_time":"20210214023522","is_ascension_mode":true,"campfire_choices":[{"data":"Hyperbeam","floor":7.0,"key":"SMITH"},{"data":"Hyperbeam","floor":10.0,"key":"SMITH"},{"data":"Reprogram","floor":15.0,"key":"SMITH"},{"data":"Beam Cell","floor":23.0,"key":"SMITH"},{"data":"Ghostly","floor":28.0,"key":"SMITH"},{"data":"Ghostly","floor":30.0,"key":"SMITH"},{"data":"Hologram","floor":32.0,"key":"SMITH"},{"floor":40.0,"key":"DIG"},{"floor":42.0,"key":"DIG"},{"floor":47.0,"key":"RECALL"},{"floor":49.0,"key":"DIG"},{"floor":53,"key":"DIG"}],"circlet_count":0,"master_deck":["AscendersBane","Rip and Tear","Skim","Hyperbeam+1","Hyperbeam+1","Go for the Eyes","Undo","Reprogram+1","Rip and Tear","Hologram+1","Machine Learning+1","Steam","Beam Cell+1","Ghostly+1","Ghostly+1","Ghostly","Stack+1","Turbo","RitualDagger","Echo Form+1","Seek+1","Hologram+1","Compile Driver","Madness+1","Madness+1","Hologram+1","Compile Driver+1","Aggregate+1","Rip and Tear+1"],"relics":["Cracked Core","Orrery","Bag of Marbles","Anchor","Smiling Mask","Frozen Egg 2","Calling Bell","Nunchaku","Symbiotic Virus","Calipers","Darkstone Periapt","Du-Vu Doll","Toxic Egg 2","Pandora\u0027s Box","Potion Belt","Shovel","Blood Vial","The Courier","Eternal Feather","Molten Egg 2","Emotion Chip","HornCleat","Ornamental Fan"],"acts_visited":["Exordium","TheCity","TheBeyond","TheEnding"],"potions_floor_usage":[50,56,56,56,56],"damage_taken":[{"damage":2.0,"enemies":"2 Louse","floor":1.0,"turns":3.0},{"damage":0.0,"enemies":"Cultist","floor":2.0,"turns":3.0},{"damage":0.0,"enemies":"Small Slimes","floor":3.0,"turns":2.0},{"damage":15.0,"enemies":"Lagavulin","floor":6.0,"turns":6.0},{"damage":2.0,"enemies":"Gremlin Nob","floor":8.0,"turns":3.0},{"damage":0.0,"enemies":"3 Sentries","floor":11.0,"turns":2.0},{"damage":0.0,"enemies":"Exordium Wildlife","floor":12.0,"turns":1.0},{"damage":2.0,"enemies":"3 Louse","floor":13.0,"turns":2.0},{"damage":0.0,"enemies":"Looter","floor":14.0,"turns":2.0},{"damage":43.0,"enemies":"Slime Boss","floor":16.0,"turns":6.0},{"damage":16.0,"enemies":"2 Thieves","floor":18.0,"turns":3.0},{"damage":10.0,"enemies":"Shell Parasite","floor":19.0,"turns":7.0},{"damage":3.0,"enemies":"Snake Plant","floor":22.0,"turns":6.0},{"damage":0.0,"enemies":"Gremlin Leader","floor":29.0,"turns":4.0},{"damage":7.0,"enemies":"Colosseum Slavers","floor":31.0,"turns":3.0},{"damage":0.0,"enemies":"Colosseum Nobs","floor":31.0,"turns":2.0},{"damage":12.0,"enemies":"Champ","floor":33.0,"turns":14.0},{"damage":0.0,"enemies":"3 Darklings","floor":35.0,"turns":1.0},{"damage":1.0,"enemies":"Orb Walker","floor":36.0,"turns":4.0},{"damage":0.0,"enemies":"Mind Bloom Boss Battle","floor":39.0,"turns":6.0},{"damage":0.0,"enemies":"Nemesis","floor":41.0,"turns":5.0},{"damage":0.0,"enemies":"Jaw Worm Horde","floor":45.0,"turns":1.0},{"damage":0.0,"enemies":"4 Shapes","floor":46.0,"turns":3.0},{"damage":6.0,"enemies":"Sphere and 2 Shapes","floor":48.0,"turns":4.0},{"damage":4,"enemies":"Time Eater","floor":50,"turns":11},{"damage":14,"enemies":"Donu and Deca","floor":51,"turns":6},{"damage":3,"enemies":"Shield and Spear","floor":55,"turns":5},{"damage":31,"enemies":"The Heart","floor":56,"turns":8}],"seed_played":"-1988662628748399993","potions_obtained":[{"floor":3.0,"key":"Block Potion"},{"floor":4.0,"key":"EntropicBrew"},{"floor":6.0,"key":"FairyPotion"},{"floor":11.0,"key":"Swift Potion"},{"floor":19.0,"key":"Swift Potion"},{"floor":31.0,"key":"FocusPotion"},{"floor":36.0,"key":"Explosive Potion"},{"floor":39.0,"key":"GamblersBrew"},{"floor":48.0,"key":"Explosive Potion"},{"floor":55,"key":"ColorlessPotion"}],"is_trial":false,"path_per_floor":["M","M","M","?","$","E","R","E","T","R","E","M","M","M","R","B",null,"M","M","$","?","M","R","$","?","T","?","R","E","R","?","R","B",null,"M","M","$","?","?","R","E","R","T","?","M","M","R","M","R","B","B",null,"R","$","E","B",null],"character_chosen":"DEFECT","items_purchased":["Orrery","SteroidPotion","Conserve Battery","Turbo","Compile Driver","Potion Belt","SteroidPotion","Energy Potion"],"campfire_rested":0,"item_purchase_floors":[5,20,20,24,37,37,37,54],"current_hp_per_floor":[62,62,62,62,62,47,47,45,45,45,45,45,43,43,43,21,59,43,33,33,33,30,30,30,30,30,24,24,24,24,17,17,5,28,28,27,27,21,21,21,23,23,23,28,30,32,35,29,35,31,19,31,35,35,32,3],"gold":42,"neow_bonus":"HUNDRED_GOLD","is_daily":false,"chose_seed":false,"campfire_upgraded":7,"win_rate":0.0,"timestamp":1613288122,"path_taken":["M","M","M","?","$","E","R","E","T","R","E","M","?","M","R","BOSS","M","M","$","?","M","R","$","?","T","?","R","E","R","?","R","BOSS","M","M","$","?","?","R","E","R","T","?","M","?","R","M","R","BOSS","BOSS","R","$","E","BOSS"],"items_purchased_type":["Relic","Potion","Card","Card","Card","Relic","Potion","Potion"],"build_version":"2020-12-22","purchased_purges":3,"victory":true,"max_hp_per_floor":[71,71,71,71,71,71,71,71,71,71,71,71,71,71,71,71,71,71,71,71,35,35,35,35,35,35,35,35,35,35,35,35,35,35,35,35,35,35,35,35,35,35,35,35,35,35,35,35,35,35,35,35,35,35,35,35],"relic_stats":{"Darkstone Periapt":0,"Blood Vial":10,"Nunchaku":[18],"Emotion Chip":[16,8,0,8,0],"Shovel":4,"counters":[28,123],"Ornamental Fan":[24],"Pandora\u0027s Box":["Lockon","Chaos","Seek","Fusion","Leap","Beam Cell","Gash","Cold Snap"],"Eternal Feather":13,"Smiling Mask":125,"obtain_stats":[{"Darkstone Periapt":29,"Potion Belt":37,"Calipers":17,"Eternal Feather":42,"The Courier":41,"Frozen Egg 2":11,"Smiling Mask":9,"Calling Bell":17,"Du-Vu Doll":31,"Blood Vial":40,"Anchor":8,"Nunchaku":17,"Emotion Chip":49,"Shovel":39,"HornCleat":53,"Ornamental Fan":55,"Orrery":5,"Pandora\u0027s Box":34,"Molten Egg 2":43,"Bag of Marbles":6,"Toxic Egg 2":31,"Cracked Core":0,"Symbiotic Virus":17},{"Darkstone Periapt":14,"Potion Belt":19,"Calipers":10,"Eternal Feather":21,"The Courier":21,"Frozen Egg 2":6,"Smiling Mask":5,"Calling Bell":10,"Du-Vu Doll":16,"Blood Vial":20,"Anchor":5,"Nunchaku":10,"Emotion Chip":24,"Shovel":20,"HornCleat":26,"Ornamental Fan":27,"Orrery":3,"Pandora\u0027s Box":17,"Molten Egg 2":21,"Bag of Marbles":4,"Toxic Egg 2":16,"Cracked Core":0,"Symbiotic Virus":10},{"Darkstone Periapt":50,"Potion Belt":74,"Calipers":30,"Eternal Feather":85,"The Courier":85,"Frozen Egg 2":19,"Smiling Mask":17,"Calling Bell":30,"Du-Vu Doll":55,"Blood Vial":80,"Anchor":17,"Nunchaku":30,"Emotion Chip":93,"Shovel":80,"HornCleat":110,"Ornamental Fan":115,"Orrery":8,"Pandora\u0027s Box":69,"Molten Egg 2":85,"Bag of Marbles":14,"Toxic Egg 2":55,"Cracked Core":0,"Symbiotic Virus":30}]},"card_choices":[{"not_picked":["Hologram","Beam Cell"],"picked":"Rip and Tear","floor":1.0},{"not_picked":["Barrage","Conserve Battery"],"picked":"Skim","floor":2.0},{"not_picked":["Barrage","Defragment","Stack"],"picked":"SKIP","floor":3.0},{"not_picked":["Steam","Hello World"],"picked":"Hyperbeam","floor":5.0},{"not_picked":["Self Repair","Streamline"],"picked":"Hyperbeam","floor":5.0},{"not_picked":["Chaos","Auto Shields"],"picked":"Go for the Eyes","floor":6.0},{"not_picked":["Rip and Tear","Doom and Gloom"],"picked":"Undo","floor":8.0},{"not_picked":["Conserve Battery","Glacier"],"picked":"Reprogram","floor":11.0},{"not_picked":["Blizzard","Recycle","Static Discharge+1"],"picked":"SKIP","floor":12.0},{"not_picked":["Chill","White Noise"],"picked":"Rip and Tear","floor":13.0},{"not_picked":["Cold Snap","Turbo"],"picked":"Hologram","floor":14.0},{"not_picked":["Fission","Amplify"],"picked":"Machine Learning+1","floor":16.0},{"not_picked":["Conserve Battery","Hologram"],"picked":"Steam","floor":18.0},{"not_picked":["Gash","Coolheaded"],"picked":"Beam Cell","floor":19.0},{"not_picked":["Leap","Hologram"],"picked":"Stack+1","floor":22.0},{"not_picked":["Steam Power","Hologram+1"],"picked":"Echo Form+1","floor":29.0},{"not_picked":["Fission+1","Amplify+1"],"picked":"Seek+1","floor":33.0},{"not_picked":["Sweeping Beam","Leap+1"],"picked":"Go for the Eyes","floor":35.0},{"not_picked":["Sunder","Turbo+1"],"picked":"Hologram+1","floor":36.0},{"not_picked":["Force Field+1","Go for the Eyes"],"picked":"Hologram+1","floor":39.0},{"not_picked":["Stack+1","Melter","Leap+1"],"picked":"SKIP","floor":41.0},{"not_picked":["Cold Snap+1","Rebound+1"],"picked":"Compile Driver+1","floor":45.0},{"not_picked":["Static Discharge+1","Double Energy+1"],"picked":"Aggregate+1","floor":46.0},{"not_picked":["Genetic Algorithm+1","Barrage+1","Static Discharge+1"],"picked":"SKIP","floor":48.0},{"not_picked":["Leap+1","Defragment+1"],"picked":"Rip and Tear+1","floor":55}],"player_experience":1117935,"relics_obtained":[{"floor":6.0,"key":"Bag of Marbles"},{"floor":8.0,"key":"Anchor"},{"floor":9.0,"key":"Smiling Mask"},{"floor":11.0,"key":"Frozen Egg 2"},{"floor":17.0,"key":"Nunchaku"},{"floor":17.0,"key":"Symbiotic Virus"},{"floor":17.0,"key":"Calipers"},{"floor":29.0,"key":"Darkstone Periapt"},{"floor":31.0,"key":"Du-Vu Doll"},{"floor":31.0,"key":"Toxic Egg 2"},{"floor":39.0,"key":"Shovel"},{"floor":40.0,"key":"Blood Vial"},{"floor":41.0,"key":"The Courier"},{"floor":42.0,"key":"Eternal Feather"},{"floor":43.0,"key":"Molten Egg 2"},{"floor":49.0,"key":"Emotion Chip"},{"floor":53,"key":"HornCleat"},{"floor":55,"key":"Ornamental Fan"}],"event_choices":[{"damage_healed":0.0,"max_hp_gain":0.0,"max_hp_loss":0.0,"gold_gain":0.0,"event_name":"The Woman in Blue","player_choice":"Bought 1 Potion","floor":4.0,"gold_loss":0.0,"damage_taken":0.0},{"damage_healed":0.0,"max_hp_gain":0.0,"max_hp_loss":36.0,"gold_gain":0.0,"event_name":"Ghosts","player_choice":"Became a Ghost","floor":21.0,"gold_loss":0.0,"damage_taken":0.0,"cards_obtained":["Ghostly","Ghostly","Ghostly"]},{"damage_healed":0.0,"max_hp_gain":0.0,"max_hp_loss":0.0,"gold_gain":0.0,"event_name":"The Mausoleum","player_choice":"Ignored","floor":25.0,"gold_loss":0.0,"damage_taken":0.0},{"damage_healed":0.0,"max_hp_gain":0.0,"max_hp_loss":0.0,"gold_gain":0.0,"event_name":"Nest","player_choice":"Joined the Cult","floor":27.0,"gold_loss":0.0,"damage_taken":6.0,"cards_obtained":["RitualDagger"]},{"damage_healed":0.0,"max_hp_gain":0.0,"max_hp_loss":0.0,"gold_gain":0.0,"event_name":"Colosseum","player_choice":"Fight","floor":31.0,"gold_loss":0.0,"damage_taken":0.0},{"damage_healed":0.0,"max_hp_gain":0.0,"max_hp_loss":0.0,"gold_gain":0.0,"event_name":"Colosseum","player_choice":"Fought Nobs","floor":31.0,"gold_loss":0.0,"damage_taken":0.0},{"damage_healed":0.0,"max_hp_gain":0.0,"max_hp_loss":0.0,"gold_gain":0.0,"event_name":"Winding Halls","player_choice":"Embrace Madness","floor":38.0,"gold_loss":0.0,"damage_taken":6.0,"cards_obtained":["Madness","Madness"]},{"damage_healed":0.0,"max_hp_gain":0.0,"max_hp_loss":0.0,"gold_gain":0.0,"event_name":"MindBloom","player_choice":"Fight","floor":39.0,"gold_loss":0.0,"damage_taken":0.0},{"cards_removed":["Conserve Battery"],"damage_healed":5.0,"max_hp_gain":0.0,"max_hp_loss":0.0,"gold_gain":0.0,"event_name":"Bonfire Elementals","player_choice":"Offered Common","floor":44.0,"gold_loss":0.0,"damage_taken":0.0},{"cards_removed":["Conserve Battery"],"damage_healed":5.0,"max_hp_gain":0.0,"max_hp_loss":0.0,"gold_gain":0.0,"event_name":"Bonfire Elementals","player_choice":"Offered Special","floor":44.0,"gold_loss":0.0,"damage_taken":0.0}],"is_beta":false,"boss_relics":[{"not_picked":["Tiny House","Inserter"],"picked":"Calling Bell"},{"not_picked":["Astrolabe","Sozu"],"picked":"Pandora\u0027s Box"}],"items_purged_floors":[20,24,54],"is_endless":false,"potions_floor_spawned":[3,6,11,13,19,31,33,36,39,48,55],"ascension_level":20}}