{"host":"cu9pmx35u9q23maj","time":1613275489,"event":{"mods":["2.2 Compatiblity","AchievementEnabler","BaseMod","Better Third Choice","Colored Map","Colored Powertips","Highlight Path","Hyrulean Relics","Minty Spire (QoL Compilation)","Replay The Spire","Small Relic Pack","StSLib"],"gold_per_floor":[114,128,39,53,67,93,63,63,63,93,151,165,165,128,128,225,225,239,249,267,282,297,297,307,307,307,318,318,318,328,81,6,6,6],"floor_reached":33,"language":"ENG","playtime":1619,"items_purged":[],"score":261,"play_id":"8dafe608-c08e-4e9e-8867-f5583cfff1c6","local_time":"20210214000449","is_ascension_mode":false,"campfire_choices":[{"floor":8,"key":"REST"},{"data":"Heavy Blade","floor":13,"key":"SMITH"},{"floor":15,"key":"REST"},{"floor":23,"key":"REST"},{"data":"ReplayTheSpireMod:Muscle Training","floor":28,"key":"SMITH"}],"circlet_count":0,"master_deck":["Strike_R","Strike_R","Strike_R","Strike_R","Strike_R","Defend_R","Defend_R","Defend_R","Defend_R","Bash","ReplayTheSpireMod:Muscle Training+1","Searing Blow","Metallicize","Flex","Inflame","Heavy Blade+1","ReplayTheSpireMod:Muscle Training+1","Flex+1","Whirlwind","Life Link","Brutality","Cleave","Rupture","Armaments+1","Anger","Inflame","Power Through+1","Fire Breathing+1"],"relics":["Burning Blood","Red Skull","Divine Protection","ReplayFunnel","Toxic Egg 2","Lizard Tail","Honey Jar","betterThird:NestCultRelic","ReplayTheSpireMod:Shallot","Snack Pack"],"acts_visited":["Exordium","TheCity"],"potions_floor_usage":[6,7,16,16,20,21,22,27],"damage_taken":[{"damage":0,"enemies":"2 Louse","floor":1,"turns":4},{"damage":6,"enemies":"Cultist","floor":2,"turns":4},{"damage":12,"enemies":"Jaw Worm","floor":4,"turns":4},{"damage":2,"enemies":"2 Fungi Beasts","floor":5,"turns":4},{"damage":35,"enemies":"3 Sentries","floor":6,"turns":12},{"damage":3,"enemies":"Looter","floor":7,"turns":4},{"damage":18,"enemies":"Gremlin Nob","floor":10,"turns":5},{"damage":23,"enemies":"Gremlin Nob","floor":11,"turns":5},{"damage":13,"enemies":"Gremlin Gang","floor":12,"turns":5},{"damage":32,"enemies":"The Guardian","floor":16,"turns":8},{"damage":26,"enemies":"Shell Parasite","floor":18,"turns":4},{"damage":17,"enemies":"Chosen","floor":19,"turns":4},{"damage":16,"enemies":"Sentry and Sphere","floor":20,"turns":4},{"damage":1,"enemies":"Centurion and Healer","floor":21,"turns":3},{"damage":27,"enemies":"Snake Plant","floor":22,"turns":3},{"damage":26,"enemies":"Chosen and Byrds","floor":24,"turns":5},{"damage":30,"enemies":"3 Cultists","floor":27,"turns":5},{"damage":10,"enemies":"Snecko","floor":30,"turns":5},{"damage":54,"enemies":"Collector","floor":33,"turns":6}],"seed_played":"-8172388854872134121","potions_obtained":[{"floor":4,"key":"SpeedPotion"},{"floor":6,"key":"Cursed Concoction"},{"floor":10,"key":"LiquidMemories"},{"floor":11,"key":"ElixirPotion"},{"floor":12,"key":"DuplicationPotion"},{"floor":16,"key":"Explosive Potion"},{"floor":20,"key":"DistilledChaos"},{"floor":21,"key":"SpeedPotion"},{"floor":24,"key":"ColorlessPotion"},{"floor":30,"key":"ElixirPotion"}],"is_trial":true,"path_per_floor":["M","M","?","M","M","E","M","R","T","E","?","M","R","$","R","B",null,"M","M","M","M","M","R","M","?","T","M","R","?","M","$","R_BF","B"],"character_chosen":"IRONCLAD","items_purchased":["Life Link","Snack Pack"],"campfire_rested":3,"item_purchase_floors":[14,31],"current_hp_per_floor":[80,80,80,74,78,49,52,76,76,64,47,40,40,40,64,38,80,60,49,39,44,23,47,27,27,27,46,46,46,42,42,42,0,0],"gold":6,"neow_bonus":"","is_daily":false,"chose_seed":false,"campfire_upgraded":2,"win_rate":0.0,"timestamp":1613275489,"path_taken":["M","M","?","?","M","E","M","R","T","E","?","M","R","$","R","BOSS","M","M","M","M","M","R","M","?","T","M","R","?","?","$","R_BF","BOSS"],"items_purchased_type":["Card","Relic"],"build_version":"2020-12-22","purchased_purges":0,"victory":false,"max_hp_per_floor":[80,80,80,80,80,80,80,80,80,80,80,80,80,80,80,80,80,80,80,80,80,80,80,80,80,80,80,80,80,80,80,80,80,80],"card_choices":[{"not_picked":["Cleave","Metallicize"],"picked":"ReplayTheSpireMod:Muscle Training","floor":1},{"not_picked":["Warcry","Clash"],"picked":"Searing Blow","floor":2},{"not_picked":["ReplayTheSpireMod:Stacked","ReplayTheSpireMod:Strike From Hell"],"picked":"Metallicize","floor":4},{"not_picked":["Perfected Strike","Clash"],"picked":"Flex","floor":5},{"not_picked":["Thunderclap","Havoc"],"picked":"Inflame","floor":6},{"not_picked":["True Grit","Warcry"],"picked":"Heavy Blade","floor":7},{"not_picked":["Reckless Charge","Exhume+1"],"picked":"ReplayTheSpireMod:Muscle Training+1","floor":10},{"not_picked":["Run Through","Infernal Blade+1"],"picked":"Flex+1","floor":11},{"not_picked":["Intimidate+1","Thunderclap"],"picked":"Whirlwind","floor":12},{"not_picked":["Barricade","Demonic Infusion+1"],"picked":"Brutality","floor":16},{"not_picked":["Perfected Strike","Sword Boomerang+1","Shrug It Off+1"],"picked":"Cleave","floor":18},{"not_picked":["Body Slam+1","Thunderclap","Entrench+1"],"picked":"Rupture","floor":19},{"not_picked":["Pommel Strike","Havoc+1","Perfected Strike"],"picked":"Armaments+1","floor":20},{"not_picked":["Headbutt","Demonic Infusion+1","True Grit+1"],"picked":"Anger","floor":21},{"not_picked":["Warcry+1","Cleave+1","Bloodletting+1"],"picked":"Inflame","floor":22},{"not_picked":["Thunderclap","Sever Soul","Flex+1"],"picked":"Power Through+1","floor":24},{"not_picked":["Anger","Life Link+1","Clash"],"picked":"Cleave","floor":27},{"not_picked":["Twin Strike","True Grit+1","Replay:Undeath\u0027s Touch+1"],"picked":"Fire Breathing+1","floor":30}],"player_experience":40372,"relics_obtained":[{"floor":6,"key":"Divine Protection"},{"floor":9,"key":"ReplayFunnel"},{"floor":10,"key":"Toxic Egg 2"},{"floor":26,"key":"ReplayTheSpireMod:Shallot"}],"event_choices":[{"damage_healed":0,"gold_gain":0,"player_choice":"Paid Gold","damage_taken":0,"relics_obtained":["Red Skull"],"max_hp_gain":0,"max_hp_loss":0,"event_name":"WeMeetAgain","floor":3,"gold_loss":89},{"damage_healed":0,"gold_gain":30,"player_choice":"Searched \u00273\u0027 times","damage_taken":0,"relics_obtained":["Lizard Tail"],"max_hp_gain":0,"max_hp_loss":0,"event_name":"Dead Adventurer","floor":11,"gold_loss":0},{"damage_healed":0,"gold_gain":0,"player_choice":"Madness","damage_taken":0,"relics_obtained":["betterThird:NestCultRelic"],"max_hp_gain":0,"max_hp_loss":0,"event_name":"betterThird:BetterNest","floor":25,"gold_loss":0},{"damage_healed":0,"gold_gain":0,"player_choice":"Ignored","damage_taken":0,"max_hp_gain":0,"max_hp_loss":0,"event_name":"NoteForYourself","floor":29,"gold_loss":0},{"cards_removed":["Cleave"],"damage_healed":0,"gold_gain":0,"player_choice":"Gave Gold","damage_taken":0,"max_hp_gain":0,"max_hp_loss":0,"event_name":"Beggar","floor":32,"gold_loss":75}],"is_beta":false,"boss_relics":[{"not_picked":["relicPack:StarArrow","Painkiller Herb"],"picked":"Honey Jar"}],"items_purged_floors":[],"is_endless":true,"potions_floor_spawned":[4,6,10,11,12,16,20,21,24,30],"killed_by":"Collector","ascension_level":0}}