{"host":"bpnwh7vpv9k3tssc","time":1613317300,"event":{"mods":["BaseMod","Colored Map","Colored Powertips","Curses Come First","Highlight Path","Minty Spire (QoL Compilation)","Quick Restart","Random Character Button","Relic Sorter","StSLib"],"gold_per_floor":[118,118,187,237,287,287,487,487,487,487,526,25,75,146,146,242,242,266,284,334,405,50,50,138,13,13,13,53,66,116,116,116],"floor_reached":31,"language":"ENG","playtime":715,"items_purged":["Doubt","Strike_R","Strike_R"],"score":563,"play_id":"17b1f99e-6c9e-42d5-a92e-8096052b3a29","local_time":"20210214164140","is_ascension_mode":true,"campfire_choices":[{"data":"Heavy Blade","floor":6,"key":"SMITH"},{"floor":8,"key":"REST"},{"floor":10,"key":"REST"},{"data":"Rupture","floor":15,"key":"SMITH"},{"floor":23,"key":"REST"}],"circlet_count":0,"master_deck":["AscendersBane","Strike_R","Strike_R","Defend_R","Defend_R","Defend_R","Defend_R","Bash+1","Heavy Blade+1","Iron Wave+1","Rupture+1","Combust","Sword Boomerang","Headbutt","Double Tap","Heavy Blade","Burning Pact","Heavy Blade","Uppercut","Apotheosis","Shrug It Off","Barricade","Bloodletting","Seeing Red"],"relics":["Burning Blood","NeowsBlessing","SsserpentHead","Bloody Idol","Red Skull","Bottled Flame","Calipers","Snecko Eye","Red Mask","Pear","Smiling Mask"],"acts_visited":["Exordium","TheCity"],"potions_floor_usage":[21,21,31],"damage_taken":[{"damage":0,"enemies":"Small Slimes","floor":1,"turns":1},{"damage":0,"enemies":"Cultist","floor":3,"turns":1},{"damage":0,"enemies":"Lagavulin","floor":11,"turns":1},{"damage":16,"enemies":"2 Louse","floor":14,"turns":3},{"damage":57,"enemies":"The Guardian","floor":16,"turns":8},{"damage":37,"enemies":"Shell Parasite","floor":18,"turns":4},{"damage":11,"enemies":"2 Thieves","floor":19,"turns":2},{"damage":0,"enemies":"Shelled Parasite and Fungi","floor":21,"turns":2},{"damage":25,"enemies":"Masked Bandits","floor":24,"turns":4},{"damage":35,"enemies":"Gremlin Leader","floor":28,"turns":4},{"damage":10,"enemies":"Centurion and Healer","floor":29,"turns":4},{"damage":18,"enemies":"Slavers","floor":31,"turns":1}],"seed_played":"4881217573567189293","potions_obtained":[{"floor":3,"key":"SpeedPotion"},{"floor":19,"key":"DistilledChaos"},{"floor":20,"key":"Fruit Juice"},{"floor":29,"key":"PowerPotion"}],"is_trial":false,"path_per_floor":["M","?","M","?","?","R","?","R","T","R","E","$","?","M","R","B",null,"M","M","?","M","$","R","?","$","T","$","E","M","?","E"],"character_chosen":"IRONCLAD","items_purchased":["Combust","Calipers","Uppercut","Apotheosis","Shrug It Off"],"campfire_rested":3,"item_purchase_floors":[12,12,22,22,22],"current_hp_per_floor":[74,74,75,52,26,26,26,48,48,70,75,75,75,65,65,14,60,29,24,24,35,35,59,40,40,50,50,21,17,17,0,0],"gold":116,"neow_bonus":"THREE_ENEMY_KILL","is_daily":false,"chose_seed":false,"campfire_upgraded":2,"win_rate":0.0,"timestamp":1613317300,"path_taken":["M","?","?","?","?","R","?","R","T","R","E","$","?","?","R","BOSS","M","M","?","?","?","R","?","$","T","$","E","M","?","E"],"items_purchased_type":["Card","Relic","Card","Card","Card"],"build_version":"2020-12-22","purchased_purges":3,"victory":false,"max_hp_per_floor":[75,75,75,75,75,75,75,75,75,75,75,75,75,75,75,75,75,75,75,75,80,80,80,80,80,90,90,90,90,90,90,90],"card_choices":[{"not_picked":["Feel No Pain","Warcry"],"picked":"Heavy Blade","floor":1},{"not_picked":["Dropkick","Anger"],"picked":"Iron Wave","floor":3},{"not_picked":["Havoc","Blood for Blood"],"picked":"Rupture","floor":11},{"not_picked":["Perfected Strike","Reckless Charge"],"picked":"Headbutt","floor":14},{"not_picked":["Feed","Immolate"],"picked":"Double Tap","floor":16},{"not_picked":["Havoc","Flex"],"picked":"Heavy Blade","floor":18},{"not_picked":["Cleave","Dark Embrace"],"picked":"Burning Pact","floor":19},{"not_picked":["Flex","Clash"],"picked":"Heavy Blade","floor":21},{"not_picked":["Rage","Heavy Blade"],"picked":"Barricade","floor":24},{"not_picked":["Shockwave","Blood for Blood"],"picked":"Bloodletting","floor":28},{"not_picked":["Warcry","Armaments"],"picked":"Seeing Red","floor":29}],"player_experience":386495,"relics_obtained":[{"floor":9,"key":"Red Skull"},{"floor":11,"key":"Bottled Flame"},{"floor":24,"key":"Red Mask"},{"floor":26,"key":"Pear"},{"floor":28,"key":"Smiling Mask"}],"event_choices":[{"damage_healed":0,"gold_gain":0,"player_choice":"Trade","damage_taken":0,"relics_obtained":["SsserpentHead"],"max_hp_gain":0,"max_hp_loss":0,"event_name":"FaceTrader","floor":2,"gold_loss":0},{"damage_healed":0,"gold_gain":0,"player_choice":"Entered Light","damage_taken":23,"max_hp_gain":0,"max_hp_loss":0,"event_name":"Shining Light","floor":4,"gold_loss":0,"cards_upgraded":["Bash","Iron Wave"]},{"damage_healed":0,"gold_gain":0,"player_choice":"Take Damage","damage_taken":26,"relics_obtained":["Golden Idol"],"max_hp_gain":0,"max_hp_loss":0,"event_name":"Golden Idol","floor":5,"gold_loss":0},{"damage_healed":0,"gold_gain":150,"player_choice":"AGREE","damage_taken":0,"max_hp_gain":0,"max_hp_loss":0,"event_name":"Liars Game","floor":7,"gold_loss":0,"cards_obtained":["Doubt"]},{"damage_healed":0,"gold_gain":0,"cards_transformed":["Strike_R"],"player_choice":"Change","damage_taken":0,"max_hp_gain":0,"max_hp_loss":0,"event_name":"Living Wall","floor":13,"gold_loss":0,"cards_obtained":["Sword Boomerang"]},{"damage_healed":0,"gold_gain":0,"player_choice":"Got Potions","damage_taken":0,"max_hp_gain":0,"max_hp_loss":0,"event_name":"Lab","floor":20,"gold_loss":0},{"damage_healed":0,"gold_gain":0,"player_choice":"Fought Bandits","damage_taken":0,"max_hp_gain":0,"max_hp_loss":0,"event_name":"Masked Bandits","floor":24,"gold_loss":0},{"damage_healed":0,"gold_gain":0,"player_choice":"Gave Idol","damage_taken":0,"relics_obtained":["Bloody Idol"],"max_hp_gain":0,"max_hp_loss":0,"event_name":"Forgotten Altar","floor":30,"relics_lost":["Golden Idol"],"gold_loss":0}],"is_beta":false,"boss_relics":[{"not_picked":["Philosopher\u0027s Stone","Ectoplasm"],"picked":"Snecko Eye"}],"items_purged_floors":[12,22,25],"is_endless":false,"potions_floor_spawned":[3,19,29],"killed_by":"Slavers","ascension_level":16}}