{"host":"fyg75lclw0tbsq92","time":1613296225,"event":{"mods":["AchievementEnabler","Act Like it!","Aspiration","BaseMod","BetterRewards","Gensokyo","Minty Spire (QoL Compilation)","Reimu£®≤©¿ˆ¡È√Œ£©","Replay The Spire","StSLib","The Administrix"],"gold_per_floor":[118,118,137,97,119,159,159,211,211,264,284,284,298,312,262,361,361,374,412,221,245,268,303,303,319,319,357,297,310,26,35,35,119,119,139,154,154,177,195,195,242,242,242,271,290,75,109,160,160,160,160,160,67,103,103],"floor_reached":56,"language":"ZHS","playtime":2017,"items_purged":["Strike_Lin:ReiMu","Strike_Lin:ReiMu","Defend_Lin:ReiMu"],"score":2952,"play_id":"6c1c632a-fb72-4f50-9455-a8efc3a12701","local_time":"20210214175025","is_ascension_mode":true,"campfire_choices":[{"floor":7,"key":"REST"},{"floor":12,"key":"RECALL"},{"data":"PayForSelf:ReiMu","floor":24,"key":"SMITH"},{"data":"FoulBorder2:ReiMu","floor":32,"key":"SMITH"},{"data":"Authority:ReiMu","floor":40,"key":"SMITH"},{"data":"Strike_Lin:ReiMu","floor":49,"key":"PURGE"},{"data":"PayForSelf:ReiMu","floor":52,"key":"SMITH"}],"circlet_count":0,"master_deck":["AscendersBane","Defend_Lin:ReiMu","Defend_Lin:ReiMu","Defend_Lin:ReiMu","NB:ReiMu","Stagnation:ReiMu","Authority:ReiMu+1","FoulBorder2:ReiMu+1","PhosphorusFlame:ReiMu","Enchanting:ReiMu","Enchanting:ReiMu","PayForSelf:ReiMu+1","ShadowOfCrow2:ReiMu","PayForSelf:ReiMu+1","PassingAway:ReiMu+1","OctopathBindingBorder2:ReiMu","PassingAway:ReiMu+1","PrepareRite:ReiMu+1","Master of Strategy+1","Amulet:ReiMu+1","HakureiPhantom:ReiMu+1","RainPray2:ReiMu+1","PhosphorusFlame:ReiMu+1","KamiRite:ReiMu+1","Master of Strategy+1","KamiRite:ReiMu+1","CeremonyResonance:ReiMu+1","Pot Of Greed+1","Pot Of Greed+1","Pot Of Greed+1","SubcavityFantasy:ReiMu+1","MountainWay:ReiMu+1","Authority:ReiMu+1","RainPray2:ReiMu+1"],"relics":["FlyPower:ReiMu","ReplayTheSpireMod:ShopPack","aspiration:StickyExplosives_weak","Membership Card","Replay:Wax Seal","Mastiff:ReiMu","FadedRune:ReiMu","Replay:Baseball","CeramicFish","BargainBundle","aspiration:FetidBarrel","Toxic Egg 2","Salt:ReiMu","Strawberry","Golden Idol","PaintedHorse:ReiMu","StrikeDummy","aspiration:HiddenCompartment","Meat on the Bone","SlaversCollar","Red Mask","DollysMirror","RuthlessExorcism:ReiMu","ReplayTheSpireMod:TigerMarble","TungstenRod","Grinning Jar","TentaclePot:ReiMu","Torii","Bronze Scales","Potion Belt","ReplayTheSpireMod:Shallot","SkyOrb:ReiMu","Frozen Eye","Regal Pillow","Medical Kit","ReplayFunnel"],"acts_visited":["Exordium","TheCity","TheBeyond","TheEnding"],"potions_floor_usage":[55,55,55],"damage_taken":[{"damage":0,"enemies":"2 Louse","floor":1,"turns":2},{"damage":0,"enemies":"Jaw Worm","floor":3,"turns":3},{"damage":10,"enemies":"Small Slimes","floor":5,"turns":3},{"damage":5,"enemies":"3 Sentries","floor":6,"turns":2},{"damage":0,"enemies":"Gremlin Nob","floor":8,"turns":3},{"damage":3,"enemies":"3 Sentries","floor":10,"turns":2},{"damage":0,"enemies":"3 Louse","floor":11,"turns":2},{"damage":0,"enemies":"Large Slime","floor":13,"turns":3},{"damage":0,"enemies":"Exordium Wildlife","floor":14,"turns":1},{"damage":0,"enemies":"Hexaghost","floor":16,"turns":4},{"damage":2,"enemies":"Chosen","floor":18,"turns":2},{"damage":0,"enemies":"Masked Bandits","floor":19,"turns":1},{"damage":0,"enemies":"2 Thieves","floor":21,"turns":1},{"damage":0,"enemies":"Cultist and Chosen","floor":22,"turns":2},{"damage":0,"enemies":"Book of Stabbing","floor":23,"turns":3},{"damage":0,"enemies":"Snecko","floor":25,"turns":2},{"damage":0,"enemies":"Gremlin Leader","floor":27,"turns":3},{"damage":0,"enemies":"Snake Plant","floor":29,"turns":1},{"damage":0,"enemies":"Collector","floor":33,"turns":3},{"damage":0,"enemies":"Orb Walker","floor":35,"turns":1},{"damage":12,"enemies":"3 Darklings","floor":36,"turns":2},{"damage":0,"enemies":"4 Shapes","floor":38,"turns":1},{"damage":0,"enemies":"Jaw Worm Horde","floor":39,"turns":1},{"damage":0,"enemies":"Nemesis","floor":41,"turns":1},{"damage":0,"enemies":"Transient","floor":44,"turns":5},{"damage":0,"enemies":"4 Shapes","floor":45,"turns":1},{"damage":0,"enemies":"Jaw Worm Horde","floor":47,"turns":2},{"damage":19,"enemies":"Awakened One","floor":50,"turns":6},{"damage":0,"enemies":"Shield and Spear","floor":54,"turns":3},{"damage":0,"enemies":"The Heart","floor":55,"turns":4}],"seed_played":"-3728171196799903722","potions_obtained":[{"floor":13,"key":"GrandPatriotsElixir:ReiMu"},{"floor":41,"key":"LiquidFlight:ReiMu"},{"floor":44,"key":"ColorlessPotion"},{"floor":45,"key":"BottledKami:ReiMu"}],"is_trial":false,"path_per_floor":["M","?","M","?","M","E","R","E","T","E","M","R","M","M","R","B",null,"M","?","$","M","M","E","R","M","T","E","?","M","$","?","R","B",null,"M","M","?","M","M","R","E","?","T","M","M","$","M","T","R","B",null,"R","$","E","B",null],"character_chosen":"REIMU","items_purchased":["ReplayTheSpireMod:ShopPack","Authority:ReiMu","aspiration:StickyExplosives_weak","Membership Card","Replay:Wax Seal","Mastiff:ReiMu","FadedRune:ReiMu","FoulBorder2:ReiMu","PhosphorusFlame:ReiMu","Replay:Baseball","Enchanting:ReiMu","PayForSelf:ReiMu","ShadowOfCrow2:ReiMu","CeramicFish","BargainBundle","aspiration:FetidBarrel","DistilledChaos","SteroidPotion","PayForSelf:ReiMu","PassingAway:ReiMu+1","OctopathBindingBorder2:ReiMu","Toxic Egg 2","PassingAway:ReiMu+1","Salt:ReiMu","PrepareRite:ReiMu+1","Master of Strategy+1","DollysMirror","Grinning Jar","TentaclePot:ReiMu","Torii","SkyOrb:ReiMu","Frozen Eye","Medical Kit","Elixir"],"campfire_rested":1,"item_purchase_floors":[0,0,0,0,0,0,0,0,0,0,0,0,0,0,0,0,0,0,0,0,0,0,0,0,0,20,20,30,30,30,46,46,53,53],"current_hp_per_floor":[61,45,45,45,35,30,50,50,50,47,47,47,47,47,47,47,62,60,60,60,60,60,60,60,60,60,60,60,60,60,60,60,60,65,65,53,60,60,60,60,60,60,60,60,60,60,60,60,60,41,61,61,61,61,61],"gold":103,"neow_bonus":"","is_daily":false,"chose_seed":false,"campfire_upgraded":4,"win_rate":0.0,"timestamp":1613296225,"path_taken":["M","?","M","?","M","E","R","E","T","E","M","R","M","M","R","BOSS","M","?","$","M","M","E","R","M","T","E","?","M","$","?","R","BOSS","M","M","?","M","?","R","E","?","T","M","M","$","?","?","R","BOSS","R","$","E","BOSS"],"items_purchased_type":["Relic","Card","Relic","Relic","Relic","Relic","Relic","Card","Card","Relic","Card","Card","Card","Relic","Relic","Relic","Potion","Potion","Card","Card","Card","Relic","Card","Relic","Card","Card","Relic","Relic","Relic","Relic","Relic","Relic","Relic","Potion"],"build_version":"2020-12-22","purchased_purges":3,"victory":true,"max_hp_per_floor":[67,67,67,67,67,67,67,67,67,67,67,67,67,67,67,67,67,67,67,67,67,67,67,67,67,67,67,67,67,67,67,67,67,67,67,67,67,67,67,67,67,67,67,67,67,67,67,67,67,67,67,67,67,67,67],"card_choices":[{"not_picked":["Violence","Metamorphosis"],"picked":"Master of Strategy","floor":0},{"not_picked":["EmergencyTakeOff:ReiMu+1","SealNeedle:ReiMu","Intuition:ReiMu+1"],"picked":"SKIP","floor":1},{"not_picked":["Mountainwind:ReiMu+1","SpringWay:ReiMu+1","Gathering:ReiMu"],"picked":"SKIP","floor":3},{"not_picked":["WonderfulDomain:ReiMu+1","Intuition:ReiMu+1"],"picked":"Amulet:ReiMu+1","floor":5},{"not_picked":["WonderfulDomain:ReiMu+1","SealNeedle:ReiMu"],"picked":"HakureiPhantom:ReiMu+1","floor":6},{"not_picked":["CeremonyResonance:ReiMu+1","Enchanting:ReiMu+1"],"picked":"RainPray2:ReiMu+1","floor":8},{"not_picked":["SpreadBorder2:ReiMu+1","Enchanting:ReiMu+1"],"picked":"PhosphorusFlame:ReiMu+1","floor":10},{"not_picked":["PayForSelf:ReiMu","Meditation:ReiMu+1","ManaGlint:ReiMu"],"picked":"SKIP","floor":11},{"not_picked":["WonderfulDomain:ReiMu+1","Intuition:ReiMu+1","Conquer:ReiMu"],"picked":"SKIP","floor":13},{"not_picked":["ForcedLanding:ReiMu","Intuition:ReiMu+1","AlertArray:ReiMu+1"],"picked":"SKIP","floor":14},{"not_picked":["HakureiPhantom:ReiMu+1","CeremonyResonance:ReiMu+1"],"picked":"KamiRite:ReiMu+1","floor":16},{"not_picked":["WonderfulDomain:ReiMu+1","AirStrike:ReiMu","Intuition:ReiMu+1"],"picked":"SKIP","floor":18},{"not_picked":["ForcedLanding:ReiMu","LovePray:ReiMu+1","SealNeedle:ReiMu"],"picked":"SKIP","floor":21},{"not_picked":["OrbThrow:ReiMu","Crusade:ReiMu"],"picked":"CeremonyResonance:ReiMu+1","floor":22},{"not_picked":["AlertArray:ReiMu+1","FantasyBorder:ReiMu+1","ForcedLanding:ReiMu+1"],"picked":"SKIP","floor":23},{"not_picked":["SubAcupoint:ReiMu","OctopathBindingBorder2:ReiMu+1","Enchanting:ReiMu+1"],"picked":"SKIP","floor":25},{"not_picked":["BarrageOfMoneybags:ReiMu","CareerPray:ReiMu+1","CollectionFlower2:ReiMu+1"],"picked":"SKIP","floor":27},{"not_picked":["PrepareRite:ReiMu+1","Amulet:ReiMu+1","PayForSelf:ReiMu"],"picked":"SKIP","floor":29},{"not_picked":["KyokaiOfKami:ReiMu","Determination:ReiMu"],"picked":"SubcavityFantasy:ReiMu+1","floor":33},{"not_picked":["MikOfLucky:ReiMu","SpringWay:ReiMu+1","SubcavityInstant:ReiMu+1"],"picked":"SKIP","floor":35},{"not_picked":["SpreadBorder2:ReiMu+1","AlertArray:ReiMu+1","SpringWay:ReiMu+1"],"picked":"SKIP","floor":36},{"not_picked":["ManaGlint:ReiMu","BarrageOfMoneybags:ReiMu","AlertArray:ReiMu+1"],"picked":"SKIP","floor":38},{"not_picked":["OrbThrow:ReiMu+1","InherentArray:ReiMu","SafetyPray:ReiMu+1"],"picked":"SKIP","floor":39},{"not_picked":["Conquer:ReiMu","SubAcupoint:ReiMu"],"picked":"MountainWay:ReiMu+1","floor":41},{"not_picked":["FineLineFantasy:ReiMu+1","SubAcupoint:ReiMu+1"],"picked":"Authority:ReiMu+1","floor":44},{"not_picked":["AlertArray:ReiMu+1","AirStrike:ReiMu","OrbThrow:ReiMu+1"],"picked":"SKIP","floor":45},{"not_picked":["SpiritualOutbreak2:ReiMu","SpreadBorder2:ReiMu+1"],"picked":"RainPray2:ReiMu+1","floor":47},{"not_picked":["CollectionFlower2:ReiMu+1","SubcavityInstant:ReiMu+1","SpreadBorder2:ReiMu+1"],"picked":"SKIP","floor":54}],"player_experience":284009,"relics_obtained":[{"floor":6,"key":"StrikeDummy"},{"floor":8,"key":"aspiration:HiddenCompartment"},{"floor":10,"key":"Meat on the Bone"},{"floor":19,"key":"Red Mask"},{"floor":23,"key":"RuthlessExorcism:ReiMu"},{"floor":26,"key":"ReplayTheSpireMod:TigerMarble"},{"floor":27,"key":"TungstenRod"},{"floor":41,"key":"Potion Belt"},{"floor":43,"key":"ReplayTheSpireMod:Shallot"},{"floor":48,"key":"Regal Pillow"},{"floor":54,"key":"ReplayFunnel"}],"event_choices":[{"damage_healed":0,"gold_gain":0,"player_choice":"Take Damage","damage_taken":16,"relics_obtained":["Golden Idol"],"max_hp_gain":0,"max_hp_loss":0,"event_name":"Golden Idol","floor":2,"gold_loss":0},{"damage_healed":0,"gold_gain":0,"player_choice":"»˚«Æ","damage_taken":0,"relics_obtained":["PaintedHorse:ReiMu"],"max_hp_gain":0,"max_hp_loss":0,"event_name":"yidonshenshe","floor":4,"gold_loss":40},{"cards_removed":["Strike_Lin:ReiMu"],"damage_healed":0,"gold_gain":0,"player_choice":"Card Removal","damage_taken":0,"max_hp_gain":0,"max_hp_loss":0,"event_name":"The Cleric","floor":15,"gold_loss":50},{"damage_healed":0,"gold_gain":0,"player_choice":"Fought Bandits","damage_taken":0,"max_hp_gain":0,"max_hp_loss":0,"event_name":"Masked Bandits","floor":19,"gold_loss":0},{"cards_removed":["Poor:ReiMu"],"damage_healed":0,"gold_gain":0,"player_choice":"Purged","damage_taken":0,"max_hp_gain":0,"max_hp_loss":0,"event_name":"Purifier","floor":42,"gold_loss":0}],"is_beta":false,"boss_relics":[{"not_picked":["CrownOfHeavens:ReiMu","aspiration:RitualDagger"],"picked":"SlaversCollar"},{"not_picked":["Replay:Wanted Poster","Replay:Ancient Bell","Busted Crown"]}],"items_purged_floors":[0,20,46],"is_endless":false,"potions_floor_spawned":[1,8,13,18,22,23,25,27,35,41,44,45],"ascension_level":14}}