{"host":"7j2n82b2zha9fuyn","time":1613267850,"event":{"mods":["BaseMod","Block Reminder","Minty Spire (QoL Compilation)","StSLib"],"gold_per_floor":[114,125,125,142,11,38,38,64,64,98,118,131,96,96,96,172,172,172,112,112,112,2,2,2,2,2,2,2,2,2],"floor_reached":29,"language":"ENG","playtime":10962,"items_purged":["Strike_B"],"score":601,"play_id":"f71e61fa-5021-4804-aacf-5f44d0de0cc7","local_time":"20210213185729","is_ascension_mode":true,"campfire_choices":[{"data":"Static Discharge","floor":7.0,"key":"SMITH"},{"data":"Doom and Gloom","floor":15.0,"key":"SMITH"},{"data":"Multi-Cast","floor":23.0,"key":"SMITH"}],"circlet_count":0,"master_deck":["AscendersBane","Strike_B+1","Defend_B","Defend_B","Defend_B","Zap","Dualcast","Auto Shields","Static Discharge+1","Barrage+1","Ball Lightning","Tempest","Genetic Algorithm","Conserve Battery","Core Surge","Doom and Gloom+1","Multi-Cast+1","Hologram","Undo","Conserve Battery"],"relics":["Cracked Core","Strawberry","StrikeDummy","Orichalcum","Pen Nib","Ectoplasm","Red Mask","Gremlin Horn","Letter Opener"],"acts_visited":["Exordium","TheCity"],"potions_floor_usage":[29],"damage_taken":[{"damage":0.0,"enemies":"2 Louse","floor":1.0,"turns":2.0},{"damage":0.0,"enemies":"Cultist","floor":2.0,"turns":4.0},{"damage":1.0,"enemies":"Jaw Worm","floor":4.0,"turns":2.0},{"damage":30.0,"enemies":"3 Sentries","floor":6.0,"turns":5.0},{"damage":8.0,"enemies":"Lagavulin","floor":8.0,"turns":5.0},{"damage":8.0,"enemies":"Gremlin Nob","floor":10.0,"turns":3.0},{"damage":4.0,"enemies":"Looter","floor":11.0,"turns":2.0},{"damage":14.0,"enemies":"Large Slime","floor":12.0,"turns":4.0},{"damage":20.0,"enemies":"The Guardian","floor":16.0,"turns":10.0},{"damage":0.0,"enemies":"Chosen","floor":18.0,"turns":3.0},{"damage":16.0,"enemies":"2 Thieves","floor":19.0,"turns":3.0},{"damage":6.0,"enemies":"Masked Bandits","floor":20.0,"turns":3.0},{"damage":13.0,"enemies":"Slavers","floor":24.0,"turns":2.0},{"damage":2.0,"enemies":"Cultist and Chosen","floor":25.0,"turns":3.0},{"damage":0,"enemies":"Gremlin Leader","floor":27,"turns":4},{"damage":10,"enemies":"Snake Plant","floor":28,"turns":3},{"damage":21,"enemies":"Snecko","floor":29,"turns":3}],"seed_played":"-994640312324230979","potions_obtained":[{"floor":6.0,"key":"Weak Potion"},{"floor":8.0,"key":"ColorlessPotion"},{"floor":16.0,"key":"Fire Potion"},{"floor":19.0,"key":"DuplicationPotion"},{"floor":24.0,"key":"AttackPotion"},{"floor":25.0,"key":"Fire Potion"}],"is_trial":false,"path_per_floor":["M","M","?","M","$","E","R","E","T","E","M","M","?","?","R","B",null,"M","M","?","?","?","R","E","M","T","E","M","M"],"character_chosen":"DEFECT","items_purchased":["PowerPotion"],"campfire_rested":0,"item_purchase_floors":[5],"current_hp_per_floor":[64,64,64,63,63,40,40,32,32,24,20,6,23,23,23,3,54,54,38,32,32,32,32,19,17,17,17,7,0,0],"gold":2,"neow_bonus":"TRANSFORM_TWO_CARDS","is_daily":false,"chose_seed":false,"campfire_upgraded":3,"win_rate":0.0,"timestamp":1613267849,"path_taken":["M","M","?","M","$","E","R","E","T","E","M","?","?","?","R","BOSS","M","M","?","?","?","R","E","?","T","E","M","M"],"items_purchased_type":["Potion"],"build_version":"2020-12-22","purchased_purges":1,"victory":false,"max_hp_per_floor":[64,64,64,64,64,71,71,71,71,71,71,71,71,71,71,71,71,71,71,71,71,71,71,71,71,71,71,71,71,71],"card_choices":[{"not_picked":["Cold Snap","Conserve Battery"],"picked":"Barrage","floor":1.0},{"not_picked":["Go for the Eyes","Hologram"],"picked":"Ball Lightning","floor":2.0},{"not_picked":["Chill","Self Repair"],"picked":"Genetic Algorithm","floor":4.0},{"not_picked":["All For One","Skim"],"picked":"Conserve Battery","floor":6.0},{"not_picked":["Fusion","Glacier"],"picked":"Core Surge","floor":8.0},{"not_picked":["Stack","Steam","Heatsinks"],"picked":"SKIP","floor":10.0},{"not_picked":["Streamline","Redo","Hello World"],"picked":"SKIP","floor":11.0},{"not_picked":["Go for the Eyes","Stack"],"picked":"Doom and Gloom","floor":12.0},{"not_picked":["Machine Learning","Reboot"],"picked":"Multi-Cast","floor":16.0},{"not_picked":["Reprogram","Storm","Go for the Eyes"],"picked":"SKIP","floor":18.0},{"not_picked":["Redo","Recycle"],"picked":"Hologram","floor":19.0},{"not_picked":["Chaos","Amplify","Compile Driver"],"picked":"SKIP","floor":24.0},{"not_picked":["Auto Shields","Redo"],"picked":"Undo","floor":25.0},{"not_picked":["Steam+1","Doom and Gloom"],"picked":"Conserve Battery","floor":27},{"not_picked":["Ball Lightning","Conserve Battery","Skim"],"picked":"SKIP","floor":28}],"player_experience":2031890,"relics_obtained":[{"floor":6.0,"key":"Strawberry"},{"floor":8.0,"key":"StrikeDummy"},{"floor":9.0,"key":"Orichalcum"},{"floor":10.0,"key":"Pen Nib"},{"floor":20.0,"key":"Red Mask"},{"floor":24.0,"key":"Gremlin Horn"},{"floor":27,"key":"Letter Opener"}],"event_choices":[{"damage_healed":0.0,"max_hp_gain":0.0,"max_hp_loss":0.0,"gold_gain":0.0,"event_name":"Match and Keep!","player_choice":"1 cards matched","floor":3.0,"gold_loss":0.0,"damage_taken":0.0,"cards_obtained":["Tempest"]},{"damage_healed":17.0,"max_hp_gain":0.0,"max_hp_loss":0.0,"gold_gain":0.0,"event_name":"The Cleric","player_choice":"Healed","floor":13.0,"gold_loss":35.0,"damage_taken":0.0},{"damage_healed":0.0,"max_hp_gain":0.0,"max_hp_loss":0.0,"gold_gain":0.0,"event_name":"Living Wall","player_choice":"Grow","floor":14.0,"gold_loss":0.0,"damage_taken":0.0,"cards_upgraded":["Barrage"]},{"damage_healed":0.0,"max_hp_gain":0.0,"max_hp_loss":0.0,"gold_gain":0.0,"event_name":"Masked Bandits","player_choice":"Fought Bandits","floor":20.0,"gold_loss":0.0,"damage_taken":0.0},{"damage_healed":0.0,"max_hp_gain":0.0,"max_hp_loss":0.0,"gold_gain":0.0,"event_name":"The Mausoleum","player_choice":"Ignored","floor":21.0,"gold_loss":0.0,"damage_taken":0.0},{"cards_removed":["Strike_B"],"damage_healed":0.0,"max_hp_gain":0.0,"max_hp_loss":0.0,"gold_gain":0.0,"event_name":"Designer","player_choice":"Upgrade and Remove","floor":22.0,"gold_loss":110.0,"damage_taken":0.0,"cards_upgraded":["Strike_B"]}],"is_beta":false,"boss_relics":[{"not_picked":["SacredBark","Runic Dome"],"picked":"Ectoplasm"}],"items_purged_floors":[5],"is_endless":false,"potions_floor_spawned":[6,8,16,19,24,25,27],"killed_by":"Snecko","ascension_level":19}}