{"host":"1qpqdhcm6rajo15h","time":1613285160,"event":{"mods":["BaseMod","Colored Powertips","Downfall","Gremlin Mod","Hermit","Highlight Path","Infinite Spire","Jorbs\u0027s Wanderer Trilogy","Mimic Mod","Minty Spire (QoL Compilation)","Potionbrewer","Relic Stats","Replay The Spire","StSLib","Td1madao Mod","The Marked","The Poker Player","The Runesmith","The Sage","TheBandit"],"gold_per_floor":[99,112,112,112,112,123,156,156,169,69,97,97,125,141,153,250,250,150,160,178,194,213,244,277,187,214,214,114,130,130,130,144,248,248,248,259,154,154,174,221,244,244,244,259,259,273,273,291,327,432,432,432,444,444,444,456,456,483,498,673,701,711,19,19,29,45,147,147,147,167,185,35,35,68,95,95,111,131,131,131,142,155,174,275,275,275,275,275,287,287],"floor_reached":89,"language":"ENG","playtime":10986,"items_purged":["Gremlin:Strike","Gremlin:Defend","Regret","Doubt","downfall:Malfunctioning","Bite"],"score":1792,"play_id":"be446dfc-d1c9-48e5-ae70-a755d59a1672","local_time":"20210214014600","is_ascension_mode":false,"campfire_choices":[{"floor":1,"key":"RECALL"},{"data":"Replay:Fractal Strike","floor":10,"key":"SMITH"},{"data":"Gremlin:PinNeedle","floor":12,"key":"SMITH"},{"floor":18,"key":"DIG"},{"data":"Gremlin:GremlinDance","floor":30,"key":"SMITH"},{"data":"ReplayTheSpireMod:Chaos Vortex","floor":35,"key":"SMITH"},{"data":"expansioncontent:DashGenerateEvil","floor":43,"key":"SMITH"},{"floor":79,"key":"REST"}],"circlet_count":0,"master_deck":["Gremlin:Defend","Gremlin:Defend","Gremlin:TagTeam+1","Gremlin:GremlinDance+1","Gremlin:GlitterGuard","Replay:Fractal Strike+1","Gremlin:Wizardry","Gremlin:PinNeedle+1","Gremlin:Irritability","Gremlin:GremlinOffensive+1","Gremlin:FlipOut","stsjorbsmod:Procrastination","Gremlin:Nob","Dramatic Entrance","ReplayTheSpireMod:Chaos Vortex+1","Neutralize+1","Clumsy","Gremlin:GremlinArms","Bite","Bite","Bite+1","expansioncontent:DashGenerateEvil+1","Gremlin:Pinprick+1","Gremlin:RageBreak","Gremlin:Duplicate","infinitespire:DeathsTouch","Writhe","Gremlin:Pinprick","infinitespire:Menacing","infinitespire:SealOfDarkness+"],"relics":["Gremlin:GremlinKnob","Replay:Wax Seal","downfall:HeartBlessingRed","ReplayTheSpireMod:TigerMarble","Kunai","Replay:Grab Bag","Busted Crown","Cursed Key","ReplayTheSpireMod:SealedPack","downfall:HeartBlessingBlue","Replay:Baseball","infinitespire:Bottled Soul","Gremlin:StolenMerchandise","Toy Ornithopter","Nloth\u0027s Gift","downfall:HeartBlessingGreen","Empty Cage","infinitespire:PuzzleCube","Ring of Peace","ReplayTheSpireMod:Ring of Addiction","Potion Belt","Chameleon Ring","FossilizedHelix","Happy Flower","TheAbacus","Fusion Hammer","Gremlin Food","ReplayTheSpireMod:Lightbulb","Sling","Ancient Tea Set","Frozen Egg 2","SacredBark","Divine Protection","Pet Ghost","Black Star"],"acts_visited":["Exordium","TheCity","TheBeyond","Exordium","TheCity","TheBeyond"],"potions_floor_usage":[13,16,23,23,37,40,44,48,48,48,50,50,50,50,59,61,61,65,67,67,67,67,67,67,67,75,81,83,84,89,89],"damage_taken":[{"damage":0,"enemies":"Small Slimes","floor":2,"turns":3},{"damage":0,"enemies":"Jaw Worm","floor":6,"turns":5},{"damage":2,"enemies":"Cultist","floor":7,"turns":9},{"damage":0,"enemies":"Cultist","floor":9,"turns":3},{"damage":15,"enemies":"3 Sentries","floor":11,"turns":14},{"damage":3,"enemies":"Lagavulin","floor":13,"turns":5},{"damage":0,"enemies":"Lots of Slimes","floor":14,"turns":1},{"damage":0,"enemies":"downfall:LooterAlt","floor":15,"turns":2},{"damage":9,"enemies":"SI_SHIV_ARCHETYPE","floor":16,"turns":9},{"damage":0,"enemies":"Chosen","floor":19,"turns":5},{"damage":0,"enemies":"Spheric Guardian","floor":20,"turns":3},{"damage":0,"enemies":"Snake Plant","floor":21,"turns":5},{"damage":0,"enemies":"3 Cultists","floor":22,"turns":4},{"damage":31,"enemies":"Nightmare","floor":23,"turns":8},{"damage":6,"enemies":"Shelled Parasite and Fungi","floor":24,"turns":5},{"damage":0,"enemies":"downfall:FleeingMerchant","floor":25,"turns":4},{"damage":0,"enemies":"Replay:Snechameleon","floor":26,"turns":4},{"damage":0,"enemies":"Shelled Parasite and Fungi","floor":29,"turns":3},{"damage":0,"enemies":"Cultist and Chosen","floor":32,"turns":4},{"damage":0,"enemies":"DF_ARCHETYPE_CLAW","floor":33,"turns":4},{"damage":0,"enemies":"Orb Walker","floor":36,"turns":4},{"damage":0,"enemies":"downfall:FleeingMerchant","floor":37,"turns":4},{"damage":0,"enemies":"3 Shapes","floor":39,"turns":4},{"damage":0,"enemies":"2 Orb Walkers","floor":40,"turns":4},{"damage":5,"enemies":"Writhing Mass","floor":44,"turns":6},{"damage":0,"enemies":"4 Shapes","floor":46,"turns":1},{"damage":0,"enemies":"Jaw Worm Horde","floor":48,"turns":3},{"damage":0,"enemies":"Sphere and 2 Shapes","floor":49,"turns":4},{"damage":0,"enemies":"IC_BLOCK_ARCHETYPE","floor":50,"turns":6},{"damage":0,"enemies":"Small Slimes","floor":53,"turns":1},{"damage":0,"enemies":"Jaw Worm","floor":56,"turns":1},{"damage":0,"enemies":"Cultist","floor":59,"turns":2},{"damage":0,"enemies":"Nightmare","floor":61,"turns":11},{"damage":0,"enemies":"Large Slime","floor":62,"turns":8},{"damage":0,"enemies":"downfall:LooterAlt","floor":65,"turns":2},{"damage":0,"enemies":"2 Fungi Beasts","floor":66,"turns":3},{"damage":0,"enemies":"Fading Forest","floor":67,"turns":8},{"damage":0,"enemies":"3 Byrds","floor":70,"turns":4},{"damage":0,"enemies":"Chosen","floor":71,"turns":4},{"damage":0,"enemies":"Book of Stabbing","floor":74,"turns":4},{"damage":0,"enemies":"Gremlin Leader","floor":75,"turns":1},{"damage":0,"enemies":"Snake Plant","floor":77,"turns":3},{"damage":0,"enemies":"Cultist and Chosen","floor":78,"turns":4},{"damage":0,"enemies":"Centurion and Healer","floor":81,"turns":3},{"damage":0,"enemies":"3 Cultists","floor":82,"turns":4},{"damage":0,"enemies":"Snake Plant","floor":83,"turns":4},{"damage":0,"enemies":"Automaton","floor":84,"turns":6},{"damage":0,"enemies":"3 Darklings","floor":89,"turns":4}],"seed_played":"-6697237384161531675","potions_obtained":[{"floor":2,"key":"Languid Potion"},{"floor":11,"key":"LifebloodPotion"},{"floor":13,"key":"Milkshake"},{"floor":16,"key":"Explosive Potion"},{"floor":19,"key":"SkillPotion"},{"floor":26,"key":"Death Potion"},{"floor":29,"key":"potionbrewer:SplittingPotion"},{"floor":38,"key":"SteroidPotion"},{"floor":38,"key":"potionbrewer:ToxicPotion"},{"floor":38,"key":"potionbrewer:DiscountPotion"},{"floor":39,"key":"hexamod:SoulburnPotion"},{"floor":46,"key":"Dexterity Potion"},{"floor":47,"key":"Cursed Concoction"},{"floor":47,"key":"CultistPotion"},{"floor":48,"key":"Slimebound:ThreeZeroPotion"},{"floor":49,"key":"champ:CounterPotion"},{"floor":50,"key":"potionbrewer:InfectionPotion"},{"floor":52,"key":"Fire Potion"},{"floor":52,"key":"infinitespire:BlackPotion"},{"floor":64,"key":"Cursed Concoction"},{"floor":65,"key":"potionbrewer:NoxiousPotion"},{"floor":69,"key":"potionbrewer:QuicksilverPotion"},{"floor":69,"key":"Explosive Potion"},{"floor":71,"key":"Energy Potion"},{"floor":76,"key":"bronze:BurnAndBuffPotion"},{"floor":77,"key":"Languid Potion"},{"floor":83,"key":"potionbrewer:CleansingPotion"},{"floor":84,"key":"PowerPotion"},{"floor":88,"key":"sagemod:Wine"}],"is_trial":false,"path_per_floor":["R","M","?","T","?","M","MIM","?","M","R","E","R","E","M","M","B",null,"R","M","M","M","M","NM","MIM","$","E","?","R","M","R","?","M","B",null,"R","M","$","?","M","?","T","?","R","M","AVR","M","R","M","M","B",null,"R","M","?","?","M","?","T","M","?","NM","M","$","R","M","M","B",null,"R","M","M","$","?","E","E","R","M","M","R","AVR","M","M","M","B",null,"PTL","PTL","R","M"],"character_chosen":"GREMLIN","items_purchased":["Gremlin:StolenMerchandise","expansioncontent:DashGenerateEvil","infinitespire:PuzzleCube","Sling","Ancient Tea Set","Frozen Egg 2"],"campfire_rested":1,"item_purchase_floors":[25,37,37,63,63,63],"current_hp_per_floor":[21,21,16,16,16,21,15,15,15,15,15,15,18,15,15,17,21,23,23,23,23,23,23,11,23,23,23,23,24,24,22,22,22,22,22,22,22,22,22,22,22,22,22,21,21,21,21,20,20,20,20,20,20,19,19,19,17,17,18,18,18,17,17,17,17,17,17,17,17,17,16,16,16,15,15,15,15,15,14,14,14,14,14,14,14,14,14,13,13,13],"gold":287,"neow_bonus":"TEN_PERCENT_HP_BONUS","is_daily":false,"chose_seed":false,"campfire_upgraded":5,"win_rate":0.0,"timestamp":1613285160,"path_taken":["R","M","?","?","?","?","MIM","?","M","R","E","R","E","M","M","BOSS","R","M","M","M","M","NM","MIM","$","E","?","R","?","R","?","M","BOSS","R","M","$","?","M","?","T","?","R","M","AVR","M","R","?","M","BOSS","R","M","?","?","?","?","T","M","?","NM","M","$","R","M","M","BOSS","R","M","M","$","?","?","E","R","?","M","R","AVR","M","?","M","BOSS","PTL","PTL","R","M"],"items_purchased_type":["Relic","Card","Relic","Relic","Relic","Relic"],"build_version":"2020-12-22","purchased_purges":6,"victory":false,"max_hp_per_floor":[21,21,21,21,21,21,21,21,21,21,21,21,21,21,21,21,21,23,23,23,23,23,23,25,25,25,25,24,24,24,22,22,22,22,22,22,22,22,22,22,22,22,22,21,21,21,21,20,20,20,20,20,20,19,19,19,18,18,18,18,18,18,18,18,17,17,17,17,17,17,16,16,16,15,15,15,15,15,14,14,14,14,14,14,14,14,14,13,13,13],"relic_stats":{"Busted Crown":114,"TheAbacus":[90],"Happy Flower":[32],"counters":[48,213],"Nloth\u0027s Gift":2,"Black Star":0,"Kunai":[197],"Cursed Key":3,"obtain_stats":[{"Darkstone Periapt":23,"Divine Protection":73,"SacredBark":68,"Gremlin:StolenMerchandise":25,"downfall:HeartBlessingGreen":28,"Cursed Key":17,"Empty Cage":34,"Sling":63,"Ancient Tea Set":63,"Pet Ghost":80,"Chameleon Ring":38,"TheAbacus":45,"downfall:HeartBlessingBlue":18,"infinitespire:Bottled Soul":24,"Ring of Peace":38,"Fusion Hammer":51,"Kunai":13,"Replay:Wax Seal":7,"Potion Belt":38,"Gremlin Food":57,"downfall:HeartBlessingRed":10,"Happy Flower":41,"Replay:Grab Bag":17,"ReplayTheSpireMod:Ring of Addiction":38,"ReplayTheSpireMod:SealedPack":17,"Frozen Egg 2":63,"Replay:Baseball":18,"Busted Crown":17,"Gremlin:GremlinKnob":0,"ReplayTheSpireMod:TigerMarble":11,"Nloth\u0027s Gift":27,"Black Star":85,"ReplayTheSpireMod:Lightbulb":58,"Toy Ornithopter":26,"infinitespire:PuzzleCube":37,"FossilizedHelix":40},{"Darkstone Periapt":14,"Divine Protection":39,"SacredBark":37,"Gremlin:StolenMerchandise":16,"downfall:HeartBlessingGreen":17,"Cursed Key":9,"Empty Cage":20,"Sling":34,"Ancient Tea Set":34,"Pet Ghost":43,"Chameleon Ring":22,"TheAbacus":25,"downfall:HeartBlessingBlue":9,"infinitespire:Bottled Soul":15,"Ring of Peace":22,"Fusion Hammer":29,"Kunai":6,"Replay:Wax Seal":3,"Potion Belt":22,"Gremlin Food":31,"downfall:HeartBlessingRed":4,"Happy Flower":24,"Replay:Grab Bag":9,"ReplayTheSpireMod:Ring of Addiction":22,"ReplayTheSpireMod:SealedPack":9,"Frozen Egg 2":34,"Replay:Baseball":9,"Busted Crown":9,"Gremlin:GremlinKnob":0,"ReplayTheSpireMod:TigerMarble":5,"Nloth\u0027s Gift":17,"Black Star":47,"ReplayTheSpireMod:Lightbulb":31,"Toy Ornithopter":17,"infinitespire:PuzzleCube":22,"FossilizedHelix":24},{"Darkstone Periapt":76,"Divine Protection":180,"SacredBark":172,"Gremlin:StolenMerchandise":85,"downfall:HeartBlessingGreen":89,"Cursed Key":51,"Empty Cage":100,"Sling":159,"Ancient Tea Set":159,"Pet Ghost":192,"Chameleon Ring":108,"TheAbacus":122,"downfall:HeartBlessingBlue":51,"infinitespire:Bottled Soul":81,"Ring of Peace":108,"Fusion Hammer":136,"Kunai":39,"Replay:Wax Seal":17,"Potion Belt":108,"Gremlin Food":138,"downfall:HeartBlessingRed":20,"Happy Flower":116,"Replay:Grab Bag":51,"ReplayTheSpireMod:Ring of Addiction":108,"ReplayTheSpireMod:SealedPack":51,"Frozen Egg 2":159,"Replay:Baseball":51,"Busted Crown":51,"Gremlin:GremlinKnob":0,"ReplayTheSpireMod:TigerMarble":34,"Nloth\u0027s Gift":89,"Black Star":209,"ReplayTheSpireMod:Lightbulb":138,"Toy Ornithopter":89,"infinitespire:PuzzleCube":108,"FossilizedHelix":116}],"Toy Ornithopter":2},"card_choices":[{"not_picked":["Gremlin:Raid","Gremlin:BubbleBarrier"],"picked":"Gremlin:GlitterGuard","floor":2},{"not_picked":["infinitespire:UltimateForm","infinitespire:FutureSight"],"picked":"Replay:Fractal Strike","floor":3},{"not_picked":["Gremlin:Tadah","Gremlin:BubbleBarrier","Gremlin:Scatter"],"picked":"SKIP","floor":6},{"not_picked":["Gremlin:Presto","Gremlin:Revel"],"picked":"Gremlin:Wizardry","floor":7},{"not_picked":["Gremlin:Glimmer","Gremlin:GremlinToss"],"picked":"Gremlin:ShowStopper","floor":9},{"not_picked":["Gremlin:FanOfKnives","Gremlin:BulkUp"],"picked":"Gremlin:PinNeedle","floor":11},{"not_picked":["Gremlin:Glimmer","Gremlin:Tadah","Gremlin:PourSalt"],"picked":"SKIP","floor":13},{"not_picked":["Gremlin:RageBreak","Gremlin:Mockery"],"picked":"Gremlin:Irritability","floor":14},{"not_picked":["Gremlin:PourSalt","Gremlin:BubbleBarrier"],"picked":"Gremlin:GremlinOffensive","floor":15},{"not_picked":["Gremlin:Erupt","Gremlin:TargetWeakness"],"picked":"Gremlin:FlipOut","floor":16},{"not_picked":[],"picked":"Gremlin:Nob","floor":17},{"not_picked":[],"picked":"Dramatic Entrance","floor":17},{"not_picked":[],"picked":"ReplayTheSpireMod:Chaos Vortex","floor":17},{"not_picked":[],"picked":"Neutralize","floor":17},{"not_picked":["Gremlin:Irritability"],"picked":"SKIP","floor":19},{"not_picked":["Gremlin:BubbleBarrier"],"picked":"SKIP","floor":20},{"not_picked":["Gremlin:DaggerDance+1"],"picked":"SKIP","floor":21},{"not_picked":["Gremlin:Glimmer+1"],"picked":"SKIP","floor":22},{"not_picked":["Gremlin:FanOfKnives"],"picked":"SKIP","floor":23},{"not_picked":["Gremlin:FanOfKnives"],"picked":"SKIP","floor":23},{"not_picked":[],"picked":"Gremlin:GremlinArms","floor":24},{"not_picked":["Gremlin:Revel"],"picked":"SKIP","floor":25},{"not_picked":["Gremlin:RageBreak"],"picked":"SKIP","floor":26},{"not_picked":["Gremlin:Erupt"],"picked":"SKIP","floor":29},{"not_picked":["Gremlin:GremlinArms"],"picked":"SKIP","floor":32},{"not_picked":["Gremlin:Tricksy"],"picked":"SKIP","floor":36},{"not_picked":["Gremlin:Pretaliation"],"picked":"SKIP","floor":37},{"not_picked":["Gremlin:Patsy"],"picked":"SKIP","floor":39},{"not_picked":["Gremlin:Patsy"],"picked":"SKIP","floor":39},{"not_picked":[],"picked":"Gremlin:Pinprick+1","floor":40},{"not_picked":["expansioncontent:InvincibleStrength","expansioncontent:HyperBeam"],"picked":"Replay:SS_fish_1","floor":42},{"not_picked":["Gremlin:CatScratch"],"picked":"SKIP","floor":44},{"not_picked":["Gremlin:Pretaliation+1"],"picked":"SKIP","floor":46},{"not_picked":["Gremlin:Pretaliation+1"],"picked":"SKIP","floor":46},{"not_picked":["Gremlin:Pretaliation"],"picked":"SKIP","floor":48},{"not_picked":["Gremlin:GremlinMeal"],"picked":"SKIP","floor":49},{"not_picked":["Gremlin:PartyStick"],"picked":"SKIP","floor":53},{"not_picked":["Gremlin:BulkUp"],"picked":"SKIP","floor":56},{"not_picked":["Gremlin:PourSalt"],"picked":"SKIP","floor":59},{"not_picked":["Gremlin:Changeo"],"picked":"SKIP","floor":61},{"not_picked":["Gremlin:GremlinArms"],"picked":"SKIP","floor":62},{"not_picked":[],"picked":"Gremlin:Duplicate","floor":65},{"not_picked":["Gremlin:Irritability"],"picked":"SKIP","floor":66},{"not_picked":["ReplayTheSpireMod:Haul","infinitespire:TheBestDefense"],"picked":"infinitespire:DeathsTouch","floor":67},{"not_picked":["Gremlin:Glimmer"],"picked":"SKIP","floor":70},{"not_picked":["Gremlin:Tadah+1"],"picked":"SKIP","floor":71},{"not_picked":["Gremlin:MakeshiftArmor+1"],"picked":"SKIP","floor":74},{"not_picked":["Gremlin:Flurry"],"picked":"SKIP","floor":75},{"not_picked":["Gremlin:Dazzle"],"picked":"SKIP","floor":77},{"not_picked":["Gremlin:Dazzle"],"picked":"SKIP","floor":77},{"not_picked":[],"picked":"Gremlin:Pinprick","floor":78},{"not_picked":["Gremlin:Glimmer+1"],"picked":"SKIP","floor":81},{"not_picked":["Gremlin:RageBreak+1"],"picked":"SKIP","floor":82},{"not_picked":["Gremlin:InfiniteBlocks+1"],"picked":"SKIP","floor":83},{"not_picked":["Gremlin:InfiniteBlocks+1"],"picked":"SKIP","floor":83},{"not_picked":["Gremlin:Wizardry+1"],"picked":"SKIP","floor":89}],"player_experience":12953,"relics_obtained":[{"floor":7,"key":"Replay:Wax Seal"},{"floor":11,"key":"ReplayTheSpireMod:TigerMarble"},{"floor":13,"key":"Kunai"},{"floor":18,"key":"Replay:Baseball"},{"floor":23,"key":"Darkstone Periapt"},{"floor":24,"key":"infinitespire:Bottled Soul"},{"floor":26,"key":"Toy Ornithopter"},{"floor":38,"key":"Ring of Peace"},{"floor":38,"key":"ReplayTheSpireMod:Ring of Addiction"},{"floor":38,"key":"Potion Belt"},{"floor":38,"key":"Chameleon Ring"},{"floor":40,"key":"FossilizedHelix"},{"floor":41,"key":"Happy Flower"},{"floor":58,"key":"ReplayTheSpireMod:Lightbulb"}],"event_choices":[{"damage_healed":0,"gold_gain":0,"player_choice":"Became a vampire","damage_taken":0,"max_hp_gain":0,"max_hp_loss":8,"event_name":"Vampires","floor":31,"gold_loss":0,"cards_obtained":["Bite","Bite","Bite","Bite","Bite"]},{"damage_healed":0,"gold_gain":0,"player_choice":"Fight","damage_taken":0,"max_hp_gain":0,"max_hp_loss":0,"event_name":"Mysterious Sphere","floor":40,"gold_loss":0},{"damage_healed":0,"gold_gain":0,"player_choice":"Success","damage_taken":1,"relics_obtained":["Gremlin Food"],"max_hp_gain":0,"max_hp_loss":0,"event_name":"Scrap Ooze","floor":57,"gold_loss":0}],"is_beta":false,"boss_relics":[{"not_picked":["Replay:Ancient Bell","Calling Bell"],"picked":"Replay:Grab Bag"},{"not_picked":["Sozu","Replay:Wanted Poster"],"picked":"Busted Crown"},{"not_picked":["Runesmith:UraniumAnvil","Painkiller Herb"],"picked":"Cursed Key"},{"not_picked":["Kintsugi","Snecko Eye"],"picked":"ReplayTheSpireMod:SealedPack"},{"not_picked":["Honey Jar","Replay:Drink Me"],"picked":"Empty Cage"},{"not_picked":["Runic Pyramid","ChewingGum"],"picked":"Fusion Hammer"},{"not_picked":["Gremlin:GremlinBomb","sagemod:Falmels_Amulet"],"picked":"SacredBark"},{"not_picked":["Replay:Wanted Poster","Runic Pyramid"],"picked":"Black Star"}],"items_purged_floors":[25,37,45,63,72,80],"is_endless":true,"potions_floor_spawned":[2,11,13,16,19,22,26,29,32,39,46,48,49,50,62,65,66,71,75,77,82,83,84],"killed_by":"3 Darklings","ascension_level":0}}