{"host":"6ulps5ednfgqn0to","time":1613269352,"event":{"mods":["AchievementEnabler","BaseMod","Colored Map","Highlight Path","Minty Spire (QoL Compilation)","Relic Sorter","Relic Stats","StSLib"],"gold_per_floor":[16,16,29,104,116,116,151,151,151,151,170,190,222,233,233,338,338,358,358,358,124,124,150,150,5,28,28,46,81,94,94,94,193,193,206,222,222,238,255,290,316,25,49,67,0,0,35,55,55,55],"floor_reached":51,"language":"ENG","playtime":2817,"items_purged":[],"score":1021,"play_id":"ac477dce-2db6-4d6d-ace9-bfba0bb93711","local_time":"20210214042232","is_ascension_mode":true,"campfire_choices":[{"data":"Perfected Strike","floor":6,"key":"SMITH"},{"data":"True Grit","floor":8,"key":"SMITH"},{"data":"Metallicize","floor":10,"key":"SMITH"},{"data":"Disarm","floor":15,"key":"SMITH"},{"data":"Juggernaut","floor":24,"key":"SMITH"},{"data":"Body Slam","floor":32,"key":"SMITH"},{"data":"Warcry","floor":46,"key":"SMITH"},{"data":"Impervious","floor":49,"key":"SMITH"}],"circlet_count":0,"master_deck":["Strike_R","Strike_R","Strike_R","Strike_R","Strike_R","Defend_R","Defend_R","Defend_R","Bash","Perfected Strike+1","Metallicize+1","Disarm+1","Feel No Pain","True Grit+1","Twin Strike","Feel No Pain","Body Slam+1","Ghostly Armor+1","Juggernaut+1","Shrug It Off+1","Finesse","Second Wind","Armaments+1","Flame Barrier+1","Shrug It Off","Impervious+1","Flame Barrier+1","Battle Trance","Apotheosis","Warcry+1","Perfected Strike+1","Body Slam+1","Body Slam+1","Shockwave","Double Tap","Parasite"],"relics":["Burning Blood","Shuriken","WingedGreaves","Torii","TungstenRod","Mango","Omamori","Philosopher\u0027s Stone","PreservedInsect","Kunai","Oddly Smooth Stone","Anchor","Bag of Preparation","Calling Bell","Strawberry","Molten Egg 2","Thread and Needle","Lizard Tail","Letter Opener","Bottled Tornado","War Paint","Red Mask","Juzu Bracelet"],"acts_visited":["Exordium","TheCity","TheBeyond"],"potions_floor_usage":[16,29,33,33,40,50,50,50],"damage_taken":[{"damage":4,"enemies":"Jaw Worm","floor":1,"turns":6},{"damage":1,"enemies":"Cultist","floor":3,"turns":3},{"damage":6,"enemies":"2 Louse","floor":5,"turns":2},{"damage":17,"enemies":"3 Sentries","floor":7,"turns":9},{"damage":0,"enemies":"Exordium Wildlife","floor":11,"turns":11},{"damage":0,"enemies":"Blue Slaver","floor":12,"turns":4},{"damage":11,"enemies":"Gremlin Nob","floor":13,"turns":4},{"damage":6,"enemies":"Looter","floor":14,"turns":4},{"damage":0,"enemies":"The Guardian","floor":16,"turns":14},{"damage":20,"enemies":"2 Thieves","floor":18,"turns":5},{"damage":48,"enemies":"Slavers","floor":23,"turns":9},{"damage":0,"enemies":"3 Byrds","floor":28,"turns":4},{"damage":0,"enemies":"Gremlin Leader","floor":29,"turns":6},{"damage":0,"enemies":"Snecko","floor":30,"turns":4},{"damage":46,"enemies":"Collector","floor":33,"turns":11},{"damage":5,"enemies":"3 Shapes","floor":35,"turns":3},{"damage":16,"enemies":"3 Darklings","floor":36,"turns":9},{"damage":0,"enemies":"Writhing Mass","floor":38,"turns":6},{"damage":3,"enemies":"4 Shapes","floor":39,"turns":11},{"damage":13,"enemies":"Reptomancer","floor":40,"turns":4},{"damage":15,"enemies":"Giant Head","floor":41,"turns":8},{"damage":0,"enemies":"Spire Growth","floor":44,"turns":4},{"damage":13,"enemies":"Reptomancer","floor":47,"turns":5},{"damage":0,"enemies":"Writhing Mass","floor":48,"turns":4},{"damage":0,"enemies":"Time Eater","floor":50,"turns":12}],"seed_played":"1905488610531190947","potions_obtained":[{"floor":5,"key":"FearPotion"},{"floor":7,"key":"ElixirPotion"},{"floor":13,"key":"Energy Potion"},{"floor":23,"key":"LiquidBronze"},{"floor":30,"key":"Explosive Potion"},{"floor":35,"key":"Explosive Potion"},{"floor":44,"key":"Regen Potion"},{"floor":47,"key":"AttackPotion"}],"is_trial":false,"path_per_floor":["M","?","M","?","M","R","E","R","T","R","M","M","E","M","R","B",null,"M","?","?","$","?","E","R","$","T","$","M","E","M","T","R","B",null,"M","M","?","M","M","E","E","$","T","M","?","R","E","M","R","B",null],"character_chosen":"IRONCLAD","items_purchased":["Finesse","PreservedInsect","Anchor","Bottled Tornado","Body Slam+1"],"campfire_rested":0,"item_purchase_floors":[21,21,25,42,42],"current_hp_per_floor":[80,80,80,72,72,72,61,61,75,75,81,87,82,82,82,88,94,80,80,80,80,80,38,38,38,38,38,44,50,56,56,56,16,101,101,91,91,97,100,93,84,84,84,90,90,90,83,89,89,101],"gold":55,"neow_bonus":"ONE_RARE_RELIC","is_daily":false,"chose_seed":false,"campfire_upgraded":8,"win_rate":0.0,"timestamp":1613269352,"path_taken":["M","?","?","?","M","R","E","R","T","R","M","M","E","?","R","BOSS","M","?","?","$","?","E","R","?","T","$","M","E","M","?","R","BOSS","M","M","?","M","M","E","E","$","T","M","?","R","E","M","R","BOSS"],"items_purchased_type":["Card","Relic","Relic","Relic","Card"],"build_version":"2020-12-22","purchased_purges":0,"victory":true,"max_hp_per_floor":[80,80,80,80,80,80,80,80,94,94,94,94,94,94,94,94,94,94,94,94,94,94,94,94,94,94,94,94,94,94,94,94,94,101,101,101,101,101,101,101,101,101,101,101,101,101,101,101,101,101],"relic_stats":{"Torii":65,"counters":[25,162],"PreservedInsect":326,"Bag of Preparation":[28],"Juzu Bracelet":0,"Letter Opener":[35],"War Paint":["Ghostly Armor","Flame Barrier"],"Burning Blood":136,"Lizard Tail":0,"Shuriken":[3],"Kunai":[5],"obtain_stats":[{"Torii":0,"Oddly Smooth Stone":23,"Mango":9,"Thread and Needle":34,"PreservedInsect":21,"Omamori":13,"Bag of Preparation":26,"Juzu Bracelet":47,"Letter Opener":41,"Bottled Tornado":42,"War Paint":43,"Burning Blood":0,"Calling Bell":34,"Anchor":25,"Lizard Tail":40,"Shuriken":29,"Strawberry":34,"Philosopher\u0027s Stone":17,"Molten Egg 2":34,"WingedGreaves":31,"Red Mask":45,"Kunai":22,"TungstenRod":7},{"Torii":0,"Oddly Smooth Stone":11,"Mango":4,"Thread and Needle":15,"PreservedInsect":10,"Omamori":7,"Bag of Preparation":11,"Juzu Bracelet":23,"Letter Opener":21,"Bottled Tornado":21,"War Paint":21,"Burning Blood":0,"Calling Bell":15,"Anchor":11,"Lizard Tail":20,"Shuriken":13,"Strawberry":15,"Philosopher\u0027s Stone":9,"Molten Egg 2":15,"WingedGreaves":14,"Red Mask":22,"Kunai":10,"TungstenRod":4},{"Torii":0,"Oddly Smooth Stone":71,"Mango":20,"Thread and Needle":96,"PreservedInsect":62,"Omamori":39,"Bag of Preparation":71,"Juzu Bracelet":146,"Letter Opener":137,"Bottled Tornado":137,"War Paint":137,"Burning Blood":0,"Calling Bell":96,"Anchor":71,"Lizard Tail":129,"Shuriken":81,"Strawberry":96,"Philosopher\u0027s Stone":57,"Molten Egg 2":96,"WingedGreaves":85,"Red Mask":141,"Kunai":62,"TungstenRod":20}],"TungstenRod":51},"card_choices":[{"not_picked":["Second Wind","Warcry"],"picked":"Perfected Strike","floor":1},{"not_picked":["Iron Wave","Flex"],"picked":"Disarm","floor":3},{"not_picked":["Armaments","Flex"],"picked":"Feel No Pain","floor":5},{"not_picked":["Spot Weakness","Armaments"],"picked":"True Grit","floor":7},{"not_picked":["Rupture","Pummel"],"picked":"Twin Strike","floor":11},{"not_picked":["Heavy Blade","Inflame"],"picked":"Feel No Pain","floor":12},{"not_picked":["Reaper","Searing Blow"],"picked":"Body Slam","floor":13},{"not_picked":["Whirlwind","Dual Wield"],"picked":"Ghostly Armor","floor":14},{"not_picked":["Corruption","Demon Form"],"picked":"Juggernaut","floor":16},{"not_picked":["Burning Pact","Clothesline"],"picked":"Shrug It Off+1","floor":18},{"not_picked":["Dark Embrace","Battle Trance"],"picked":"Second Wind","floor":23},{"not_picked":["Iron Wave","Clothesline+1"],"picked":"Armaments+1","floor":28},{"not_picked":["Rampage","Dark Embrace"],"picked":"Flame Barrier","floor":29},{"not_picked":["Flex","Armaments"],"picked":"Shrug It Off","floor":30},{"not_picked":["Limit Break","Demon Form"],"picked":"Impervious","floor":33},{"not_picked":["Cleave+1","Uppercut+1"],"picked":"Flame Barrier+1","floor":35},{"not_picked":["Rupture","Carnage+1"],"picked":"Battle Trance","floor":36},{"not_picked":["Dramatic Entrance+1","Dark Shackles"],"picked":"Apotheosis","floor":37},{"not_picked":["Warcry","Heavy Blade+1","Pommel Strike+1"],"picked":"SKIP","floor":38},{"not_picked":["Heavy Blade+1","Pommel Strike+1"],"picked":"Warcry","floor":38},{"not_picked":["Cleave+1","Bloodletting+1"],"picked":"Perfected Strike+1","floor":39},{"not_picked":["Cleave+1","Clash+1","Dropkick+1"],"picked":"SKIP","floor":40},{"not_picked":["Cleave+1","Sever Soul+1"],"picked":"Body Slam+1","floor":41},{"not_picked":["Searing Blow+1","Carnage+1"],"picked":"Shockwave","floor":44},{"not_picked":["Heavy Blade+1","Twin Strike+1"],"picked":"Double Tap","floor":47},{"not_picked":["Dropkick+1","Inflame","Twin Strike+1"],"picked":"SKIP","floor":48}],"player_experience":5805,"relics_obtained":[{"floor":7,"key":"TungstenRod"},{"floor":9,"key":"Mango"},{"floor":13,"key":"Omamori"},{"floor":23,"key":"Oddly Smooth Stone"},{"floor":26,"key":"Bag of Preparation"},{"floor":29,"key":"Shuriken"},{"floor":31,"key":"WingedGreaves"},{"floor":34,"key":"Strawberry"},{"floor":34,"key":"Molten Egg 2"},{"floor":34,"key":"Thread and Needle"},{"floor":40,"key":"Lizard Tail"},{"floor":41,"key":"Letter Opener"},{"floor":43,"key":"War Paint"},{"floor":47,"key":"Juzu Bracelet"}],"event_choices":[{"damage_healed":0,"gold_gain":0,"cards_transformed":["Defend_R"],"player_choice":"Transformed","damage_taken":0,"max_hp_gain":0,"max_hp_loss":0,"event_name":"Transmorgrifier","floor":2,"gold_loss":0,"cards_obtained":["Metallicize"]},{"damage_healed":0,"gold_gain":75,"player_choice":"Touch","damage_taken":8,"max_hp_gain":0,"max_hp_loss":0,"event_name":"FaceTrader","floor":4,"gold_loss":0},{"damage_healed":0,"gold_gain":0,"player_choice":"Ignored","damage_taken":0,"max_hp_gain":0,"max_hp_loss":0,"event_name":"Beggar","floor":19,"gold_loss":0},{"damage_healed":0,"gold_gain":0,"player_choice":"Ignored","damage_taken":0,"max_hp_gain":0,"max_hp_loss":0,"event_name":"Vampires","floor":20,"gold_loss":0},{"damage_healed":0,"gold_gain":0,"player_choice":"Opened","damage_taken":0,"relics_obtained":["Kunai"],"max_hp_gain":0,"max_hp_loss":0,"event_name":"The Mausoleum","floor":22,"gold_loss":0},{"damage_healed":0,"gold_gain":0,"player_choice":"Memory 1","damage_taken":0,"max_hp_gain":0,"max_hp_loss":0,"event_name":"SensoryStone","floor":37,"gold_loss":0},{"damage_healed":0,"gold_gain":0,"player_choice":"Paid","damage_taken":0,"relics_obtained":["Red Mask"],"max_hp_gain":0,"max_hp_loss":0,"event_name":"Tomb of Lord Red Mask","floor":45,"gold_loss":67}],"is_beta":false,"boss_relics":[{"not_picked":["Black Blood","Empty Cage"],"picked":"Philosopher\u0027s Stone"},{"not_picked":["Cursed Key","Black Star"],"picked":"Calling Bell"}],"items_purged_floors":[],"is_endless":false,"potions_floor_spawned":[5,7,13,14,23,30,35,44,47],"ascension_level":2}}