{"host":"c83fcgyuu74iknko","time":1613278507,"event":{"mods":["BaseMod","Colored Map","Colored Powertips","Minty Spire (QoL Compilation)","Quick Restart","StSLib","The Animator","The Senshi"],"gold_per_floor":[112,187,36,36,53,53,63,63,63,96,196,215,215,247,247,352,352,352,140,140,92,92,92,92,92,92,92,92,92,92,92,92,92,92,92,92,92,92,92,92,92,92,92,92,92,92,92,92,92,92],"floor_reached":51,"language":"ENG","playtime":2633,"items_purged":["theSenshi:RoseThrow"],"score":870,"play_id":"20c966f8-0bba-4811-9b78-7c94044a2975","local_time":"20210213205507","is_ascension_mode":true,"campfire_choices":[{"data":"theSenshi:SailorSaturnAssists","floor":6,"key":"SMITH"},{"data":"theSenshi:MarsPride","floor":13,"key":"SMITH"},{"floor":15,"key":"REST"},{"data":"theSenshi:SailorPlanetAttack","floor":23,"key":"SMITH"},{"data":"theSenshi:SailorStarFighterAssists","floor":25,"key":"SMITH"},{"data":"theSenshi:SailorPlanetPower","floor":32,"key":"SMITH"},{"data":"theSenshi:SailorPlutoAssists","floor":40,"key":"SMITH"},{"data":"theSenshi:TuxedoMaskAssists","floor":49,"key":"SMITH"}],"circlet_count":0,"master_deck":["theSenshi:MoonPrismPowerMakeUp","theSenshi:SailorPlanetAttack+1","theSenshi:SailorSaturnAssists+1","theSenshi:MarsPride+1","theSenshi:SailorMarsAssists","theSenshi:SailorChibiMoonAssists","theSenshi:PlutosSolemnity+1","theSenshi:SailorSaturnAssists","theSenshi:LunaSensingAllies+1","theSenshi:SailorStarFighterAssists+1","theSenshi:SailorStarFighterAssists+1","theSenshi:SailorPlanetPower+1","theSenshi:SailorPlutoAssists+1","theSenshi:UranusStrength+1","theSenshi:SailorStarHealerAssists+1","theSenshi:LunaSensingAllies+1","theSenshi:MoonTwilightFlash","theSenshi:KlutzyLuck","theSenshi:UranusStrength+1","theSenshi:MoonKick","theSenshi:SailorStarMakerAssists+1","theSenshi:MoonTiaraMagic","theSenshi:Sidestep+1","theSenshi:TuxedoMaskAssists+1","theSenshi:SailorMercuryAssists+1","theSenshi:TuxedoMaskAssists+1","theSenshi:WarriorOfTheMoon+1","theSenshi:NeptunesGrace","theSenshi:SailorJupiterAssists","theSenshi:SailorStarHealerAssists+1"],"relics":["theSenshi:TransformationBroochRelic","NeowsBlessing","Ancient Tea Set","Bag of Preparation","Toxic Egg 2","Ectoplasm","Pen Nib","Mummified Hand","Centennial Puzzle","Blood Vial","War Paint","Bag of Marbles","Pandora\u0027s Box","Boot","theSenshi:SailorFukuRelic"],"acts_visited":["Exordium","TheCity","TheBeyond"],"potions_floor_usage":[1,10,33,38,45,50,50,50],"damage_taken":[{"damage":0,"enemies":"Jaw Worm","floor":1,"turns":1},{"damage":0,"enemies":"2 Louse","floor":5,"turns":1},{"damage":0,"enemies":"Cultist","floor":7,"turns":1},{"damage":16,"enemies":"Gremlin Nob","floor":10,"turns":4},{"damage":0,"enemies":"Red Slaver","floor":12,"turns":3},{"damage":36,"enemies":"Lagavulin","floor":14,"turns":4},{"damage":31,"enemies":"The Guardian","floor":16,"turns":8},{"damage":8,"enemies":"Shell Parasite","floor":18,"turns":3},{"damage":6,"enemies":"Chosen","floor":22,"turns":3},{"damage":12,"enemies":"Book of Stabbing","floor":24,"turns":4},{"damage":21,"enemies":"Gremlin Leader","floor":29,"turns":4},{"damage":0,"enemies":"3 Cultists","floor":30,"turns":3},{"damage":16,"enemies":"Book of Stabbing","floor":31,"turns":4},{"damage":48,"enemies":"Champ","floor":33,"turns":7},{"damage":30,"enemies":"3 Darklings","floor":35,"turns":4},{"damage":15,"enemies":"3 Shapes","floor":37,"turns":3},{"damage":16,"enemies":"Maw","floor":38,"turns":6},{"damage":16,"enemies":"Jaw Worm Horde","floor":39,"turns":2},{"damage":10,"enemies":"3 Darklings","floor":41,"turns":1},{"damage":3,"enemies":"Maw","floor":44,"turns":5},{"damage":0,"enemies":"Transient","floor":45,"turns":5},{"damage":0,"enemies":"3 Darklings","floor":47,"turns":2},{"damage":0,"enemies":"Nemesis","floor":48,"turns":1},{"damage":28,"enemies":"Time Eater","floor":50,"turns":3}],"seed_played":"1223693810711866322","potions_obtained":[{"floor":1,"key":"Fruit Juice"},{"floor":5,"key":"ColorlessPotion"},{"floor":16,"key":"Swift Potion"},{"floor":20,"key":"SneckoOil"},{"floor":20,"key":"Strength Potion"},{"floor":22,"key":"DuplicationPotion"},{"floor":33,"key":"DuplicationPotion"},{"floor":39,"key":"EssenceOfSteel"},{"floor":41,"key":"LiquidMemories"},{"floor":45,"key":"CultistPotion"}],"is_trial":false,"path_per_floor":["M","?","$","?","M","R","M","?","T","E","?","M","R","E","R","B",null,"M","$","?","$","M","R","E","R","T","?","T","E","M","E","R","B",null,"M","?","M","M","M","R","M","?","T","M","M","$","M","E","R","B",null],"character_chosen":"THE_SENSHI","items_purchased":["theSenshi:SailorSaturnAssists","theSenshi:LunaSensingAllies+1","Pen Nib","PowerPotion"],"campfire_rested":1,"item_purchase_floors":[3,19,19,21],"current_hp_per_floor":[80,69,69,53,58,58,58,63,63,52,52,57,57,26,51,40,85,85,85,85,85,84,84,76,76,76,76,76,62,69,70,70,37,85,60,60,52,53,39,39,31,31,31,45,62,62,69,71,71,50],"gold":92,"neow_bonus":"THREE_ENEMY_KILL","is_daily":false,"chose_seed":false,"campfire_upgraded":7,"win_rate":0.0,"timestamp":1613278507,"path_taken":["M","?","$","?","M","R","M","?","T","E","?","M","R","E","R","BOSS","M","$","?","$","?","R","E","R","T","?","?","E","M","E","R","BOSS","M","?","M","?","M","R","?","?","T","M","M","?","?","E","R","BOSS"],"items_purchased_type":["Card","Card","Relic","Potion"],"build_version":"2020-12-22","purchased_purges":1,"victory":true,"max_hp_per_floor":[80,80,80,80,80,80,80,85,85,85,85,85,85,85,85,85,85,85,85,85,85,85,85,85,85,85,85,85,85,85,85,85,85,85,85,85,85,85,85,85,85,85,85,85,85,85,85,85,85,85],"card_choices":[{"not_picked":["theSenshi:MoonsReflection","theSenshi:MoonTiaraMagic"],"picked":"theSenshi:SailorPlanetAttack","floor":1},{"not_picked":["theSenshi:MoonPunch","theSenshi:MoonPrincessHalation"],"picked":"theSenshi:MarsPride","floor":5},{"not_picked":["theSenshi:MoonPunch","theSenshi:TuxedoSmokingBomber"],"picked":"theSenshi:SailorMarsAssists","floor":7},{"not_picked":["theSenshi:FatedKiss","theSenshi:Sidestep","theSenshi:EncouragingSpeech"],"picked":"SKIP","floor":10},{"not_picked":["theSenshi:MoonsReflection","theSenshi:MoonPower"],"picked":"theSenshi:SailorChibiMoonAssists","floor":12},{"not_picked":["theSenshi:LunasBite","theSenshi:SailorPlanetAttack"],"picked":"theSenshi:PlutosSolemnity+1","floor":14},{"not_picked":["theSenshi:InTheNameOfTheMoon+1","theSenshi:FatedKiss"],"picked":"theSenshi:SailorSaturnAssists","floor":16},{"not_picked":["theSenshi:SteeledNerves","theSenshi:MoonPunch","theSenshi:MoonPower+1"],"picked":"SKIP","floor":18},{"not_picked":["theSenshi:MoonCosmicPowerMakeUp+1","theSenshi:MoonsReflection+1"],"picked":"theSenshi:SailorStarFighterAssists","floor":22},{"not_picked":["theSenshi:TallSilhouette+1","theSenshi:LunasBite"],"picked":"theSenshi:SailorStarFighterAssists+1","floor":24},{"not_picked":["theSenshi:MoonPunch+1","theSenshi:NeptunesGrace"],"picked":"theSenshi:SailorPlutoAssists","floor":29},{"not_picked":["theSenshi:LateForSchool+1","theSenshi:SteeledNerves"],"picked":"theSenshi:UranusStrength+1","floor":30},{"not_picked":["theSenshi:MoonPower","theSenshi:GlimpseOfThePast"],"picked":"theSenshi:SailorStarHealerAssists+1","floor":31},{"not_picked":["theSenshi:MoonGorgeousMeditation","theSenshi:SailorSaturnAssists"],"picked":"theSenshi:LunaSensingAllies+1","floor":33},{"not_picked":["theSenshi:MoonKick+1","theSenshi:MoonPower"],"picked":"theSenshi:TuxedoMaskAssists+1","floor":35},{"not_picked":["theSenshi:TallSilhouette+1","theSenshi:SailorVenusAssists+1"],"picked":"theSenshi:SailorMercuryAssists+1","floor":37},{"not_picked":["theSenshi:MoonKick+1","theSenshi:MoonPunch+1","theSenshi:HesSoDreamy+1"],"picked":"SKIP","floor":38},{"not_picked":["theSenshi:LunasBite+1","theSenshi:MoonSpiralHeartAttack","theSenshi:SupersonicWaves"],"picked":"SKIP","floor":39},{"not_picked":["theSenshi:MoonKick","theSenshi:MoonSpiralHeartAttack"],"picked":"theSenshi:TuxedoMaskAssists","floor":41},{"not_picked":["theSenshi:DramaticEntrance+1","theSenshi:Sidestep+1"],"picked":"theSenshi:NeptunesGrace","floor":44},{"not_picked":["theSenshi:MoonPunch+1","theSenshi:TallSilhouette+1","theSenshi:SupersonicWaves+1"],"picked":"SKIP","floor":45},{"not_picked":["theSenshi:MoonTiaraMagic+1","theSenshi:MoonPrincessHalation+1"],"picked":"theSenshi:SailorJupiterAssists","floor":47},{"not_picked":["theSenshi:MoonTwilightFlash","theSenshi:MoonHealingEscalation+1"],"picked":"theSenshi:SailorStarHealerAssists+1","floor":48}],"player_experience":258402,"relics_obtained":[{"floor":9,"key":"Ancient Tea Set"},{"floor":10,"key":"Bag of Preparation"},{"floor":14,"key":"Toxic Egg 2"},{"floor":24,"key":"Mummified Hand"},{"floor":26,"key":"Centennial Puzzle"},{"floor":28,"key":"Blood Vial"},{"floor":29,"key":"War Paint"},{"floor":31,"key":"Bag of Marbles"},{"floor":43,"key":"Boot"},{"floor":48,"key":"theSenshi:SailorFukuRelic"}],"event_choices":[{"damage_healed":0,"gold_gain":75,"player_choice":"Gather Gold","damage_taken":11,"max_hp_gain":0,"max_hp_loss":0,"event_name":"World of Goop","floor":2,"gold_loss":0},{"damage_healed":0,"gold_gain":0,"player_choice":"Entered Light","damage_taken":16,"max_hp_gain":0,"max_hp_loss":0,"event_name":"Shining Light","floor":4,"gold_loss":0,"cards_upgraded":["theSenshi:SailorKick","theSenshi:SailorKick"]},{"damage_healed":0,"gold_gain":0,"player_choice":"Donut","damage_taken":0,"max_hp_gain":5,"max_hp_loss":0,"event_name":"Big Fish","floor":8,"gold_loss":0},{"damage_healed":0,"gold_gain":100,"player_choice":"Pray","damage_taken":0,"max_hp_gain":0,"max_hp_loss":0,"event_name":"Golden Shrine","floor":11,"gold_loss":0},{"damage_healed":0,"gold_gain":0,"player_choice":"Got Potions","damage_taken":0,"max_hp_gain":0,"max_hp_loss":0,"event_name":"Lab","floor":20,"gold_loss":0},{"damage_healed":0,"gold_gain":0,"player_choice":"Read","damage_taken":0,"max_hp_gain":0,"max_hp_loss":0,"event_name":"The Library","floor":27,"gold_loss":0,"cards_obtained":["theSenshi:SailorPlanetPower"]},{"cards_removed":["theSenshi:MoonCosmicPowerMakeUp"],"damage_healed":0,"gold_gain":0,"player_choice":"Purged","damage_taken":0,"max_hp_gain":0,"max_hp_loss":0,"event_name":"Purifier","floor":36,"gold_loss":0},{"damage_healed":0,"gold_gain":0,"player_choice":"1 cards matched","damage_taken":0,"max_hp_gain":0,"max_hp_loss":0,"event_name":"Match and Keep!","floor":42,"gold_loss":0,"cards_obtained":["theSenshi:WarriorOfTheMoon"]}],"is_beta":false,"boss_relics":[{"not_picked":["Tiny House","SacredBark"],"picked":"Ectoplasm"},{"not_picked":["Calling Bell","Cursed Key"],"picked":"Pandora\u0027s Box"}],"items_purged_floors":[3],"is_endless":false,"potions_floor_spawned":[1,5,16,22,29,33,39,41,44,45,48],"ascension_level":2}}