{"host":"mo324zvkdr1xwprd","time":1613273423,"event":{"mods":["BaseMod","Better Note","BetterRewards","Hermit","Highlight Path","Hubris","Infinite Spire","Minty Spire (QoL Compilation)","Quick Restart","Rare Cards Sparkle","Replay The Spire","Shop Mod","StSLib","The Cursed","The Hierophant","Transform Curses","Treasure Hunter"],"gold_per_floor":[113,225,225,23,138,138,249,381,406,432,432,443,443,459,459,534,534,549,577,587,587,587,587,601,614,614,614,630,630,648,201,201,278,278,289,306,316,316,316,341,354,382,382,399,399,412,445,470,482,494,506,518,12,42,42,42],"floor_reached":55,"language":"ENG","playtime":4441,"items_purged":[],"score":1474,"play_id":"cb464a78-333d-404e-891c-e43fa66ed6f1","local_time":"20210214033023","is_ascension_mode":true,"campfire_choices":[{"floor":6.0,"key":"REST"},{"floor":13.0,"key":"RECALL"},{"floor":15.0,"key":"REST"},{"floor":23.0,"key":"REST"},{"floor":29.0,"key":"REST"},{"data":"Dramatic Entrance","floor":32.0,"key":"SMITH"},{"floor":45.0,"key":"REST"},{"data":"A Thousand Cuts","floor":49.0,"key":"SMITH"},{"floor":52,"key":"REST"}],"circlet_count":1,"master_deck":["AscendersBane","Strike_G","Strike_G","Strike_G","Strike_G","Defend_G","Defend_G+1","Defend_G+1","Defend_G","Defend_G","Survivor","Neutralize","Slice","Dash","Concentrate+1","Noxious Fumes+1","Deadly Poison+1","Blade Dance+1","Backflip+1","Caltrops","Caltrops+1","Dramatic Entrance+1","Distraction+1","Flechettes+1","Sucker Punch","Terror+1","Dodge and Roll+1","TH:CopperCoins","Dagger Spray","TH:CursedSword+1","TH:DeckOfManyThings","Prepared+1","Blur+1","Blade Dance+1","TH:PixieDust","A Thousand Cuts+1","Dagger Spray","Accuracy","Hidden Blade+1","Hallucinations","Deadly Poison+1","Sucker Punch","TH:ElvenBoots","Dagger Throw","Deflect+1","PiercingWail+1","Calculated Gamble+1","Caltrops","TH:ArmorSpikes","Venomology+1","Predator","Hidden Blade+1","Slice","infinitespire:Menacing+1","TH:BikiniMail","Endless Agony","Fluid Movement","Hidden Blade+1","TH:TreasureMap","Endless Agony","Footwork","TH:ArmorSpikes","Blade Dance+1","Dash+1","Calculated Gamble+1","Quick Slash","Dagger Throw","ReplayTheSpireMod:Exploit Weakness+1","TH:BikiniMail","Catalyst+1"],"relics":["Toxic Egg 2","hubris:Icosahedron","Ice Cream","Gremlin Food","BargainBundle","infinitespire:Broken Mirror","Nunchaku","hubris:AncientText","Sizzling Blood","Honey Jar","Red Mask","Ring of Fury","Ring of Peace","GremlinMask","Pen Nib","Anchor","Painkiller Herb","Circlet","Shuriken","Art of War","MawBank","ReplayFunnel","hubris:GlazedTorus"],"acts_visited":["Exordium","TheCity","TheBeyond","TheEnding"],"potions_floor_usage":[50,50,50,54,54,54,55,55],"damage_taken":[{"damage":0.0,"enemies":"Cultist","floor":1.0,"turns":3.0},{"damage":0.0,"enemies":"Small Slimes","floor":2.0,"turns":2.0},{"damage":0.0,"enemies":"2 Louse","floor":5.0,"turns":2.0},{"damage":12.0,"enemies":"Large Slime","floor":7.0,"turns":5.0},{"damage":9.0,"enemies":"Gremlin Nob","floor":8.0,"turns":4.0},{"damage":17.0,"enemies":"Lagavulin","floor":10.0,"turns":5.0},{"damage":0.0,"enemies":"Looter","floor":12.0,"turns":2.0},{"damage":9.0,"enemies":"Red Slaver","floor":14.0,"turns":3.0},{"damage":28.0,"enemies":"Hexaghost","floor":16.0,"turns":9.0},{"damage":8.0,"enemies":"2 Thieves","floor":18.0,"turns":3.0},{"damage":16.0,"enemies":"Masked Bandits","floor":19.0,"turns":3.0},{"damage":1.0,"enemies":"Spheric Guardian","floor":20.0,"turns":3.0},{"damage":0.0,"enemies":"3 Cultists","floor":24.0,"turns":2.0},{"damage":0.0,"enemies":"Sentry and Sphere","floor":25.0,"turns":3.0},{"damage":0.0,"enemies":"Cultist and Chosen","floor":28.0,"turns":4.0},{"damage":8.0,"enemies":"Snake Plant","floor":30.0,"turns":3.0},{"damage":29.0,"enemies":"Collector","floor":33.0,"turns":7.0},{"damage":0.0,"enemies":"Orb Walker","floor":35.0,"turns":3.0},{"damage":0.0,"enemies":"3 Shapes","floor":36.0,"turns":2.0},{"damage":13.0,"enemies":"Spire Growth","floor":37.0,"turns":5.0},{"damage":0.0,"enemies":"Reptomancer","floor":40.0,"turns":5.0},{"damage":0.0,"enemies":"4 Shapes","floor":41.0,"turns":3.0},{"damage":0.0,"enemies":"Nemesis","floor":42.0,"turns":5.0},{"damage":0.0,"enemies":"Jaw Worm Horde","floor":44.0,"turns":3.0},{"damage":0.0,"enemies":"Transient","floor":46.0,"turns":5.0},{"damage":0.0,"enemies":"Reptomancer","floor":47.0,"turns":5.0},{"damage":0.0,"enemies":"Writhing Mass","floor":48.0,"turns":5.0},{"damage":56,"enemies":"infinitespire:MassOfShapes","floor":50,"turns":6},{"damage":9,"enemies":"Shield and Spear","floor":54,"turns":4},{"damage":75,"enemies":"The Heart","floor":55,"turns":5}],"seed_played":"3640070892440488880","potions_obtained":[{"floor":1.0,"key":"Elixir"},{"floor":8.0,"key":"DistilledChaos"},{"floor":12.0,"key":"Languid Potion"},{"floor":18.0,"key":"Fruit Juice"},{"floor":20.0,"key":"Milkshake"},{"floor":24.0,"key":"Strength Potion"},{"floor":25.0,"key":"LiquidBronze"},{"floor":33.0,"key":"Poison Potion"},{"floor":35.0,"key":"EntropicBrew"},{"floor":36.0,"key":"Strength Potion"},{"floor":37.0,"key":"GhostInAJar"},{"floor":42.0,"key":"Energy Potion"},{"floor":46.0,"key":"Flashbang"}],"is_trial":false,"path_per_floor":["M","M","?","$","M","R","M","E","T","E","?","M","R","M","R","B",null,"M","?","M","?","?","R","M","M","T","AVR","M","R","M","$","R","B",null,"?","?","?","?","?","E","?","E","T","?","T","?","E","?","T","B",null,"T","T","E","B"],"character_chosen":"THE_SILENT","items_purchased":["Slice","Dash","Toxic Egg 2","Noxious Fumes","Deadly Poison+1","BargainBundle","Caltrops","Dramatic Entrance","SpeedPotion","Adrenaline Potion","Distraction+1","Flechettes","Sucker Punch","Fruit Juice","Anchor","PiercingWail+1","Calculated Gamble+1","Caltrops","ReplayFunnel","Calculated Gamble+1","Quick Slash","Adrenaline Potion","DuplicationPotion","Dagger Throw","ReplayTheSpireMod:Exploit Weakness+1"],"campfire_rested":6,"item_purchase_floors":[0,0,0,0,0,4,4,4,4,4,4,4,4,31,31,31,31,31,53,53,53,53,53,53,53],"current_hp_per_floor":[28,28,28,28,28,47,35,26,26,49,53,57,57,52,70,46,64,65,53,56,56,56,75,75,75,75,75,75,75,71,76,76,51,73,77,80,71,51,51,55,59,63,63,67,80,80,80,80,80,28,67,80,80,75,0,0],"gold":42,"neow_bonus":"","is_daily":false,"chose_seed":false,"campfire_upgraded":2,"win_rate":0.0,"timestamp":1613273423,"path_taken":["M","M","?","$","M","R","M","E","T","E","?","M","R","M","R","BOSS","M","?","M","?","?","R","?","M","T","AVR","M","R","?","$","R","BOSS","?","?","?","?","?","E","?","E","T","?","T","?","E","?","T","BOSS","T","T","E","BOSS"],"items_purchased_type":["Card","Card","Relic","Card","Card","Relic","Card","Card","Potion","Potion","Card","Card","Card","Potion","Relic","Card","Card","Card","Relic","Card","Card","Potion","Potion","Card","Card"],"build_version":"2020-12-22","purchased_purges":0,"victory":false,"max_hp_per_floor":[66,66,66,66,66,66,66,66,66,66,70,70,70,70,70,70,70,75,75,75,75,75,75,75,75,75,75,75,75,75,80,80,80,80,80,80,80,80,80,80,80,80,80,80,80,80,80,80,80,80,80,80,80,80,80,80],"card_choices":[{"not_picked":["hubris:SlightOfHand+1","Outmaneuver+1"],"picked":"Blade Dance+1","floor":1.0},{"not_picked":["Night Terror+1","Skewer"],"picked":"Backflip+1","floor":2.0},{"not_picked":["Flying Knee","hubris:SlightOfHand+1"],"picked":"Terror+1","floor":5.0},{"not_picked":["Poisoned Stab","Underhanded Strike"],"picked":"Dodge and Roll+1","floor":7.0},{"not_picked":["TH:ElvenBoots"],"picked":"TH:CopperCoins","floor":8.0},{"not_picked":["Riddle With Holes","Prepared+1"],"picked":"Dagger Spray","floor":8.0},{"not_picked":["TH:DeckOfManyThings"],"picked":"TH:CursedSword","floor":9.0},{"not_picked":["TH:Mimic"],"picked":"TH:DeckOfManyThings","floor":10.0},{"not_picked":["ReplayTheSpireMod:Exploit Weakness+1","Sneak Up+1"],"picked":"Prepared+1","floor":10.0},{"not_picked":["Backflip+1","Blade Dance+1"],"picked":"Blur+1","floor":12.0},{"not_picked":["Dodge and Roll+1","hubris:TrickCloak+1"],"picked":"Blade Dance+1","floor":14.0},{"not_picked":["TH:EnergyPotion"],"picked":"TH:PixieDust","floor":16.0},{"not_picked":["ReplayTheSpireMod:Necrosis+1","Poison Darts+1"],"picked":"A Thousand Cuts","floor":16.0},{"not_picked":["hubris:SlightOfHand+1","Bouncing Flask+1","Backflip+1"],"picked":"Dagger Spray","floor":18.0},{"not_picked":["Hidden Blade+1","Dodge and Roll+1","Slice"],"picked":"Accuracy","floor":19.0},{"not_picked":["hubris:SlightOfHand+1","Dodge and Roll+1","Eviscerate"],"picked":"Hidden Blade+1","floor":20.0},{"not_picked":["Flying Knee","PiercingWail+1","Predator"],"picked":"Deadly Poison+1","floor":24.0},{"not_picked":["hubris:Sniper+1","Poisoned Stab","Bane"],"picked":"Sucker Punch","floor":25.0},{"not_picked":["TH:EnergyPotion","TH:Mimic"],"picked":"TH:ElvenBoots","floor":26.0},{"not_picked":["Catalyst+1","Die Die Die","Acrobatics+1"],"picked":"Dagger Throw","floor":28.0},{"not_picked":["Backflip+1","Dodge and Roll+1","Acrobatics+1"],"picked":"Deflect+1","floor":30.0},{"not_picked":["TH:PixieDust","TH:CopperCoins"],"picked":"TH:ArmorSpikes","floor":33.0},{"not_picked":["Storm of Steel+1","A Thousand Cuts","Replay:Bag of Tricks+1"],"picked":"Venomology+1","floor":33.0},{"not_picked":["Distraction+1","Skewer","Poisoned Stab"],"picked":"Predator","floor":35.0},{"not_picked":["Tactician+1","Infinite Blades","ReplayTheSpireMod:Exploit Weakness+1"],"picked":"Hidden Blade+1","floor":36.0},{"not_picked":["Quick Slash","Reflex+1","Prepared+1"],"picked":"Slice","floor":37.0},{"not_picked":["infinitespire:FinalStrike","ReplayTheSpireMod:Chaos Vortex"],"picked":"infinitespire:Menacing","floor":38.0},{"not_picked":["TH:EnergyPotion","TH:Mimic"],"picked":"TH:BikiniMail","floor":40.0},{"not_picked":["Sucker Punch","Poisoned Stab+1","PiercingWail+1"],"picked":"Endless Agony","floor":40.0},{"not_picked":["ReplayTheSpireMod:Necrosis+1","Quick Slash","Bane+1"],"picked":"Fluid Movement","floor":41.0},{"not_picked":["Deflect+1","Fluid Movement","Slice"],"picked":"Hidden Blade+1","floor":42.0},{"not_picked":["TH:CursedSword","TH:ArmorSpikes","TH:CopperCoins"],"picked":"SKIP","floor":42.0},{"not_picked":["TH:PixieDust","TH:CursedSword"],"picked":"TH:TreasureMap","floor":43.0},{"not_picked":["Replay:Poison Smokescreen+1","Reflex+1","Footwork+1"],"picked":"Endless Agony","floor":44.0},{"not_picked":["Dagger Spray","hubris:TrickCloak+1","Terror+1"],"picked":"Footwork","floor":46.0},{"not_picked":["TH:TreasureMap","TH:DeckOfManyThings"],"picked":"TH:ArmorSpikes","floor":47.0},{"not_picked":["Atom Bomb","Hidden Blade+1","Sucker Punch"],"picked":"Blade Dance+1","floor":47.0},{"not_picked":["Backflip+1","Poisoned Stab","Distraction+1"],"picked":"Dash+1","floor":48.0},{"not_picked":["TH:Mimic","TH:TreasureMap"],"picked":"TH:BikiniMail","floor":54},{"not_picked":["Night Terror+1","Outmaneuver+1","ReplayTheSpireMod:Exploit Weakness+1"],"picked":"Catalyst+1","floor":54}],"player_experience":644587,"relics_obtained":[{"floor":3.0,"key":"Gremlin Food"},{"floor":8.0,"key":"infinitespire:Broken Mirror"},{"floor":9.0,"key":"Nunchaku"},{"floor":10.0,"key":"hubris:AncientText"},{"floor":19.0,"key":"Red Mask"},{"floor":21.0,"key":"Ring of Fury"},{"floor":21.0,"key":"Ring of Peace"},{"floor":26.0,"key":"Pen Nib"},{"floor":40.0,"key":"Shuriken"},{"floor":42.0,"key":"Art of War"},{"floor":47.0,"key":"MawBank"},{"floor":54,"key":"hubris:GlazedTorus"}],"event_choices":[{"damage_healed":0.0,"max_hp_gain":0.0,"max_hp_loss":0.0,"gold_gain":0.0,"event_name":"Masked Bandits","player_choice":"Fought Bandits","floor":19.0,"gold_loss":0.0,"damage_taken":0.0},{"damage_healed":0.0,"max_hp_gain":0.0,"max_hp_loss":0.0,"gold_gain":0.0,"event_name":"FaceTrader","player_choice":"Trade","floor":22.0,"gold_loss":0.0,"damage_taken":0.0,"relics_obtained":["GremlinMask"]}],"is_beta":false,"boss_relics":[{"not_picked":["Astrolabe","hubris:RunicObelisk"],"picked":"Honey Jar"},{"not_picked":["Velvet Choker","Calling Bell"],"picked":"Painkiller Herb"}],"items_purged_floors":[],"is_endless":false,"potions_floor_spawned":[1,5,8,12,18,20,24,25,33,35,36,37,42,46],"killed_by":"The Heart","ascension_level":14}}