{"host":"lv7etzzgwahaenh9","time":1613263749,"event":{"mods":["AchievementEnabler","BaseMod","Colored Map","Colored Powertips","Highlight Path","Minty Spire (QoL Compilation)","Permanent Neow","Quick Restart","Random Character Button","StSLib"],"gold_per_floor":[119,119,143,168,168,168,202,202,229,243,267,288,288,328,328,453,453,466,507,9,9,34,34,74,86,98,125,153,189,222,234,234,234,234],"floor_reached":33,"language":"ENG","playtime":1613,"items_purged":["Strike_R"],"score":416,"play_id":"8e3c666c-0758-410b-9ecc-16cb6bb80680","local_time":"20210213164909","is_ascension_mode":true,"campfire_choices":[{"floor":6.0,"key":"REST"},{"data":"Defend_R","floor":8.0,"key":"SMITH"},{"floor":13.0,"key":"REST"},{"data":"Flame Barrier","floor":15.0,"key":"SMITH"},{"data":"Warcry","floor":23,"key":"SMITH"},{"data":"Feel No Pain","floor":25,"key":"SMITH"},{"data":"Second Wind","floor":32,"key":"SMITH"}],"circlet_count":0,"master_deck":["AscendersBane","Strike_R","Strike_R","Strike_R","Defend_R","Defend_R","Defend_R","Defend_R+1","Bash","Havoc","Pommel Strike","Battle Trance","Spot Weakness","Shame","Shockwave","Flame Barrier+1","Clothesline","Burning Pact","Immolate","Burning Pact","Feel No Pain+1","Master of Strategy","Warcry+1","Whirlwind+1","Doubt","Sever Soul","Second Wind+1","Pain"],"relics":["Cursed Key","Golden Idol","Tiny Chest","Bronze Scales","Eternal Feather","Mark of Pain","Red Mask","Juzu Bracelet","MealTicket","Oddly Smooth Stone","Nloth\u0027s Gift"],"acts_visited":["Exordium","TheCity"],"potions_floor_usage":[19,19,22,24,24,30],"damage_taken":[{"damage":7.0,"enemies":"Jaw Worm","floor":1.0,"turns":3.0},{"damage":2.0,"enemies":"Small Slimes","floor":3.0,"turns":3.0},{"damage":6.0,"enemies":"Cultist","floor":4.0,"turns":3.0},{"damage":35.0,"enemies":"Lagavulin","floor":7.0,"turns":8.0},{"damage":1.0,"enemies":"2 Fungi Beasts","floor":10.0,"turns":3.0},{"damage":1.0,"enemies":"Blue Slaver","floor":11.0,"turns":3.0},{"damage":1.0,"enemies":"Lots of Slimes","floor":12.0,"turns":3.0},{"damage":27.0,"enemies":"3 Sentries","floor":14.0,"turns":6.0},{"damage":6.0,"enemies":"The Guardian","floor":16.0,"turns":10.0},{"damage":25,"enemies":"Chosen","floor":18,"turns":5},{"damage":0,"enemies":"Masked Bandits","floor":19,"turns":2},{"damage":10,"enemies":"Shell Parasite","floor":22,"turns":5},{"damage":25,"enemies":"Book of Stabbing","floor":24,"turns":5},{"damage":0,"enemies":"Chosen and Byrds","floor":27,"turns":4},{"damage":0,"enemies":"Cultist and Chosen","floor":28,"turns":4},{"damage":13,"enemies":"Snake Plant","floor":30,"turns":2},{"damage":37,"enemies":"Champ","floor":33,"turns":7}],"seed_played":"955979418313674410","potions_obtained":[{"floor":4.0,"key":"GamblersBrew"},{"floor":10.0,"key":"Fire Potion"},{"floor":11.0,"key":"LiquidBronze"},{"floor":14.0,"key":"SkillPotion"},{"floor":16.0,"key":"Energy Potion"},{"floor":18,"key":"AttackPotion"},{"floor":21,"key":"Energy Potion"},{"floor":21,"key":"Regen Potion"},{"floor":21,"key":"EntropicBrew"},{"floor":24,"key":"Fire Potion"},{"floor":27,"key":"Energy Potion"}],"is_trial":false,"path_per_floor":["M","?","M","M","?","R","E","R","T","M","M","M","R","E","R","B",null,"M","?","$","?","M","R","E","R","T","M","M","T","M","?","R","B"],"character_chosen":"IRONCLAD","items_purchased":["Feel No Pain","Juzu Bracelet","Master of Strategy"],"campfire_rested":2,"item_purchase_floors":[20,20,20],"current_hp_per_floor":[65,45,43,37,37,61,26,26,26,25,24,23,47,20,29,23,66,41,41,41,41,45,57,32,44,44,44,44,44,31,31,46,9,9],"gold":234,"neow_bonus":"BOSS_RELIC","is_daily":false,"chose_seed":false,"campfire_upgraded":5,"win_rate":0.0,"timestamp":1613263749,"path_taken":["M","?","M","M","?","R","E","R","T","?","M","M","R","E","R","BOSS","M","?","$","?","M","R","E","R","T","M","M","?","M","?","R","BOSS"],"items_purchased_type":["Card","Relic","Card"],"build_version":"2020-12-22","purchased_purges":1,"victory":false,"max_hp_per_floor":[80,80,80,80,80,80,80,80,80,80,80,80,80,80,80,80,80,80,80,80,80,80,80,80,80,80,80,80,80,80,80,80,80,80],"card_choices":[{"not_picked":["Flex","Seeing Red"],"picked":"Havoc","floor":1.0},{"not_picked":["Anger","Headbutt"],"picked":"Pommel Strike","floor":3.0},{"not_picked":["Twin Strike","Dual Wield"],"picked":"Battle Trance","floor":4.0},{"not_picked":["Sword Boomerang","Body Slam"],"picked":"Spot Weakness","floor":7.0},{"not_picked":["Rupture","Intimidate"],"picked":"Shockwave","floor":10.0},{"not_picked":["Double Tap","Clash"],"picked":"Flame Barrier","floor":11.0},{"not_picked":["Dropkick","Shockwave"],"picked":"Clothesline","floor":12.0},{"not_picked":["Carnage","Uppercut"],"picked":"Burning Pact","floor":14.0},{"not_picked":["Bludgeon","Offering"],"picked":"Immolate","floor":16.0},{"not_picked":["Evolve","Cleave+1"],"picked":"Burning Pact","floor":18},{"not_picked":["Entrench","Clash"],"picked":"Warcry","floor":22},{"not_picked":["Sword Boomerang+1","Perfected Strike"],"picked":"Whirlwind+1","floor":24},{"not_picked":["Burning Pact","Iron Wave"],"picked":"Sever Soul","floor":27},{"not_picked":["Sword Boomerang","Evolve"],"picked":"Second Wind","floor":28},{"not_picked":["Flex","Headbutt","Searing Blow"],"picked":"SKIP","floor":30}],"player_experience":376300,"relics_obtained":[{"floor":7.0,"key":"Tiny Chest"},{"floor":9.0,"key":"Bronze Scales"},{"floor":14.0,"key":"Eternal Feather"},{"floor":19,"key":"Red Mask"},{"floor":24,"key":"MawBank"},{"floor":26,"key":"MealTicket"},{"floor":29,"key":"Oddly Smooth Stone"}],"event_choices":[{"damage_healed":0.0,"max_hp_gain":0.0,"max_hp_loss":0.0,"gold_gain":0.0,"event_name":"Golden Idol","player_choice":"Take Damage","floor":2.0,"gold_loss":0.0,"damage_taken":20.0,"relics_obtained":["Golden Idol"]},{"cards_removed":["Strike_R"],"damage_healed":0.0,"max_hp_gain":0.0,"max_hp_loss":0.0,"gold_gain":0.0,"event_name":"Bonfire Elementals","player_choice":"Offered Basic","floor":5.0,"gold_loss":0.0,"damage_taken":0.0},{"damage_healed":0,"gold_gain":0,"player_choice":"Fought Bandits","damage_taken":0,"max_hp_gain":0,"max_hp_loss":0,"event_name":"Masked Bandits","floor":19,"gold_loss":0},{"damage_healed":0,"gold_gain":0,"player_choice":"Got Potions","damage_taken":0,"max_hp_gain":0,"max_hp_loss":0,"event_name":"Lab","floor":21,"gold_loss":0},{"damage_healed":0,"gold_gain":0,"player_choice":"Traded Relic","damage_taken":0,"relics_obtained":["Nloth\u0027s Gift"],"max_hp_gain":0,"max_hp_loss":0,"event_name":"N\u0027loth","floor":31,"relics_lost":["MawBank"],"gold_loss":0}],"is_beta":false,"boss_relics":[{"not_picked":["Astrolabe","Velvet Choker"],"picked":"Mark of Pain"}],"items_purged_floors":[20],"is_endless":false,"potions_floor_spawned":[4,10,11,14,16,18,24,27,28],"killed_by":"Champ","ascension_level":10}}