{"host":"c64dsqyrqv0ei9yn","time":1613266788,"event":{"mods":["BaseMod","Bestiary","Colored Map","Duelist Mod","LagranYue(ùfäiòNÅEåé)","Minty Spire (QoL Compilation)","Prisma Mod","Random Character Button","StSLib","The Servant 0.9.4"],"gold_per_floor":[109,184,103,103,122,152,152,170,195,195,228,240,265,285,285,384,384,401,420,35,35,46,72,72,82,108,135,145,45,117,134,134,230,230,250,250,263,280,299,329,342,368,368,368,108,119,119,119,119,119],"floor_reached":51,"language":"ENG","playtime":4139,"items_purged":["PrismaMod:MiyuCommonAttack","PrismaMod:MiyuCommonAttack","Writhe"],"score":739,"play_id":"70ba0089-55a9-4d76-bcce-cbe50696a0b7","local_time":"20210214013948","is_ascension_mode":false,"campfire_choices":[{"data":"PrismaMod:MiyuUncommonStrBuff","floor":7,"key":"SMITH"},{"data":"PrismaMod:MiyuEvokeAllAttack","floor":10,"key":"SMITH"},{"data":"PrismaMod:MiyuUncommonDexBuff","floor":15,"key":"SMITH"},{"data":"PrismaMod:MiyuBride","floor":24,"key":"SMITH"},{"data":"PrismaMod:MiyuDefendChannelDefend","floor":32,"key":"SMITH"},{"data":"PrismaMod:MiyuCheapDefend2","floor":44,"key":"SMITH"},{"data":"PrismaMod:MiyuOrbIncreasePerm","floor":49,"key":"SMITH"}],"circlet_count":0,"master_deck":["PrismaMod:MiyuCommonDefend","PrismaMod:MiyuCommonDefend","PrismaMod:MiyuCommonDefend","PrismaMod:MiyuCommonDefend","PrismaMod:MiyuCommonDefend","PrismaMod:MiyuCommonAttack","PrismaMod:MiyuCommonAttack","PrismaMod:MiyuCheapChannelAttack","PrismaMod:MiyuCheapChannelDefend","PrismaMod:MiyuUncommonAttack","PrismaMod:MiyuCheapAttack1","PrismaMod:MiyuCheapPlate","PrismaMod:MiyuUberAOEAttack","PrismaMod:MiyuUncommonStrBuff+1","PrismaMod:MiyuEvokeAllAttack+1","PrismaMod:MiyuCommonAOEAttack","PrismaMod:MiyuUncommonDexBuff+1","PrismaMod:MiyuCarnivalAttack","PrismaMod:MiyuDevil","PrismaMod:MiyuCarnivalDefend","PrismaMod:MiyuUberAttack+1","PrismaMod:MiyuCommonAOEAttack+1","PrismaMod:MiyuBride+1","PrismaMod:MiyuUncommonDefend","PrismaMod:MiyuCheapAttack2","PrismaMod:MiyuCheapDefend1","PrismaMod:MiyuDefendChannelDefend+1","PrismaMod:MiyuDefenseExplosion+1","PrismaMod:MiyuCheapDefend2+1","PrismaMod:MiyuUncommonPlate","PrismaMod:MiyuCheapPlate","PrismaMod:MiyuOrbIncreasePerm+1","PrismaMod:MiyuOrbIncreasePerm+1","PrismaMod:MiyuChannelAttackEvoke+1","PrismaMod:MiyuCheapChannelDefend+1"],"relics":["PrismaMod:PrismaSapphireUpgrade","NeowsBlessing","Strawberry","Blood Vial","Anchor","Boot","Sozu","Bag of Preparation","Eternal Feather","Juzu Bracelet","Molten Egg 2","Pantograph","Ancient Tea Set","Dream Catcher","Question Card"],"acts_visited":["Exordium","TheCity","TheBeyond"],"potions_floor_usage":[50,50],"damage_taken":[{"damage":0,"enemies":"2 Louse","floor":1,"turns":1},{"damage":0,"enemies":"Jaw Worm","floor":5,"turns":1},{"damage":0,"enemies":"3 Sentries","floor":6,"turns":1},{"damage":2,"enemies":"Cultist","floor":8,"turns":3},{"damage":7,"enemies":"Lagavulin","floor":11,"turns":5},{"damage":2,"enemies":"Red Slaver","floor":12,"turns":4},{"damage":6,"enemies":"3 Sentries","floor":13,"turns":6},{"damage":2,"enemies":"Exordium Thugs","floor":14,"turns":3},{"damage":8,"enemies":"Slime Boss","floor":16,"turns":9},{"damage":0,"enemies":"Chosen","floor":18,"turns":2},{"damage":6,"enemies":"3 Byrds","floor":19,"turns":3},{"damage":0,"enemies":"Centurion and Healer","floor":22,"turns":4},{"damage":18,"enemies":"Gremlin Leader","floor":23,"turns":7},{"damage":0,"enemies":"Snake Plant","floor":25,"turns":3},{"damage":1,"enemies":"Book of Stabbing","floor":27,"turns":5},{"damage":0,"enemies":"Cultist and Chosen","floor":28,"turns":5},{"damage":11,"enemies":"Shelled Parasite and Fungi","floor":31,"turns":7},{"damage":29,"enemies":"Collector","floor":33,"turns":17},{"damage":12,"enemies":"3 Darklings","floor":35,"turns":7},{"damage":5,"enemies":"3 Shapes","floor":37,"turns":4},{"damage":6,"enemies":"Sphere and 2 Shapes","floor":38,"turns":5},{"damage":4,"enemies":"Maw","floor":39,"turns":9},{"damage":51,"enemies":"Reptomancer","floor":40,"turns":9},{"damage":0,"enemies":"Transient","floor":41,"turns":5},{"damage":5,"enemies":"Writhing Mass","floor":46,"turns":7},{"damage":39,"enemies":"Awakened One","floor":50,"turns":17}],"seed_played":"7643585789208294251","potions_obtained":[{"floor":5,"key":"GamblersBrew"},{"floor":8,"key":"Weak Potion"},{"floor":11,"key":"Dexterity Potion"}],"is_trial":false,"path_per_floor":["M","?","$","?","M","E","R","M","T","R","E","M","E","M","R","B",null,"M","M","$","?","M","E","R","M","T","E","M","$","T","M","R","B",null,"M","?","M","M","M","E","M","T","T","R","$","M","$","?","R","B",null],"character_chosen":"MIYU","items_purchased":["PrismaMod:MiyuCheapAttack1","PrismaMod:MiyuCheapPlate","PrismaMod:MiyuBride","Bag of Preparation","PrismaMod:MiyuChannelAttackEvoke+1"],"campfire_rested":0,"item_purchase_floors":[3,3,20,20,45],"current_hp_per_floor":[75,64,64,64,64,71,71,69,69,69,64,64,60,60,60,54,82,82,76,76,82,82,64,79,82,82,82,82,82,82,71,82,53,82,70,82,77,73,75,30,36,36,36,57,57,58,58,58,79,43],"gold":119,"neow_bonus":"THREE_ENEMY_KILL","is_daily":false,"chose_seed":false,"campfire_upgraded":7,"win_rate":0.0,"timestamp":1613266788,"path_taken":["M","?","$","?","M","E","R","M","T","R","E","M","E","M","R","BOSS","M","M","$","?","M","E","R","?","T","E","M","?","?","M","R","BOSS","M","?","M","M","M","E","M","?","T","R","$","M","$","?","R","BOSS"],"items_purchased_type":["Card","Card","Card","Relic","Card"],"build_version":"2020-12-22","purchased_purges":3,"victory":true,"max_hp_per_floor":[75,75,75,75,75,82,82,82,82,82,82,82,82,82,82,82,82,82,82,82,82,82,82,82,82,82,82,82,82,82,82,82,82,82,82,82,82,82,82,82,82,82,82,82,82,82,82,82,82,82],"card_choices":[{"not_picked":["PrismaMod:MiyuMaid","PrismaMod:MiyuCheapChannelDefend"],"picked":"PrismaMod:MiyuUncommonAttack","floor":1},{"not_picked":["PrismaMod:MiyuEvokeAll","PrismaMod:MiyuCheapChannelDefend"],"picked":"PrismaMod:MiyuUberAOEAttack","floor":5},{"not_picked":["PrismaMod:MiyuAttackChannelAttack","PrismaMod:MiyuCheapAttack1"],"picked":"PrismaMod:MiyuUncommonStrBuff","floor":6},{"not_picked":["PrismaMod:MiyuAttackChannelWeak","PrismaMod:MiyuEvokeBuffDex"],"picked":"PrismaMod:MiyuEvokeAllAttack","floor":8},{"not_picked":["PrismaMod:MiyuEvokeCheapDefend","PrismaMod:MiyuCheapDefend2"],"picked":"PrismaMod:MiyuCommonAOEAttack","floor":11},{"not_picked":["PrismaMod:MiyuCheapStrBuff","PrismaMod:MiyuDefenseExplosion"],"picked":"PrismaMod:MiyuUncommonDexBuff","floor":12},{"not_picked":["PrismaMod:MiyuEvokeBuffStr","PrismaMod:MiyuUncommonPlate"],"picked":"PrismaMod:MiyuCarnivalAttack","floor":13},{"not_picked":["PrismaMod:MiyuCheapAttack2","PrismaMod:MiyuEvokeBuffDex"],"picked":"PrismaMod:MiyuDevil","floor":14},{"not_picked":["PrismaMod:MiyuEvokeAllDefend","PrismaMod:MiyuBride"],"picked":"PrismaMod:MiyuCarnivalDefend","floor":16},{"not_picked":["PrismaMod:MiyuAttackChannelWeak+1","PrismaMod:MiyuMaid"],"picked":"PrismaMod:MiyuUberAttack+1","floor":18},{"not_picked":["PrismaMod:MiyuEvokeCheapDefend","PrismaMod:MiyuMaid+1"],"picked":"PrismaMod:MiyuCommonAOEAttack+1","floor":19},{"not_picked":["PrismaMod:MiyuCommonAOEAttack","PrismaMod:MiyuCheapChannelWeak"],"picked":"PrismaMod:MiyuUncommonDefend","floor":22},{"not_picked":["PrismaMod:MiyuCommonAOEAttack","PrismaMod:MiyuDefenseAbsorbMinor"],"picked":"PrismaMod:MiyuCheapAttack2","floor":23},{"not_picked":["PrismaMod:MiyuCarnivalAttack","PrismaMod:MiyuCheapChannelWeak"],"picked":"PrismaMod:MiyuCheapDefend1","floor":25},{"not_picked":["PrismaMod:MiyuCommonAOEAttack+1","PrismaMod:MiyuEvokeAll+1","PrismaMod:MiyuCheapStrBuff"],"picked":"SKIP","floor":27},{"not_picked":["PrismaMod:MiyuCheapAttack1+1","PrismaMod:MiyuUncommonPlate"],"picked":"PrismaMod:MiyuDefendChannelDefend","floor":28},{"not_picked":["PrismaMod:MiyuCheapDexBuff","PrismaMod:MiyuUberAttack+1"],"picked":"PrismaMod:MiyuDefenseExplosion+1","floor":31},{"not_picked":["PrismaMod:MiyuCarnivalDefend","PrismaMod:MiyuChannelDefendEvoke"],"picked":"PrismaMod:MiyuCheapDefend2","floor":33},{"not_picked":["PrismaMod:MiyuMaid","PrismaMod:MiyuCheapAttack2+1"],"picked":"PrismaMod:MiyuUncommonPlate","floor":35},{"not_picked":["PrismaMod:MiyuUncommonDefend","PrismaMod:MiyuDefenseRemoval+1"],"picked":"PrismaMod:MiyuCheapPlate","floor":37},{"not_picked":["PrismaMod:MiyuCheapEvoke+1","PrismaMod:MiyuEvokeCheapAttack+1","PrismaMod:MiyuUberAttack+1"],"picked":"SKIP","floor":38},{"not_picked":["PrismaMod:MiyuCheapChannelAttack","PrismaMod:MiyuUncommonDefend+1"],"picked":"PrismaMod:MiyuOrbIncreasePerm","floor":39},{"not_picked":["PrismaMod:MiyuUncommonStrBuff+1","PrismaMod:MiyuEvokeAll"],"picked":"PrismaMod:MiyuOrbIncreasePerm+1","floor":40},{"not_picked":["PrismaMod:MiyuCheapStrBuff","PrismaMod:MiyuDefenseRemoval+1","PrismaMod:MiyuCheapAttack2+1"],"picked":"SKIP","floor":41},{"not_picked":["PrismaMod:MiyuCheapAttack2+1","PrismaMod:MiyuCheapChannelAttack","PrismaMod:MiyuAttackChannelVul+1"],"picked":"PrismaMod:MiyuCheapChannelDefend+1","floor":46}],"player_experience":48564,"relics_obtained":[{"floor":6,"key":"Strawberry"},{"floor":9,"key":"Blood Vial"},{"floor":11,"key":"Anchor"},{"floor":13,"key":"Boot"},{"floor":23,"key":"Eternal Feather"},{"floor":26,"key":"Juzu Bracelet"},{"floor":27,"key":"Molten Egg 2"},{"floor":30,"key":"Pantograph"},{"floor":40,"key":"Ancient Tea Set"},{"floor":42,"key":"Dream Catcher"},{"floor":43,"key":"Question Card"}],"event_choices":[{"damage_healed":0,"gold_gain":75,"player_choice":"Gather Gold","damage_taken":11,"max_hp_gain":0,"max_hp_loss":0,"event_name":"World of Goop","floor":2,"gold_loss":0},{"damage_healed":0,"gold_gain":0,"player_choice":"Ignored","damage_taken":0,"max_hp_gain":0,"max_hp_loss":0,"event_name":"Liars Game","floor":4,"gold_loss":0},{"damage_healed":6,"gold_gain":0,"player_choice":"Full Heal","damage_taken":0,"max_hp_gain":0,"max_hp_loss":0,"event_name":"Wheel of Change","floor":21,"gold_loss":0},{"damage_healed":21,"gold_gain":0,"player_choice":"Writhe","damage_taken":0,"max_hp_gain":0,"max_hp_loss":0,"event_name":"Winding Halls","floor":36,"gold_loss":0,"cards_obtained":["Writhe"]},{"cards_removed":["PrismaMod:MiyuCommonAttack"],"damage_healed":0,"gold_gain":0,"player_choice":"Removed Attack","damage_taken":0,"max_hp_gain":0,"max_hp_loss":0,"event_name":"Falling","floor":48,"gold_loss":0}],"is_beta":false,"boss_relics":[{"not_picked":["Astrolabe","Tiny House"],"picked":"Sozu"},{"not_picked":["Fusion Hammer","Philosopher\u0027s Stone"],"picked":"PrismaMod:PrismaSapphireUpgrade"}],"items_purged_floors":[20,29,45],"is_endless":false,"potions_floor_spawned":[5,8,11,13,16,22,25,27,28,31,35,37,41,46],"ascension_level":0}}