{"host":"7iv10lxbxedtd0qh","time":1613264124,"event":{"mods":["100% Spire Juice","Act Like it!","BaseMod","Bestiary","CapriCore","Colored Map","Colored Powertips","Downfall","Minty Spire (QoL Compilation)","Spire Arcade","StSLib","The Alterego","The Immortal","The Marked","TheVacant"],"gold_per_floor":[119,119,133,148,166,166,166],"floor_reached":6,"language":"ENG","playtime":184,"items_purged":[],"score":40,"play_id":"0116a3ae-1a5e-425a-ba4d-f745cdece7fb","local_time":"20210214015524","is_ascension_mode":true,"campfire_choices":[],"circlet_count":0,"master_deck":["alterego_mod:Strike","alterego_mod:Strike","alterego_mod:Strike","alterego_mod:Strike","alterego_mod:Defend","alterego_mod:Defend","alterego_mod:Defend","alterego_mod:Defend","alterego_mod:Impale","alterego_mod:BigMeatyClaws","alterego_mod:BrynhildrsRune","alterego_mod:Rip","alterego_mod:MaintainEyeContact","alterego_mod:Birthday"],"relics":["alterego_mod:MasochisticConstitution","NeowsBlessing","Golden Idol"],"acts_visited":["Exordium"],"potions_floor_usage":[],"damage_taken":[{"damage":3,"enemies":"Small Slimes","floor":1,"turns":2},{"damage":6,"enemies":"2 Louse","floor":3,"turns":4},{"damage":0,"enemies":"Cultist","floor":4,"turns":2},{"damage":16,"enemies":"Looter","floor":5,"turns":5},{"damage":0,"enemies":"Gremlin Nob","floor":6,"turns":2}],"seed_played":"6748753806808259043","potions_obtained":[{"floor":4,"key":"SmokeBomb"}],"is_trial":false,"path_per_floor":["M","?","M","M","M","E"],"character_chosen":"The_Alterego","items_purchased":[],"campfire_rested":0,"item_purchase_floors":[],"current_hp_per_floor":[68,51,60,67,61,61,61],"gold":166,"neow_bonus":"THREE_ENEMY_KILL","is_daily":false,"chose_seed":false,"campfire_upgraded":0,"win_rate":0.0,"timestamp":1613264124,"path_taken":["M","?","M","M","M","E"],"items_purchased_type":[],"build_version":"2020-12-22","purchased_purges":0,"victory":false,"max_hp_per_floor":[71,71,72,72,73,73,73],"card_choices":[{"not_picked":["alterego_mod:Pet","alterego_mod:PresenceConcealment"],"picked":"alterego_mod:Rip","floor":1},{"not_picked":["alterego_mod:Santa","alterego_mod:Pet"],"picked":"alterego_mod:MaintainEyeContact","floor":3},{"not_picked":["alterego_mod:Schoolgirl","alterego_mod:BreastValley"],"picked":"alterego_mod:Birthday","floor":4},{"not_picked":["alterego_mod:Bloomers","alterego_mod:GoddessCore","alterego_mod:Undulate"],"picked":"SKIP","floor":5}],"player_experience":855706,"relics_obtained":[],"event_choices":[{"damage_healed":0,"gold_gain":0,"player_choice":"Take Damage","damage_taken":17,"relics_obtained":["Golden Idol"],"max_hp_gain":0,"max_hp_loss":0,"event_name":"Golden Idol","floor":2,"gold_loss":0}],"is_beta":false,"boss_relics":[],"items_purged_floors":[],"is_endless":false,"potions_floor_spawned":[4],"killed_by":"Gremlin Nob","ascension_level":1}}