{"host":"5pfivkovc4wibog0","time":1613309498,"event":{"mods":["2.2 Compatiblity","BaseMod","Better Third Choice","Block Reminder","Colored Powertips","Downfall","Friendly Minions","GifTheSpireLib","Hermit","Koishi","Marisa????????","Minty Spire (QoL Compilation)","Permanent Neow","Quick Restart","Rare Cards Sparkle","Reimu??????","StSLib","The Administrix","The Animator","The Cursed","TheSwordswoman"],"gold_per_floor":[114,114,39,57,71,71,71,71,71,91,108,122,154,254,254,357,357,375,375,66,77,77,108,108,108,108,108,208,218,218,308,308,308,308],"floor_reached":33,"language":"ENG","playtime":2648,"items_purged":["Strike_R","Strike_R"],"score":276,"play_id":"36812f39-03d7-432c-997b-6d083d525650","local_time":"20210214133138","is_ascension_mode":true,"campfire_choices":[{"data":"Searing Blow+1","floor":6,"key":"SMITH"},{"data":"Searing Blow+2","floor":8,"key":"SMITH"},{"data":"Searing Blow+4","floor":15,"key":"SMITH"},{"data":"Searing Blow+5","floor":25,"key":"SMITH"},{"data":"Searing Blow+6","floor":27,"key":"SMITH"},{"data":"Searing Blow+7","floor":30,"key":"SMITH"},{"floor":32,"key":"RECALL"}],"circlet_count":0,"master_deck":["Strike_R","Strike_R+1","Defend_R","Defend_R","Defend_R+1","Defend_R","Bash","Searing Blow+8","Flex+1","Sever Soul","Impervious","Armaments","Sentinel+1","Spot Weakness+1"],"relics":["Burning Blood","Whetstone","Juzu Bracelet","Black Star","Bag of Preparation","Toxic Egg 2","Eternal Feather","Lizard Tail","Frozen Egg 2"],"acts_visited":["Exordium","TheCity"],"potions_floor_usage":[23,33],"damage_taken":[{"damage":1,"enemies":"Jaw Worm","floor":1,"turns":3},{"damage":0,"enemies":"2 Louse","floor":4,"turns":3},{"damage":0,"enemies":"Cultist","floor":5,"turns":2},{"damage":0,"enemies":"Exordium Wildlife","floor":10,"turns":2},{"damage":5,"enemies":"Looter","floor":11,"turns":2},{"damage":4,"enemies":"Gremlin Gang","floor":12,"turns":5},{"damage":26,"enemies":"Lagavulin","floor":13,"turns":6},{"damage":36,"enemies":"The Guardian","floor":16,"turns":9},{"damage":5,"enemies":"Chosen","floor":18,"turns":4},{"damage":7,"enemies":"Shell Parasite","floor":21,"turns":4},{"damage":13,"enemies":"Slavers","floor":23,"turns":8},{"damage":7,"enemies":"Colosseum Slavers","floor":28,"turns":5},{"damage":9,"enemies":"Colosseum Nobs","floor":28,"turns":7},{"damage":3,"enemies":"Snecko","floor":29,"turns":4},{"damage":180,"enemies":"Collector","floor":33,"turns":11}],"seed_played":"8120694613095081267","potions_obtained":[{"floor":0,"key":"Block Potion"},{"floor":0,"key":"Regen Potion"},{"floor":0,"key":"AttackPotion"},{"floor":11,"key":"FairyPotion"},{"floor":28,"key":"SkillPotion"}],"is_trial":false,"path_per_floor":["M","?","$","M","M","R","?","R","T","M","M","M","E","?","R","B",null,"M","?","$","M","?","E","$","R","T","R","?","M","R","?","R","B"],"character_chosen":"IRONCLAD","items_purchased":["Armaments","Bag of Preparation"],"campfire_rested":0,"item_purchase_floors":[20,20],"current_hp_per_floor":[80,80,80,80,80,80,64,64,64,70,71,73,53,53,53,23,80,80,80,80,79,79,72,72,78,78,80,76,79,80,68,74,0,0],"gold":308,"neow_bonus":"THREE_SMALL_POTIONS","is_daily":false,"chose_seed":false,"campfire_upgraded":6,"win_rate":0.0,"timestamp":1613309498,"path_taken":["M","?","$","M","M","R","?","R","T","M","M","M","E","?","R","BOSS","M","?","$","M","?","E","$","R","T","R","?","M","R","?","R","BOSS"],"items_purchased_type":["Card","Relic"],"build_version":"2020-12-22","purchased_purges":2,"victory":false,"max_hp_per_floor":[80,80,80,80,80,80,80,80,80,80,80,80,80,80,80,80,80,80,80,80,80,80,80,80,80,80,80,80,80,80,80,80,80,80],"card_choices":[{"not_picked":["Uppercut","Thunderclap"],"picked":"Searing Blow","floor":1},{"not_picked":["Heavy Blade","Body Slam","Thunderclap"],"picked":"SKIP","floor":4},{"not_picked":["Dual Wield","Body Slam"],"picked":"Flex","floor":5},{"not_picked":["Flame Barrier","Sentinel"],"picked":"Sever Soul","floor":10},{"not_picked":["Thunderclap","Searing Blow","Heavy Blade"],"picked":"SKIP","floor":11},{"not_picked":["Iron Wave","Disarm","Flame Barrier"],"picked":"SKIP","floor":12},{"not_picked":["Flex","Havoc","Headbutt"],"picked":"SKIP","floor":13},{"not_picked":["Immolate","Fiend Fire"],"picked":"Impervious","floor":16},{"not_picked":["Body Slam+1","Twin Strike","Seeing Red"],"picked":"SKIP","floor":18},{"not_picked":["True Grit","Perfected Strike+1","Cleave+1"],"picked":"SKIP","floor":21},{"not_picked":["Rage+1","Twin Strike"],"picked":"Sentinel+1","floor":23},{"not_picked":["Wild Strike+1","Flex+1"],"picked":"Spot Weakness+1","floor":28},{"not_picked":["Perfected Strike","Wild Strike","Thunderclap"],"picked":"SKIP","floor":29}],"player_experience":40228,"relics_obtained":[{"floor":9,"key":"Whetstone"},{"floor":13,"key":"Juzu Bracelet"},{"floor":23,"key":"Toxic Egg 2"},{"floor":23,"key":"Eternal Feather"},{"floor":28,"key":"Lizard Tail"},{"floor":28,"key":"Frozen Egg 2"}],"event_choices":[{"damage_healed":0,"gold_gain":0,"player_choice":"Grow","damage_taken":0,"max_hp_gain":0,"max_hp_loss":0,"event_name":"Living Wall","floor":2,"gold_loss":0,"cards_upgraded":["Searing Blow"]},{"damage_healed":80,"gold_gain":0,"player_choice":"Upgrade","damage_taken":16,"max_hp_gain":0,"max_hp_loss":80,"event_name":"betterThird:BetterShining","floor":7,"gold_loss":0,"cards_upgraded":["Defend_R","Flex"]},{"damage_healed":0,"gold_gain":100,"player_choice":"Pray","damage_taken":0,"max_hp_gain":0,"max_hp_loss":0,"event_name":"Golden Shrine","floor":14,"gold_loss":0},{"cards_removed":["Strike_R"],"damage_healed":0,"gold_gain":0,"player_choice":"Elegance","damage_taken":0,"max_hp_gain":0,"max_hp_loss":0,"event_name":"betterThird:BetterWriting","floor":19,"gold_loss":0},{"damage_healed":0,"gold_gain":0,"player_choice":"Fight","damage_taken":0,"max_hp_gain":0,"max_hp_loss":0,"event_name":"Colosseum","floor":28,"gold_loss":0},{"damage_healed":0,"gold_gain":0,"player_choice":"Fought Nobs","damage_taken":0,"max_hp_gain":0,"max_hp_loss":0,"event_name":"Colosseum","floor":28,"gold_loss":0},{"damage_healed":0,"gold_gain":90,"player_choice":"GOLD ","damage_taken":12,"max_hp_gain":0,"max_hp_loss":0,"event_name":"Knowing Skull","floor":31,"potions_obtained":[],"gold_loss":0,"cards_obtained":[]}],"is_beta":false,"boss_relics":[{"not_picked":["Mark of Pain","Runic Dome"],"picked":"Black Star"}],"items_purged_floors":[3,20],"is_endless":false,"potions_floor_spawned":[1,11,12,21,28,29],"killed_by":"Collector","ascension_level":1}}