{"host":"ctlqibkg0sskiu65","time":1613321012,"event":{"mods":["AchievementEnabler","Aspiration","Astrologer","BaseMod","Better Third Choice","BetterRewards","Colored Map","Colored Powertips","Conspire","Curses Come First","Fiend Mod","Infinite Spire","Minty Spire (QoL Compilation)","Potionbrewer","Quick Restart","Reliquary","Replay The Spire","Robot Space Explorer","Shade Mod","Shop Mod","StSLib","The Blackbeard","The Bladedancer","The Cursed","The Death Knight","The Hierophant","The Jungle","The Kombatant","The Necromancer","The Poker Player","The Servant 0.9.4","TheBandit","Wide Potions","thorton"],"gold_per_floor":[119,131,131,147,157,157,192,204,204,184,27,27,27],"floor_reached":12,"language":"ENG","playtime":441,"items_purged":[],"score":160,"play_id":"a9c4f6ea-3314-49f7-8fc7-f1643ef71bcc","local_time":"20210214104332","is_ascension_mode":true,"campfire_choices":[{"data":"Dagger Spray","floor":6,"key":"SMITH"}],"circlet_count":0,"master_deck":["AscendersBane","Strike_G","Strike_G","Strike_G","Strike_G","Defend_G","Defend_G","Defend_G","Defend_G","Defend_G","Survivor","Neutralize","PiercingWail","Dagger Spray+1","Crippling Poison"],"relics":["Ring of the Snake","ClockworkSouvenir","Replay:Kaleidoscope","Letter Opener","aspiration:Lifesprig"],"acts_visited":["Exordium"],"potions_floor_usage":[5,12],"damage_taken":[{"damage":3,"enemies":"Cultist","floor":1,"turns":4},{"damage":2,"enemies":"Jaw Worm","floor":2,"turns":4},{"damage":0,"enemies":"Small Slimes","floor":4,"turns":6},{"damage":0,"enemies":"Looter","floor":5,"turns":4},{"damage":28,"enemies":"3 Sentries","floor":7,"turns":9},{"damage":14,"enemies":"Large Slime","floor":8,"turns":8},{"damage":13,"enemies":"Gremlin Nob","floor":12,"turns":3}],"seed_played":"815086023703838870","potions_obtained":[{"floor":1,"key":"potionbrewer:HastePotion"},{"floor":5,"key":"potionbrewer:CleansingPotion"},{"floor":8,"key":"potionbrewer:AcidPotion"},{"floor":10,"key":"Reflective Coating"}],"is_trial":false,"path_per_floor":["M","M","?","M","M","R","E","M","T","?","$","E"],"character_chosen":"THE_SILENT","items_purchased":["ClockworkSouvenir","aspiration:Lifesprig"],"campfire_rested":0,"item_purchase_floors":[0,11],"current_hp_per_floor":[56,54,54,54,54,54,26,12,12,12,12,0,0],"gold":27,"neow_bonus":"","is_daily":false,"chose_seed":false,"campfire_upgraded":1,"win_rate":0.0,"timestamp":1613321012,"path_taken":["M","M","?","M","?","R","E","M","T","?","?","E"],"items_purchased_type":["Relic","Relic"],"build_version":"2020-12-22","purchased_purges":0,"victory":false,"max_hp_per_floor":[66,66,66,66,66,66,66,66,66,66,66,66,66],"card_choices":[{"not_picked":["Quick Slash","Underhanded Strike"],"picked":"PiercingWail","floor":1},{"not_picked":["Dash","Quick Slash","Outmaneuver"],"picked":"SKIP","floor":2},{"not_picked":["Acrobatics","Endless Agony","Accuracy"],"picked":"SKIP","floor":4},{"not_picked":["Deflect","Flying Knee"],"picked":"Dagger Spray","floor":5},{"not_picked":["Masterful Stab","PiercingWail"],"picked":"Crippling Poison","floor":7},{"not_picked":["Dagger Throw","Accuracy","Backflip"],"picked":"SKIP","floor":8}],"player_experience":302753,"relics_obtained":[{"floor":7,"key":"Replay:Kaleidoscope"},{"floor":9,"key":"Letter Opener"}],"event_choices":[{"cards_removed":["Strike_G"],"damage_healed":0,"gold_gain":0,"player_choice":"Offered Basic","damage_taken":0,"max_hp_gain":0,"max_hp_loss":0,"event_name":"Bonfire Elementals","floor":3,"gold_loss":0},{"damage_healed":0,"gold_gain":0,"player_choice":"Bought 1 Potion","damage_taken":0,"max_hp_gain":0,"max_hp_loss":0,"event_name":"The Woman in Blue","floor":10,"gold_loss":0}],"is_beta":false,"boss_relics":[],"items_purged_floors":[],"is_endless":false,"potions_floor_spawned":[1,2,5,8],"killed_by":"Gremlin Nob","ascension_level":20}}