{"host":"2qyxu97h6u4ukicb","time":1613343569,"event":{"mods":["AchievementEnabler","BaseMod","BetterRewards","Colored Map","Colored Powertips","Minty Spire (QoL Compilation)","Replay The Spire","Shop Mod","StSLib"],"gold_per_floor":[115,115,115,115,115,115,128,146,193,193,193,227,238,251,251,347,347,366,366,468,61,94,94,137,137,137,176,197,240,240,240,240,264,264],"floor_reached":33,"language":"ENG","playtime":1576,"items_purged":[],"score":272,"play_id":"c4b5a900-7833-43d1-be0b-c01f133f14e6","local_time":"20210214165929","is_ascension_mode":false,"campfire_choices":[{"data":"Neutralize","floor":6,"key":"SMITH"},{"data":"Deadly Poison","floor":10,"key":"SMITH"},{"data":"Slice","floor":15,"key":"SMITH"},{"data":"Blade Dance","floor":23,"key":"SMITH"},{"data":"Footwork","floor":25,"key":"SMITH"}],"circlet_count":0,"master_deck":["Strike_G+1","Strike_G+1","Strike_G+1","Strike_G+1","Strike_G+1","Defend_G+1","Defend_G+1","Defend_G+1","Defend_G+1","Defend_G+1","Survivor","Neutralize+1","Dagger Spray+1","Deadly Poison+1","Slice+1","Distraction+1","Footwork+1","Footwork+1","Blade Dance+1","Deadly Poison+1","Blade Dance","Slice"],"relics":["Ring of the Snake","NeowsBlessing","Orichalcum","StrikeDummy","Happy Flower","SacredBark","Replay:Baseball","Replay:Bandana","MerchantsRug","Replay:Wax Seal","Turnip"],"acts_visited":["Exordium","TheCity"],"potions_floor_usage":[16,16,18,21,22,27,27,29,29],"damage_taken":[{"damage":0,"enemies":"Jaw Worm","floor":1,"turns":1},{"damage":0,"enemies":"2 Louse","floor":7,"turns":1},{"damage":0,"enemies":"Cultist","floor":8,"turns":1},{"damage":0,"enemies":"Gremlin Nob","floor":12,"turns":3},{"damage":5,"enemies":"Exordium Thugs","floor":13,"turns":4},{"damage":4,"enemies":"Looter","floor":14,"turns":2},{"damage":22,"enemies":"The Guardian","floor":16,"turns":11},{"damage":15,"enemies":"2 Thieves","floor":18,"turns":4},{"damage":0,"enemies":"Spheric Guardian","floor":22,"turns":3},{"damage":4,"enemies":"Centurion and Healer","floor":24,"turns":7},{"damage":1,"enemies":"Chosen and Byrds","floor":27,"turns":4},{"damage":12,"enemies":"Snake Plant","floor":28,"turns":4},{"damage":14,"enemies":"Centurion and Healer","floor":29,"turns":5},{"damage":57,"enemies":"Automaton","floor":33,"turns":6}],"seed_played":"-3334298803058059568","potions_obtained":[{"floor":1,"key":"LiquidBronze"},{"floor":7,"key":"Swift Potion"},{"floor":16,"key":"EssenceOfSteel"},{"floor":24,"key":"Weak Potion"},{"floor":28,"key":"Weak Potion"}],"is_trial":false,"path_per_floor":["M","?","?","?","$","R","M","M","T","R","T","E","M","M","R","B",null,"M","?","?","$","M","R","M","R","T","M","M","M","?","T","R_BF","B"],"character_chosen":"THE_SILENT","items_purchased":["EntropicBrew","Replay:Bandana","MerchantsRug"],"campfire_rested":0,"item_purchase_floors":[21,21,21],"current_hp_per_floor":[70,75,75,75,75,75,75,75,75,75,75,75,70,66,66,44,75,60,60,60,60,60,60,56,56,56,55,43,29,29,29,51,0,0],"gold":264,"neow_bonus":"THREE_ENEMY_KILL","is_daily":false,"chose_seed":false,"campfire_upgraded":5,"win_rate":0.0,"timestamp":1613343569,"path_taken":["M","?","?","?","?","R","?","M","T","R","?","E","M","M","R","BOSS","M","?","?","$","M","R","M","R","T","M","M","?","?","?","R_BF","BOSS"],"items_purchased_type":["Potion","Relic","Relic"],"build_version":"2020-12-22","purchased_purges":0,"victory":false,"max_hp_per_floor":[70,75,75,75,75,75,75,75,75,75,75,75,75,75,75,75,75,75,75,75,75,75,75,75,75,75,75,75,75,75,75,75,75,75],"card_choices":[{"not_picked":["Masterful Stab","Crippling Poison"],"picked":"Dagger Spray","floor":1},{"not_picked":["Acrobatics","Outmaneuver"],"picked":"Deadly Poison","floor":7},{"not_picked":["Predator","Outmaneuver","Heel Hook"],"picked":"SKIP","floor":8},{"not_picked":["Skewer","Choke","Underhanded Strike"],"picked":"SKIP","floor":12},{"not_picked":["Prepared","Backflip"],"picked":"Slice","floor":13},{"not_picked":["Underhanded Strike","Backflip","Sucker Punch"],"picked":"SKIP","floor":14},{"not_picked":["Dagger Throw","Dodge and Roll"],"picked":"Distraction","floor":18},{"not_picked":["Deflect+1","Dodge and Roll+1"],"picked":"Footwork","floor":20},{"not_picked":["Blade Dance","Flying Knee+1"],"picked":"Footwork+1","floor":20},{"not_picked":["Setup","Slice"],"picked":"Blade Dance","floor":22},{"not_picked":["Sucker Punch","Tactician"],"picked":"Deadly Poison+1","floor":24},{"not_picked":["Predator+1","Expertise"],"picked":"Blade Dance","floor":27},{"not_picked":["Hidden Blade","Cloak And Dagger","Dodge and Roll"],"picked":"SKIP","floor":28},{"not_picked":["Cloak And Dagger","Flying Knee"],"picked":"Slice","floor":29}],"player_experience":814414,"relics_obtained":[{"floor":9,"key":"Orichalcum"},{"floor":11,"key":"StrikeDummy"},{"floor":12,"key":"Happy Flower"},{"floor":20,"key":"Replay:Baseball"},{"floor":26,"key":"Replay:Wax Seal"},{"floor":31,"key":"Turnip"}],"event_choices":[{"damage_healed":0,"gold_gain":0,"player_choice":"Donut","damage_taken":0,"max_hp_gain":5,"max_hp_loss":0,"event_name":"Big Fish","floor":2,"gold_loss":0},{"damage_healed":0,"gold_gain":0,"player_choice":"Grow","damage_taken":0,"max_hp_gain":0,"max_hp_loss":0,"event_name":"Living Wall","floor":4,"gold_loss":0,"cards_upgraded":["Dagger Spray"]},{"damage_healed":0,"gold_gain":0,"player_choice":"Simplicity","damage_taken":0,"max_hp_gain":0,"max_hp_loss":0,"event_name":"Back to Basics","floor":30,"gold_loss":0,"cards_upgraded":["Strike_G","Strike_G","Strike_G","Strike_G","Defend_G","Defend_G","Defend_G","Defend_G","Defend_G"]}],"is_beta":false,"boss_relics":[{"not_picked":["Tiny House","Replay:Wanted Poster"],"picked":"SacredBark"}],"items_purged_floors":[],"is_endless":false,"potions_floor_spawned":[1,7,16,24,28],"killed_by":"Automaton","ascension_level":0}}