{"host":"ul3z8ex5o8l5j7mh","time":1613317140,"event":{"mods":["AchievementEnabler","BaseMod","Bestiary","Colored Map","Colored Powertips","DeckTracker","Keyboard Shortcuts","Minty Spire (QoL Compilation)","Relic Sorter","Relic Stats","SuperFastMode"],"gold_per_floor":[216,226,226,226,226,226,226],"floor_reached":6,"language":"ENG","playtime":246,"items_purged":[],"score":43,"play_id":"90b8aa3e-2319-4302-8399-1eb59c30ae00","local_time":"20210214163900","is_ascension_mode":true,"campfire_choices":[],"circlet_count":0,"master_deck":["Strike_R","Strike_R","Strike_R","Strike_R","Strike_R","Defend_R","Defend_R","Defend_R","Defend_R","Bash","Sentinel+1","Cleave","Regret"],"relics":["Burning Blood","Centennial Puzzle","Potion Belt"],"acts_visited":["Exordium"],"potions_floor_usage":[6],"damage_taken":[{"damage":10,"enemies":"2 Louse","floor":1,"turns":2},{"damage":7,"enemies":"Jaw Worm","floor":2,"turns":3},{"damage":83,"enemies":"3 Sentries","floor":6,"turns":10}],"seed_played":"6573518075742395529","potions_obtained":[{"floor":2,"key":"ColorlessPotion"}],"is_trial":false,"path_per_floor":["M","M","?","T","?","E"],"character_chosen":"IRONCLAD","items_purchased":[],"campfire_rested":0,"item_purchase_floors":[],"current_hp_per_floor":[76,75,75,75,75,0,0],"gold":226,"neow_bonus":"HUNDRED_GOLD","is_daily":false,"chose_seed":false,"campfire_upgraded":0,"win_rate":0.0,"timestamp":1613317140,"path_taken":["M","M","?","?","?","E"],"items_purchased_type":[],"build_version":"2020-12-22","purchased_purges":0,"victory":false,"max_hp_per_floor":[80,80,80,80,80,80,80],"relic_stats":{"Centennial Puzzle":[3],"counters":[3,15],"obtain_stats":[{"Potion Belt":5,"Centennial Puzzle":4,"Burning Blood":0},{"Potion Belt":2,"Centennial Puzzle":2,"Burning Blood":0},{"Potion Belt":5,"Centennial Puzzle":5,"Burning Blood":0}],"Burning Blood":12},"card_choices":[{"not_picked":["Havoc","Disarm"],"picked":"Sentinel","floor":1},{"not_picked":["Clash","Body Slam"],"picked":"Cleave","floor":2}],"player_experience":374157,"relics_obtained":[{"floor":4,"key":"Centennial Puzzle"}],"event_choices":[{"damage_healed":0,"gold_gain":0,"player_choice":"Grow","damage_taken":0,"max_hp_gain":0,"max_hp_loss":0,"event_name":"Living Wall","floor":3,"gold_loss":0,"cards_upgraded":["Sentinel"]},{"damage_healed":0,"gold_gain":0,"player_choice":"Box","damage_taken":0,"relics_obtained":["Potion Belt"],"max_hp_gain":0,"max_hp_loss":0,"event_name":"Big Fish","floor":5,"gold_loss":0,"cards_obtained":["Regret"]}],"is_beta":false,"boss_relics":[],"items_purged_floors":[],"is_endless":false,"potions_floor_spawned":[2],"killed_by":"3 Sentries","ascension_level":5}}