{"host":"h6rm1o91xvs067mx","time":1613321265,"event":{"mods":["BaseMod","Colored Powertips","Downfall","Minty Spire (QoL Compilation)","Relic Stats","Replay The Spire","SOS（斯巴达之子）","StSLib","TestMod","The Bladedancer","UnlockEverythingMod","【功能Mod】聪明的最终Boss","残留之物"],"gold_per_floor":[99,109,313,9154,9154,8050,8050,8050,8050,8078,8054,7854,7866,7866,7810,7835,7835,7835,7630,7055,7055,7055,7038,7038,7038,7038,6221,6221,6221,6121,6121,5957,5860,5860,5860,5753,5547,4541,4341,4192,4239,4033,3700,3772,3646,3248,3248,3248,2535,2372,2156,1637,1637,1183,9841,9841,9388,8651],"floor_reached":59,"language":"ZHS","playtime":3063,"items_purged":["Redorb","Attack_a","Shoot","Attack_b","Royaldefend","testmod-AssimilatedRune+1","Chargeshoot+1"],"score":1560,"play_id":"f1329f88-d8a5-4926-8344-395635363d1e","local_time":"20210215004744","is_ascension_mode":false,"campfire_choices":[{"data":"Provocation","floor":1,"key":"SMITH"},{"data":"Darkslayer","floor":9,"key":"SMITH"},{"data":"SSScard","floor":12,"key":"SMITH"},{"data":"Purpleorb","floor":18,"key":"SMITH"},{"data":"Dash2","floor":26,"key":"SMITH"},{"floor":28,"key":"RECALL"},{"data":"Royaldefend","floor":30,"key":"SMITH"},{"data":"LucifercomboA","floor":35,"key":"SMITH"},{"data":"DevilstarS","floor":56,"key":"SMITH"}],"circlet_count":0,"master_deck":["Provocation+1","Defend_Dante","Defend_Dante","Defend_Dante","Defend_Dante","Dash2+1","LucifercomboB","Darkslayer+1","DevilstarS+1","Stinger","LucifercomboA+1","SSScard+1","LucifercomboD","Purpleorb+1","CurseOfTheBell","Royaldefend+1","Millionstab+1","Royaldefend+1","LucifercomboC","VitalstarL+1","Millionkick+1","DT+1","Swordcombo+1","Goldorb+1","Dash2+1","Hightime+1","Airtrick+1","Lucifer+1","Enlightenment+1"],"relics":["SSS","Combocheck","testmod-TestBox","Counterbalance","Tiny Chest","testmod-HeartOfStrike","Chemical X","downfall:ShatteredFragment","Pear","Durian","Medical Kit","Replay:Baseball","downfall:HeartBlessingGreen","downfall:HeartBlessingBlue","testmod-AssaultLearning","Calling Bell","Pet Ghost","Lizard Tail","Replay:Bandana","Golden Egg","Strange Spoon","ReplayTheSpireMod:TigerMarble","Toxic Egg 2","Iron Hammer","Gremlin Food","Centennial Puzzle","HandDrill","downfall:HeartBlessingRed","Astrolabe","testmod-Déjàvu","Matryoshka","Lee\u0027s Waffle","PreservedInsect","testmod-Acrobat","Strawberry","Ornamental Fan","Potion Belt","Bottled Lightning","ReplayTheSpireMod:Shallot","Replay:Bottled Eggs","Replay:Accelerometer","PlaceholderMod:FlatBlood","Bottled Flame"],"acts_visited":["Exordium","TheCity","TheBeyond","TheEnding"],"potions_floor_usage":[6,10,16,19,20,32,33,33,46,52,52,57,57,57,58],"damage_taken":[{"damage":3,"enemies":"2 Louse","floor":2,"turns":2},{"damage":0,"enemies":"downfall:FleeingMerchant","floor":4,"turns":4},{"damage":0,"enemies":"downfall:FleeingMerchant","floor":6,"turns":4},{"damage":12,"enemies":"3 Sentries","floor":10,"turns":2},{"damage":0,"enemies":"Small Slimes","floor":11,"turns":2},{"damage":0,"enemies":"Cultist","floor":13,"turns":2},{"damage":2,"enemies":"downfall:LooterAlt","floor":15,"turns":3},{"damage":12,"enemies":"IC_STATUS_ARCHETYPE","floor":16,"turns":4},{"damage":7,"enemies":"Chosen","floor":19,"turns":4},{"damage":0,"enemies":"downfall:FleeingMerchant","floor":20,"turns":2},{"damage":0,"enemies":"3 Byrds","floor":23,"turns":1},{"damage":0,"enemies":"Cultist and Chosen","floor":32,"turns":1},{"damage":0,"enemies":"DF_ARCHETYPE_CLAW","floor":33,"turns":3},{"damage":14,"enemies":"3 Shapes","floor":36,"turns":2},{"damage":0,"enemies":"3 Darklings","floor":37,"turns":2},{"damage":0,"enemies":"Jaw Worm Horde","floor":39,"turns":2},{"damage":0,"enemies":"Writhing Mass","floor":40,"turns":2},{"damage":0,"enemies":"Sphere and 2 Shapes","floor":42,"turns":1},{"damage":0,"enemies":"Spire Growth","floor":45,"turns":1},{"damage":0,"enemies":"downfall:LadyInBlue","floor":46,"turns":2},{"damage":0,"enemies":"Writhing Mass","floor":50,"turns":2},{"damage":0,"enemies":"Jaw Worm Horde","floor":51,"turns":2},{"damage":0,"enemies":"SI_POISON_ARCHETYPE","floor":52,"turns":4},{"damage":0,"enemies":"downfall:CharBossMerchant","floor":54,"turns":2},{"damage":10,"enemies":"downfall:NeowBoss","floor":57,"turns":6},{"damage":0,"enemies":"downfall:NeowBossFinal","floor":58,"turns":4}],"seed_played":"3644312763376213320","potions_obtained":[{"floor":10,"key":"Fire Potion"},{"floor":11,"key":"SmokeBomb"},{"floor":13,"key":"Swift Potion"},{"floor":16,"key":"Explosive Potion"},{"floor":19,"key":"EssenceOfSteel"},{"floor":33,"key":"Reflective Coating"},{"floor":37,"key":"Adrenaline Potion"},{"floor":42,"key":"testmod-EscapePotion"},{"floor":46,"key":"Death Potion"},{"floor":46,"key":"Death Potion"},{"floor":46,"key":"Flashbang"},{"floor":51,"key":"champ:CounterPotion"},{"floor":54,"key":"PowerPotion"}],"is_trial":false,"path_per_floor":["R","M","?","$","?","$","T","?","R","E","M","R","M","T","M","B",null,"R","M","$","?","T","M","T","T","R","$","R","?","R","?","M","B",null,"R","M","M","$","M","M","T","M","?","T","M","?","PTL","PTL","$","M","M","B",null,"E","$","R","B","B",null],"character_chosen":"DANTE","items_purchased":["Tiny Chest","testmod-HeartOfStrike","Chemical X","DevilstarS","Stinger","AttackPotion","Energy Potion","champ:CounterPotion","Pear","Durian","Medical Kit","LucifercomboA","testmod-EternalityOfKhronos","Replay:Bandana","Golden Egg","Strange Spoon","Gremlin Food","Centennial Puzzle","HandDrill","Royaldefend+1","Doom Potion","Adrenaline Potion","testmod-Déjàvu","Matryoshka","Lee\u0027s Waffle","Swordcombo","Bottled Lightning","ReplayTheSpireMod:Shallot","Replay:Accelerometer","PlaceholderMod:FlatBlood","Bottled Flame","Airtrick+1","Lucifer","Enlightenment+1"],"campfire_rested":0,"item_purchase_floors":[4,4,4,4,4,4,4,4,6,6,6,6,6,20,20,20,27,27,27,27,27,27,38,38,38,38,49,49,55,55,55,55,55,55],"current_hp_per_floor":[56,53,53,53,38,53,53,53,53,41,41,51,51,51,59,57,105,105,98,105,105,105,105,105,105,105,105,105,105,105,84,84,94,110,110,96,110,117,117,117,117,117,132,139,139,139,139,139,139,139,139,139,139,139,139,139,139,139],"gold":8651,"neow_bonus":"ONE_RARE_RELIC","is_daily":false,"chose_seed":false,"campfire_upgraded":8,"win_rate":0.0,"timestamp":1613321264,"path_taken":["R","M","?","?","?","$","T","?","R","E","M","R","?","?","M","BOSS","R","M","$","?","?","?","T","?","R","$","R","?","R","?","M","BOSS","R","M","M","$","M","M","T","M","?","?","?","?","PTL","PTL","$","?","M","BOSS","E","$","R","BOSS","BOSS"],"items_purchased_type":["Relic","Relic","Relic","Card","Card","Potion","Potion","Potion","Relic","Relic","Relic","Card","Card","Relic","Relic","Relic","Relic","Relic","Relic","Card","Potion","Potion","Relic","Relic","Relic","Card","Relic","Relic","Relic","Relic","Relic","Card","Card","Card"],"build_version":"2020-12-22","purchased_purges":7,"victory":true,"max_hp_per_floor":[80,80,80,80,80,95,95,95,95,95,95,105,105,105,105,105,105,105,105,105,105,105,105,105,105,105,105,105,105,105,110,110,110,110,110,110,110,117,117,117,117,117,132,139,139,139,139,139,139,139,139,139,139,139,139,139,139,139],"relic_stats":{"Lee\u0027s Waffle":7,"counters":[26,66],"Astrolabe":["Millionkick","testmod-AssimilatedRune","Chargeshoot"],"PreservedInsect":138,"Medical Kit":[4],"Strange Spoon":[132],"Lizard Tail":0,"Centennial Puzzle":[6],"Ornamental Fan":[168],"Tiny Chest":3,"HandDrill":[58],"Chemical X":[1],"obtain_stats":[{"testmod-HeartOfStrike":4,"Golden Egg":20,"Replay:Accelerometer":55,"downfall:HeartBlessingGreen":12,"Pet Ghost":17,"Lizard Tail":17,"Replay:Bandana":20,"Centennial Puzzle":27,"Matryoshka":38,"downfall:HeartBlessingBlue":12,"Strawberry":44,"Tiny Chest":4,"Iron Hammer":25,"testmod-Déjàvu":38,"HandDrill":27,"Chemical X":4,"Toxic Egg 2":24,"Replay:Bottled Eggs":54,"Gremlin Food":27,"Potion Belt":46,"Lee\u0027s Waffle":38,"testmod-TestBox":0,"downfall:ShatteredFragment":5,"Pear":6,"downfall:HeartBlessingRed":30,"Counterbalance":0,"Astrolabe":34,"PreservedInsect":41,"Medical Kit":6,"Combocheck":0,"Calling Bell":17,"Strange Spoon":20,"SSS":0,"Replay:Baseball":10,"Bottled Flame":55,"ReplayTheSpireMod:Shallot":49,"Ornamental Fan":44,"testmod-AssaultLearning":14,"testmod-Acrobat":41,"Durian":6,"ReplayTheSpireMod:TigerMarble":22,"Bottled Lightning":49,"PlaceholderMod:FlatBlood":55},{"testmod-HeartOfStrike":2,"Golden Egg":10,"Replay:Accelerometer":24,"downfall:HeartBlessingGreen":5,"Pet Ghost":8,"Lizard Tail":8,"Replay:Bandana":10,"Centennial Puzzle":11,"Matryoshka":15,"downfall:HeartBlessingBlue":5,"Strawberry":18,"Tiny Chest":2,"Iron Hammer":11,"testmod-Déjàvu":15,"HandDrill":11,"Chemical X":2,"Toxic Egg 2":11,"Replay:Bottled Eggs":24,"Gremlin Food":11,"Potion Belt":20,"Lee\u0027s Waffle":15,"testmod-TestBox":0,"downfall:ShatteredFragment":2,"Pear":3,"downfall:HeartBlessingRed":11,"Counterbalance":0,"Astrolabe":13,"PreservedInsect":17,"Medical Kit":3,"Combocheck":0,"Calling Bell":8,"Strange Spoon":10,"SSS":0,"Replay:Baseball":4,"Bottled Flame":24,"ReplayTheSpireMod:Shallot":20,"Ornamental Fan":18,"testmod-AssaultLearning":6,"testmod-Acrobat":17,"Durian":3,"ReplayTheSpireMod:TigerMarble":10,"Bottled Lightning":20,"PlaceholderMod:FlatBlood":24},{"testmod-HeartOfStrike":6,"Golden Egg":29,"Replay:Accelerometer":56,"downfall:HeartBlessingGreen":14,"Pet Ghost":23,"Lizard Tail":23,"Replay:Bandana":29,"Centennial Puzzle":30,"Matryoshka":38,"downfall:HeartBlessingBlue":14,"Strawberry":43,"Tiny Chest":6,"Iron Hammer":30,"testmod-Déjàvu":38,"HandDrill":30,"Chemical X":6,"Toxic Egg 2":30,"Replay:Bottled Eggs":56,"Gremlin Food":30,"Potion Belt":46,"Lee\u0027s Waffle":38,"testmod-TestBox":0,"downfall:ShatteredFragment":6,"Pear":10,"downfall:HeartBlessingRed":30,"Counterbalance":0,"Astrolabe":34,"PreservedInsect":42,"Medical Kit":10,"Combocheck":0,"Calling Bell":23,"Strange Spoon":29,"SSS":0,"Replay:Baseball":12,"Bottled Flame":56,"ReplayTheSpireMod:Shallot":46,"Ornamental Fan":43,"testmod-AssaultLearning":16,"testmod-Acrobat":42,"Durian":10,"ReplayTheSpireMod:TigerMarble":29,"Bottled Lightning":46,"PlaceholderMod:FlatBlood":56}]},"card_choices":[{"not_picked":["Weaponupgrade","EbonyIvory"],"picked":"Dash2","floor":2},{"not_picked":["EbonyIvory","Straight"],"picked":"LucifercomboB","floor":3},{"not_picked":["Royaldefend","Greenorb"],"picked":"Darkslayer","floor":4},{"not_picked":["LucifercomboC","Trickster"],"picked":"Royaldefend","floor":6},{"not_picked":["CoyoteA","BeastUppercut"],"picked":"SSScard","floor":10},{"not_picked":["VitalstarS","EbonyIvory"],"picked":"VitalstarM","floor":11},{"not_picked":["Dash1","SSScard","Ecstasy"],"picked":"SKIP","floor":13},{"not_picked":["Honeycombofire","Gunslinger"],"picked":"LucifercomboD","floor":15},{"not_picked":["Darkslayer","Stylechange"],"picked":"Purpleorb","floor":16},{"not_picked":["BeastUppercut","Chargeshoot"],"picked":"Royaldefend","floor":19},{"not_picked":["LucifercomboA","Shock","EbonyIvory"],"picked":"SKIP","floor":20},{"not_picked":["Lucifer","Swordmaster"],"picked":"Millionstab+1","floor":23},{"not_picked":["LucifercomboD","Whiteorb+1"],"picked":"LucifercomboC","floor":32},{"not_picked":["Darkslayer+1","Stylechange+1"],"picked":"VitalstarL+1","floor":33},{"not_picked":["VitalstarS+1","Whiteorb+1"],"picked":"DT+1","floor":36},{"not_picked":["LucifercomboB","Kick13+1","Straight+1"],"picked":"SKIP","floor":37},{"not_picked":["Millionkick","Unrisingdragon","Ecstasy+1"],"picked":"SKIP","floor":39},{"not_picked":["Unrisingdragon","Weaponchange+1","Chargeshoot+1"],"picked":"SKIP","floor":40},{"not_picked":["Doubleshoot","LucifercomboA"],"picked":"Goldorb+1","floor":42},{"not_picked":["Whiteorb+1","EbonyIvory","Hightime+1"],"picked":"SKIP","floor":45},{"not_picked":["Trickster+1","Dash1+1"],"picked":"Dash2+1","floor":46},{"not_picked":["Weaponchange+1","Holywater+1","CoyoteA"],"picked":"SKIP","floor":50},{"not_picked":["Millionstab","Dash1+1","Airhike+1"],"picked":"SKIP","floor":51},{"not_picked":["Ecstasy+1","Straight"],"picked":"Hightime+1","floor":54}],"player_experience":7367,"relics_obtained":[{"floor":10,"key":"Replay:Baseball"},{"floor":14,"key":"testmod-AssaultLearning"},{"floor":17,"key":"Pet Ghost"},{"floor":17,"key":"Lizard Tail"},{"floor":22,"key":"ReplayTheSpireMod:TigerMarble"},{"floor":24,"key":"Toxic Egg 2"},{"floor":25,"key":"Iron Hammer"},{"floor":41,"key":"PreservedInsect"},{"floor":41,"key":"testmod-Acrobat"},{"floor":44,"key":"Strawberry"},{"floor":44,"key":"Ornamental Fan"},{"floor":46,"key":"Potion Belt"},{"floor":54,"key":"Replay:Bottled Eggs"}],"event_choices":[{"cards_removed":["Shoot"],"damage_healed":0,"gold_gain":0,"player_choice":"Forget","damage_taken":0,"max_hp_gain":0,"max_hp_loss":0,"event_name":"Living Wall","floor":8,"gold_loss":0},{"damage_healed":0,"gold_gain":0,"player_choice":"Ignored","damage_taken":0,"max_hp_gain":0,"max_hp_loss":0,"event_name":"Vampires","floor":29,"gold_loss":0}],"is_beta":false,"boss_relics":[{"not_picked":["testmod-DreamHouse","testmod-StringDisintegrator"],"picked":"Calling Bell"},{"not_picked":["testmod-Prudence","Coffee Dripper"],"picked":"Astrolabe"}],"items_purged_floors":[4,6,20,27,38,49,55],"is_endless":false,"potions_floor_spawned":[10,11,13,16,19,33,37,42,45,51,54],"ascension_level":0}}