{"host":"jqkewjmybebgw3gd","time":1613305626,"event":{"mods":["AchievementEnabler","BaseMod","Colored Map","DeckTracker","Keyboard Shortcuts","Minty Spire (QoL Compilation)","StSLib","SuperFastMode"],"gold_per_floor":[110,110,129,148,163,163,183,183,183,195,220,220,26,26,26,26,26],"floor_reached":16,"language":"KOR","playtime":517,"items_purged":[],"score":107,"play_id":"0991ecd5-8338-4cab-92b5-689bcbea10ae","local_time":"20210214212706","is_ascension_mode":true,"campfire_choices":[{"floor":6,"key":"REST"},{"data":"Self Repair","floor":8,"key":"SMITH"},{"data":"Meteor Strike","floor":12,"key":"SMITH"},{"floor":15,"key":"REST"}],"circlet_count":0,"master_deck":["Strike_B","Strike_B","Strike_B","Strike_B","Defend_B","Defend_B","Defend_B","Defend_B","Zap","Dualcast","Meteor Strike+1","Streamline+1","Genetic Algorithm","Turbo","Self Repair+1","Aggregate","Conserve Battery","Reinforced Body","Injury"],"relics":["Cracked Core","HornCleat","Question Card","Membership Card","Golden Idol"],"acts_visited":["Exordium"],"potions_floor_usage":[11],"damage_taken":[{"damage":2,"enemies":"Small Slimes","floor":1,"turns":4},{"damage":0,"enemies":"2 Louse","floor":3,"turns":2},{"damage":11,"enemies":"Jaw Worm","floor":4,"turns":3},{"damage":26,"enemies":"Exordium Thugs","floor":5,"turns":4},{"damage":7,"enemies":"Looter","floor":7,"turns":3},{"damage":0,"enemies":"3 Louse","floor":10,"turns":3},{"damage":15,"enemies":"Gremlin Nob","floor":11,"turns":4},{"damage":59,"enemies":"The Guardian","floor":16,"turns":12}],"seed_played":"-2937621884590746436","potions_obtained":[{"floor":1,"key":"Swift Potion"}],"is_trial":false,"path_per_floor":["M","?","M","M","M","R","M","R","T","M","E","R","$","?","R","B"],"character_chosen":"DEFECT","items_purchased":["Membership Card","Reinforced Body"],"campfire_rested":2,"item_purchase_floors":[13,13],"current_hp_per_floor":[52,52,52,41,15,37,30,30,30,40,35,35,35,35,57,0,0],"gold":26,"neow_bonus":"THREE_RARE_CARDS","is_daily":false,"chose_seed":false,"campfire_upgraded":2,"win_rate":0.0,"timestamp":1613305626,"path_taken":["M","?","M","M","M","R","M","R","T","M","E","R","$","?","R","BOSS"],"items_purchased_type":["Relic","Card"],"build_version":"2020-12-22","purchased_purges":0,"victory":false,"max_hp_per_floor":[75,75,75,75,75,75,75,75,75,75,75,75,75,75,75,75,75],"card_choices":[{"not_picked":["Thunder Strike","Multi-Cast"],"picked":"Meteor Strike","floor":0},{"not_picked":["Steam Power","Compile Driver"],"picked":"Streamline","floor":1},{"not_picked":["Streamline","Gash","Blizzard"],"picked":"SKIP","floor":3},{"not_picked":["Rebound","Undo"],"picked":"Genetic Algorithm","floor":4},{"not_picked":["Sweeping Beam","Hologram"],"picked":"Turbo","floor":5},{"not_picked":["Go for the Eyes","Leap"],"picked":"Self Repair","floor":7},{"not_picked":["Heatsinks","Steam"],"picked":"Aggregate","floor":10},{"not_picked":["Streamline","Lockon"],"picked":"Conserve Battery","floor":11}],"player_experience":535296,"relics_obtained":[{"floor":9,"key":"HornCleat"},{"floor":11,"key":"Question Card"}],"event_choices":[{"damage_healed":0,"gold_gain":0,"player_choice":"Grow","damage_taken":0,"max_hp_gain":0,"max_hp_loss":0,"event_name":"Living Wall","floor":2,"gold_loss":0,"cards_upgraded":["Streamline"]},{"damage_healed":0,"gold_gain":0,"player_choice":"Take Wound","damage_taken":0,"relics_obtained":["Golden Idol"],"max_hp_gain":0,"max_hp_loss":0,"event_name":"Golden Idol","floor":14,"gold_loss":0,"cards_obtained":["Injury"]}],"is_beta":false,"boss_relics":[],"items_purged_floors":[],"is_endless":false,"potions_floor_spawned":[1],"killed_by":"The Guardian","ascension_level":1}}