{"host":"chv1qanoipyt46jc","time":1613266723,"event":{"mods":["2.2 Compatiblity","AchievementEnabler","BaseMod","BetterRewards","CapriCore","Card Filter","Evolution","Gold Saver","Grow up Mod","Minty Spire (QoL Compilation)","Rare Cards Sparkle","Relic Filter","Remove Card Discount Mod","Reorder Act Four","StSLib"],"gold_per_floor":[806,817,817,833,851,892,892,911,911,924,944,957,957,976,976,1099,1099,1115,2465,2384,2399,2247,2247,2280,2280,2280,2280,2301,2344,2364,2402,2402,2526,2526,2540,2540,2564,2560,2578,2578,2598,2598,2598,2638,2638,2638,2658,2658,2658,2658,2658,2590,2590,2626,2626],"floor_reached":56,"language":"ENG","playtime":2677,"items_purged":["Sucker Punch","Sucker Punch","Sucker Punch","Sucker Punch","Sucker Punch","Backflip","Backflip","Survivor","Neutralize","Backflip","Deadly Poison"],"score":1666,"play_id":"94e701f1-01b7-4c43-a508-965b3bf82fb4","local_time":"20210213193843","is_ascension_mode":false,"campfire_choices":[{"data":"Accuracy","floor":7,"key":"SMITH"},{"data":"Infinite Blades","floor":13,"key":"SMITH"},{"floor":15,"key":"RECALL"},{"data":"Caltrops","floor":23,"key":"SMITH"},{"data":"Accuracy","floor":25,"key":"SMITH"},{"data":"Noxious Fumes","floor":32,"key":"SMITH"},{"data":"Noxious Fumes","floor":40,"key":"SMITH"},{"data":"Caltrops","floor":42,"key":"SMITH"},{"data":"Caltrops","floor":46,"key":"SMITH"},{"data":"Caltrops","floor":49,"key":"SMITH"},{"data":"Noxious Fumes","floor":53,"key":"SMITH"}],"circlet_count":0,"master_deck":["Backflip","Backflip","Infinite Blades+1","Infinite Blades","Noxious Fumes+1","Caltrops+1","Caltrops+1","Accuracy+1","Caltrops+1","Adrenaline","Noxious Fumes+1","Accuracy+1","Caltrops+1","Backflip+1","Adrenaline+1","Adrenaline+1","Noxious Fumes+1"],"relics":["Ring of the Snake","EVO:Axolotl","Mummified Hand","TwistedFunnel","Blood Vial","DollysMirror","Golden Idol","Meat on the Bone","SlaversCollar","PreservedInsect","HornCleat","Girya","Toxic Egg 2","Bottled Tornado","Coffee Dripper","Bronze Scales","Mercury Hourglass","Omamori","Bird Faced Urn"],"acts_visited":["Exordium","TheCity","TheBeyond","TheEnding"],"potions_floor_usage":[12,55,55,55],"damage_taken":[{"damage":1,"enemies":"Jaw Worm","floor":1,"turns":2},{"damage":0,"enemies":"Small Slimes","floor":2,"turns":3},{"damage":1,"enemies":"Cultist","floor":4,"turns":3},{"damage":4,"enemies":"Blue Slaver","floor":5,"turns":3},{"damage":31,"enemies":"Gremlin Nob","floor":6,"turns":4},{"damage":2,"enemies":"Exordium Wildlife","floor":8,"turns":3},{"damage":3,"enemies":"Red Slaver","floor":10,"turns":2},{"damage":13,"enemies":"Exordium Thugs","floor":11,"turns":3},{"damage":2,"enemies":"Large Slime","floor":12,"turns":3},{"damage":0,"enemies":"Exordium Wildlife","floor":14,"turns":2},{"damage":29,"enemies":"Slime Boss","floor":16,"turns":6},{"damage":5,"enemies":"2 Thieves","floor":18,"turns":3},{"damage":0,"enemies":"Spheric Guardian","floor":21,"turns":3},{"damage":17,"enemies":"Slavers","floor":24,"turns":3},{"damage":0,"enemies":"3 Cultists","floor":28,"turns":4},{"damage":11,"enemies":"Gremlin Leader","floor":29,"turns":3},{"damage":0,"enemies":"Snecko","floor":30,"turns":3},{"damage":4,"enemies":"Slavers","floor":31,"turns":3},{"damage":16,"enemies":"Champ","floor":33,"turns":6},{"damage":0,"enemies":"Orb Walker","floor":35,"turns":2},{"damage":0,"enemies":"3 Shapes","floor":37,"turns":2},{"damage":0,"enemies":"Sphere and 2 Shapes","floor":39,"turns":3},{"damage":0,"enemies":"Transient","floor":41,"turns":5},{"damage":0,"enemies":"Reptomancer","floor":44,"turns":3},{"damage":4,"enemies":"Jaw Worm Horde","floor":47,"turns":3},{"damage":82,"enemies":"Awakened One","floor":50,"turns":9},{"damage":4,"enemies":"Shield and Spear","floor":54,"turns":3},{"damage":94,"enemies":"The Heart","floor":55,"turns":5}],"seed_played":"-5929144236641292863","potions_obtained":[{"floor":1,"key":"Swift Potion"},{"floor":5,"key":"PowerPotion"},{"floor":8,"key":"AttackPotion"},{"floor":12,"key":"Fruit Juice"},{"floor":18,"key":"SteroidPotion"},{"floor":37,"key":"LiquidBronze"}],"is_trial":false,"path_per_floor":["M","M","?","M","M","E","R","M","T","M","M","M","R","M","R","B",null,"M","?","$","M","$","R","E","R","T","?","M","E","M","E","R","B",null,"M","T","M","$","M","R","M","R","T","E","?","R","M","?","R","B",null,"$","R","E","B",null],"character_chosen":"THE_SILENT","items_purchased":["Mummified Hand","Infinite Blades","Infinite Blades","TwistedFunnel","Blood Vial","Noxious Fumes","Deadly Poison","Caltrops","DollysMirror","Accuracy","PreservedInsect","Noxious Fumes"],"campfire_rested":0,"item_purchase_floors":[0,0,0,0,0,0,0,0,0,20,22,52],"current_hp_per_floor":[53,65,75,86,94,75,85,95,105,114,113,128,138,150,160,143,257,262,71,81,105,115,125,132,142,152,162,186,199,211,219,229,225,427,437,447,457,467,477,487,497,507,517,527,537,547,553,563,573,503,597,607,617,623,552],"gold":2626,"neow_bonus":"","is_daily":false,"chose_seed":false,"campfire_upgraded":10,"win_rate":0.0,"timestamp":1613266723,"path_taken":["M","M","?","M","M","E","R","M","T","M","M","M","R","M","R","BOSS","M","?","$","M","?","R","E","R","T","?","M","E","?","E","R","BOSS","M","?","M","$","M","R","M","R","T","E","?","R","?","?","R","BOSS","$","R","E","BOSS"],"items_purchased_type":["Relic","Card","Card","Relic","Relic","Card","Card","Card","Relic","Card","Relic","Card"],"build_version":"2020-12-22","purchased_purges":11,"victory":true,"max_hp_per_floor":[100,110,112,122,132,142,152,162,172,182,192,207,217,227,237,247,257,267,277,287,297,307,317,327,337,347,357,367,377,387,397,407,417,427,437,447,457,467,477,487,497,507,517,527,537,547,557,567,577,587,597,607,617,627,637],"card_choices":[{"not_picked":["Blade Dance","Tactician","Leg Sweep"],"picked":"SKIP","floor":1},{"not_picked":["Dagger Spray","Prepared","Poisoned Stab"],"picked":"SKIP","floor":2},{"not_picked":["Blur","Dagger Spray","Poisoned Stab"],"picked":"SKIP","floor":4},{"not_picked":["Setup","Blade Dance"],"picked":"Accuracy","floor":5},{"not_picked":["Dagger Throw","Tactician","Underhanded Strike"],"picked":"SKIP","floor":6},{"not_picked":["Prepared","Heel Hook","Dagger Throw"],"picked":"SKIP","floor":8},{"not_picked":["Deadly Poison","Sucker Punch"],"picked":"Caltrops","floor":10},{"not_picked":["Slice","Backstab","Prepared"],"picked":"SKIP","floor":11},{"not_picked":["Backstab","Acrobatics","Bane"],"picked":"SKIP","floor":12},{"not_picked":["All Out Attack","Dash","Deadly Poison"],"picked":"SKIP","floor":14},{"not_picked":["Burst","Venomology"],"picked":"Adrenaline","floor":16},{"not_picked":["Blade Dance","Caltrops"],"picked":"Noxious Fumes","floor":18},{"not_picked":["Sucker Punch","Acrobatics","Flechettes"],"picked":"SKIP","floor":21},{"not_picked":["Dagger Spray","Dash"],"picked":"Caltrops","floor":24},{"not_picked":["Heel Hook","Escape Plan","Poisoned Stab"],"picked":"SKIP","floor":28},{"not_picked":["Bane","Backstab+1"],"picked":"Deadly Poison+1","floor":29},{"not_picked":["Reflex+1","Well Laid Plans+1"],"picked":"Backflip+1","floor":30},{"not_picked":["Predator","All Out Attack"],"picked":"Adrenaline+1","floor":31},{"not_picked":["Glass Knife","Corpse Explosion+1"],"picked":"Adrenaline+1","floor":33},{"not_picked":["Leg Sweep+1","Dagger Throw+1","Finisher"],"picked":"SKIP","floor":35},{"not_picked":["Dagger Throw+1","Deflect+1","Backstab"],"picked":"SKIP","floor":37},{"not_picked":["All Out Attack+1","Deflect+1","Dash"],"picked":"SKIP","floor":39},{"not_picked":["Deadly Poison+1","Bane+1","Slice"],"picked":"SKIP","floor":41},{"not_picked":["Flying Knee+1","Acrobatics+1","Dagger Throw"],"picked":"SKIP","floor":44},{"not_picked":["Escape Plan+1","Deflect+1","Flying Knee"],"picked":"SKIP","floor":47},{"not_picked":["Slice+1","Dagger Throw+1","Escape Plan+1"],"picked":"SKIP","floor":54}],"player_experience":320072,"relics_obtained":[{"floor":6,"key":"Meat on the Bone"},{"floor":24,"key":"HornCleat"},{"floor":26,"key":"Girya"},{"floor":29,"key":"Toxic Egg 2"},{"floor":31,"key":"Bottled Tornado"},{"floor":36,"key":"Bronze Scales"},{"floor":43,"key":"Mercury Hourglass"},{"floor":44,"key":"Omamori"},{"floor":54,"key":"Bird Faced Urn"}],"event_choices":[{"damage_healed":0,"gold_gain":0,"player_choice":"Lose Max HP","damage_taken":0,"relics_obtained":["Golden Idol"],"max_hp_gain":0,"max_hp_loss":8,"event_name":"Golden Idol","floor":3,"gold_loss":0},{"damage_healed":0,"gold_gain":1350,"player_choice":"GOLD GOLD GOLD GOLD GOLD GOLD GOLD GOLD GOLD GOLD GOLD GOLD GOLD GOLD GOLD ","damage_taken":201,"max_hp_gain":0,"max_hp_loss":0,"event_name":"Knowing Skull","floor":19,"potions_obtained":[],"gold_loss":0,"cards_obtained":[]},{"damage_healed":0,"gold_gain":0,"player_choice":"Ignored","damage_taken":0,"max_hp_gain":0,"max_hp_loss":0,"event_name":"Cursed Tome","floor":27,"gold_loss":0},{"cards_removed":["Deadly Poison"],"damage_healed":0,"gold_gain":0,"player_choice":"Removed Skill","damage_taken":0,"max_hp_gain":0,"max_hp_loss":0,"event_name":"Falling","floor":45,"gold_loss":0},{"damage_healed":0,"gold_gain":0,"player_choice":"Ignored","damage_taken":0,"max_hp_gain":0,"max_hp_loss":0,"event_name":"Tomb of Lord Red Mask","floor":48,"gold_loss":0}],"is_beta":false,"boss_relics":[{"not_picked":["HoveringKite","Pandora\u0027s Box"],"picked":"SlaversCollar"},{"not_picked":["Empty Cage","Black Star"],"picked":"Coffee Dripper"}],"items_purged_floors":[0,0,0,0,0,0,0,0,0,38,38],"is_endless":false,"potions_floor_spawned":[1,5,8,10,12,18,21,29,30,33,37,54],"ascension_level":0}}