{"host":"p0hktren06injwdf","time":1613336495,"event":{"mods":["AchievementEnabler","BaseMod","Colored Map","DeckTracker","Minty Spire (QoL Compilation)","Permanent Neow","StSLib","SuperFastMode"],"gold_per_floor":[117,137,148,165,165,165,181,181,208,243,243,243,272,289,289,363,363,382,382,21,31,31,31,31],"floor_reached":23,"language":"KOR","playtime":350,"items_purged":["Nirvana+1"],"score":506,"play_id":"9c9d40fa-c51f-4ad6-b001-1bad9808e6ba","local_time":"20210215060135","is_ascension_mode":true,"campfire_choices":[{"data":"Eruption","floor":6,"key":"SMITH"},{"data":"MentalFortress","floor":8,"key":"SMITH"},{"data":"Bandage Up","floor":12,"key":"SMITH"},{"data":"TalkToTheHand","floor":15,"key":"SMITH"}],"circlet_count":0,"master_deck":["AscendersBane","Strike_P","Strike_P","Defend_P","Defend_P","Eruption+1","Vigilance","Bandage Up+1","FlurryOfBlows","TalkToTheHand+1","Wallop","MentalFortress+1","Worship","Scrawl","BattleHymn+1","SignatureMove+1","CutThroughFate"],"relics":["PureWater","Ancient Tea Set","Damaru","Tiny Chest","Astrolabe","Dream Catcher","Yang"],"acts_visited":["Exordium","TheCity"],"potions_floor_usage":[5,13,22],"damage_taken":[{"damage":0,"enemies":"Jaw Worm","floor":1,"turns":4},{"damage":5,"enemies":"Small Slimes","floor":2,"turns":5},{"damage":0,"enemies":"Cultist","floor":3,"turns":3},{"damage":12,"enemies":"Blue Slaver","floor":4,"turns":6},{"damage":11,"enemies":"3 Louse","floor":7,"turns":3},{"damage":0,"enemies":"Gremlin Nob","floor":10,"turns":3},{"damage":0,"enemies":"Lagavulin","floor":13,"turns":5},{"damage":16,"enemies":"Lots of Slimes","floor":14,"turns":5},{"damage":36,"enemies":"The Guardian","floor":16,"turns":8},{"damage":25,"enemies":"Chosen","floor":18,"turns":5},{"damage":10,"enemies":"2 Thieves","floor":21,"turns":3},{"damage":0,"enemies":"Shelled Parasite and Fungi","floor":22,"turns":1},{"damage":0,"enemies":"Slavers","floor":23,"turns":1}],"seed_played":"6253857448045497482","potions_obtained":[{"floor":1,"key":"LiquidMemories"},{"floor":4,"key":"Fruit Juice"},{"floor":14,"key":"Regen Potion"},{"floor":18,"key":"Ancient Potion"},{"floor":21,"key":"SmokeBomb"}],"is_trial":false,"path_per_floor":["M","M","M","M","?","R","M","R","T","E","?","R","E","M","R","B",null,"M","?","$","M","M","E"],"character_chosen":"WATCHER","items_purchased":["Yang"],"campfire_rested":0,"item_purchase_floors":[20],"current_hp_per_floor":[65,63,67,59,69,69,62,62,62,62,55,55,61,51,51,21,64,45,45,45,41,41,47,47],"gold":31,"neow_bonus":"RANDOM_COLORLESS","is_daily":false,"chose_seed":false,"campfire_upgraded":4,"win_rate":0.0,"timestamp":1613336495,"path_taken":["M","M","M","M","?","R","M","R","T","E","?","R","E","M","R","BOSS","M","?","?","M","M","E"],"items_purchased_type":["Relic"],"build_version":"2020-12-22","purchased_purges":1,"victory":false,"max_hp_per_floor":[68,68,68,68,78,78,78,78,78,78,78,78,78,78,78,78,78,78,78,78,78,78,78,78],"card_choices":[{"not_picked":["Finesse","Dramatic Entrance"],"picked":"Bandage Up","floor":0},{"not_picked":["FlyingSleeves","Meditate"],"picked":"FlurryOfBlows","floor":1},{"not_picked":["Fasting2","ThirdEye"],"picked":"TalkToTheHand","floor":2},{"not_picked":["Prostrate","SashWhip"],"picked":"Wallop","floor":3},{"not_picked":["Crescendo","FlurryOfBlows","JustLucky"],"picked":"SKIP","floor":4},{"not_picked":["Crescendo","Halt"],"picked":"MentalFortress","floor":7},{"not_picked":["SashWhip","Wish","Crescendo"],"picked":"SKIP","floor":10},{"not_picked":["EmptyMind","BowlingBash","EmptyBody"],"picked":"SKIP","floor":13},{"not_picked":["Prostrate","EmptyBody"],"picked":"Worship","floor":14},{"not_picked":["Blasphemy","Brilliance"],"picked":"Scrawl","floor":16},{"not_picked":["JustLucky","Evaluate"],"picked":"CutThroughFate","floor":18},{"not_picked":["Meditate","Protect","ThirdEye"],"picked":"SKIP","floor":21}],"player_experience":1060573,"relics_obtained":[{"floor":9,"key":"Ancient Tea Set"},{"floor":10,"key":"Damaru"},{"floor":13,"key":"Tiny Chest"}],"event_choices":[{"damage_healed":0,"gold_gain":0,"player_choice":"Donut","damage_taken":0,"max_hp_gain":5,"max_hp_loss":0,"event_name":"Big Fish","floor":5,"gold_loss":0},{"cards_removed":["Defend_P"],"damage_healed":0,"gold_gain":0,"player_choice":"Card Removal","damage_taken":7,"max_hp_gain":0,"max_hp_loss":0,"event_name":"Golden Wing","floor":11,"gold_loss":0},{"damage_healed":0,"gold_gain":0,"player_choice":"Gave Potion","damage_taken":0,"relics_obtained":["Dream Catcher"],"max_hp_gain":0,"max_hp_loss":0,"event_name":"WeMeetAgain","floor":19,"gold_loss":0}],"is_beta":false,"boss_relics":[{"not_picked":["SacredBark","Fusion Hammer"],"picked":"Astrolabe"}],"items_purged_floors":[20],"is_endless":false,"potions_floor_spawned":[1,4,14,18,21],"killed_by":"Slavers","ascension_level":20}}