{"host":"su4bqgzf8ryjohfr","time":1613277617,"event":{"mods":["BaseMod","Minty Spire (QoL Compilation)"],"gold_per_floor":[115,132,142,153,103,132,2094,2094,2121,2132,846,846,876,876,876,976,976,916,113,113,132,148,148,160,160,185,185,196,206,238,153,153,255,255,270,2353,2365,2365,0,35,1816,1816,1816,1867,1895,1911,1911,1938,1938,1938,1938,1938,1125,1157,1157],"floor_reached":56,"language":"ENG","playtime":4509,"items_purged":["Strike_G","Strike_G","Defend_G","Strike_G","Strike_G+1","Defend_G"],"score":1496,"play_id":"ca2187c1-4793-453b-8a78-ddfce70f7802","local_time":"20210213234017","is_ascension_mode":true,"campfire_choices":[{"floor":8,"key":"REST"},{"floor":12,"key":"REST"},{"data":"Well Laid Plans","floor":15,"key":"SMITH"},{"data":"Burst","floor":23,"key":"SMITH"},{"floor":25,"key":"REST"},{"data":"Catalyst","floor":32,"key":"SMITH"},{"floor":47,"key":"RECALL"},{"floor":49,"key":"REST"},{"data":"Catalyst","floor":52,"key":"SMITH"}],"circlet_count":0,"master_deck":["Defend_G","Defend_G","Survivor","Neutralize","Catalyst+1","Outmaneuver","Bane+1","Poisoned Stab","Outmaneuver","Bane","Finesse","Blade Dance+1","Escape Plan","Outmaneuver","Envenom","Deadly Poison","Terror","Mayhem","Backflip","Phantasmal Killer","Well Laid Plans+1","Burst+1","Catalyst+1","Noxious Fumes","Backflip+1","Poisoned Stab","Deadly Poison","Flying Knee","Deadly Poison","Outmaneuver+1","Bullet Time","Poisoned Stab+1","Adrenaline","Prepared+1","Bouncing Flask+1","Footwork","Underhanded Strike+1","Escape Plan+1","Sadistic Nature","Clumsy","Deadly Poison+1","Backstab+1","Bouncing Flask+1"],"relics":["WristBlade","Dream Catcher","Shuriken","Kunai","Potion Belt","Bag of Marbles","Question Card","Medical Kit","Odd Mushroom","Snecko Eye","ClockworkSouvenir","Prayer Wheel","Juzu Bracelet","Ancient Tea Set","Nunchaku","Cursed Key","Whetstone","Letter Opener","Red Mask","Bag of Preparation","Sling","Vajra","Tough Bandages","Mercury Hourglass","Bronze Scales","HornCleat","DollysMirror","Happy Flower","Pear","Bottled Flame"],"acts_visited":["Exordium","TheCity","TheBeyond","TheEnding"],"potions_floor_usage":[4,13,13,16,16,16,21,24,28,29,40,45,50,55,55,55],"damage_taken":[{"damage":4,"enemies":"2 Louse","floor":1,"turns":3},{"damage":4,"enemies":"Small Slimes","floor":2,"turns":6},{"damage":5,"enemies":"Cultist","floor":3,"turns":6},{"damage":27,"enemies":"Gremlin Gang","floor":4,"turns":6},{"damage":24,"enemies":"Lagavulin","floor":6,"turns":10},{"damage":3,"enemies":"Exordium Wildlife","floor":10,"turns":3},{"damage":13,"enemies":"The Mushroom Lair","floor":13,"turns":4},{"damage":16,"enemies":"Hexaghost","floor":16,"turns":5},{"damage":33,"enemies":"2 Thieves","floor":18,"turns":4},{"damage":12,"enemies":"Chosen","floor":21,"turns":6},{"damage":3,"enemies":"Snecko","floor":22,"turns":4},{"damage":24,"enemies":"Snake Plant","floor":24,"turns":5},{"damage":14,"enemies":"Centurion and Healer","floor":28,"turns":6},{"damage":4,"enemies":"3 Cultists","floor":29,"turns":5},{"damage":73,"enemies":"Slavers","floor":30,"turns":6},{"damage":60,"enemies":"Automaton","floor":33,"turns":8},{"damage":50,"enemies":"3 Shapes","floor":35,"turns":4},{"damage":0,"enemies":"Orb Walker","floor":37,"turns":2},{"damage":13,"enemies":"Giant Head","floor":40,"turns":5},{"damage":1,"enemies":"2 Orb Walkers","floor":44,"turns":3},{"damage":35,"enemies":"Nemesis","floor":45,"turns":3},{"damage":35,"enemies":"Writhing Mass","floor":46,"turns":3},{"damage":28,"enemies":"Reptomancer","floor":48,"turns":4},{"damage":55,"enemies":"Time Eater","floor":50,"turns":7},{"damage":51,"enemies":"Shield and Spear","floor":54,"turns":4},{"damage":49,"enemies":"The Heart","floor":55,"turns":5}],"seed_played":"4307027534272091344","potions_obtained":[{"floor":1,"key":"AttackPotion"},{"floor":3,"key":"Poison Potion"},{"floor":6,"key":"FearPotion"},{"floor":13,"key":"Strength Potion"},{"floor":22,"key":"SkillPotion"},{"floor":28,"key":"Weak Potion"},{"floor":30,"key":"FairyPotion"},{"floor":33,"key":"CunningPotion"},{"floor":37,"key":"AttackPotion"},{"floor":45,"key":"ColorlessPotion"}],"is_trial":false,"path_per_floor":["M","M","M","M","?","E","$","R","T","M","$","R","?","?","R","B",null,"M","$","T","M","M","R","M","R","T","?","M","M","E","?","R","B",null,"M","$","M","?","?","E","$","?","T","?","E","M","R","E","R","B",null,"R","$","E","B",null],"character_chosen":"THE_SILENT","items_purchased":["Shuriken","Kunai","Bane","Finesse","Blade Dance","Bag of Marbles","Question Card","Medical Kit","Regen Potion","Weak Potion","SkillPotion","Envenom","Deadly Poison","Terror","Mayhem","ClockworkSouvenir","Prayer Wheel","Regen Potion","GhostInAJar","SteroidPotion","Whetstone","Letter Opener","Footwork","Sling","Vajra","Tough Bandages","LiquidBronze","Energy Potion","DollysMirror","Happy Flower","Pear","Swift Potion"],"campfire_rested":4,"item_purchase_floors":[7,7,7,7,7,11,11,11,11,11,11,11,11,11,11,19,19,19,19,19,36,36,36,41,41,41,41,41,53,53,53,53],"current_hp_per_floor":[66,62,57,30,30,6,6,27,27,24,24,45,41,41,41,25,70,37,37,37,39,36,36,12,33,33,33,19,15,52,52,52,21,70,20,20,20,20,20,7,7,7,7,6,26,43,43,15,36,36,70,70,80,29,35],"gold":1157,"neow_bonus":"BOSS_RELIC","is_daily":false,"chose_seed":false,"campfire_upgraded":4,"win_rate":0.0,"timestamp":1613277617,"path_taken":["M","M","M","M","?","E","$","R","T","M","$","R","?","?","R","BOSS","M","$","?","M","?","R","M","R","T","?","M","M","E","?","R","BOSS","M","$","M","?","?","E","$","?","T","?","E","M","R","E","R","BOSS","R","$","E","BOSS"],"items_purchased_type":["Relic","Relic","Card","Card","Card","Relic","Relic","Relic","Potion","Potion","Potion","Card","Card","Card","Card","Relic","Relic","Potion","Potion","Potion","Relic","Relic","Card","Relic","Relic","Relic","Potion","Potion","Relic","Relic","Relic","Potion"],"build_version":"2020-12-22","purchased_purges":6,"victory":true,"max_hp_per_floor":[70,70,70,70,70,70,70,70,70,70,70,70,70,70,70,70,70,70,70,70,70,70,70,70,70,70,70,70,70,70,70,70,70,70,70,70,70,70,70,70,70,70,70,70,70,70,70,70,70,70,70,70,80,80,80],"card_choices":[{"not_picked":["Distraction","Dagger Throw"],"picked":"Catalyst","floor":1},{"not_picked":["Blur","Slice"],"picked":"Outmaneuver","floor":2},{"not_picked":["Slice","Leg Sweep"],"picked":"Bane","floor":3},{"not_picked":["Underhanded Strike","Sucker Punch"],"picked":"Poisoned Stab","floor":4},{"not_picked":["Sucker Punch","Dodge and Roll"],"picked":"Outmaneuver","floor":6},{"not_picked":["Dagger Spray","Prepared"],"picked":"Escape Plan","floor":8},{"not_picked":["PiercingWail","Masterful Stab"],"picked":"Outmaneuver","floor":10},{"not_picked":["Acrobatics","Choke","Dagger Throw"],"picked":"Backflip","floor":12},{"not_picked":["Calculated Gamble","Backflip","Sucker Punch"],"picked":"Phantasmal Killer","floor":13},{"not_picked":["Wraith Form v2","Envenom","Venomology"],"picked":"Burst","floor":16},{"not_picked":["Prepared+1","Deflect","Flying Knee"],"picked":"Catalyst","floor":18},{"not_picked":["Footwork","Deflect","Blade Dance"],"picked":"Noxious Fumes","floor":21},{"not_picked":["Quick Slash","Reflex","Finisher+1"],"picked":"Backflip+1","floor":21},{"not_picked":["Flying Knee","Prepared","Caltrops"],"picked":"Poisoned Stab","floor":22},{"not_picked":["Slice","Riddle With Holes+1","Prepared","Flying Knee"],"picked":"SKIP","floor":22},{"not_picked":["Bane","Flechettes","Prepared"],"picked":"Deadly Poison","floor":24},{"not_picked":["Reflex","Blur","Escape Plan","Choke"],"picked":"SKIP","floor":24},{"not_picked":["Calculated Gamble","Leg Sweep","Dodge and Roll"],"picked":"Flying Knee","floor":25},{"not_picked":["Prepared","Choke+1","Sucker Punch"],"picked":"Deadly Poison","floor":28},{"not_picked":["Blur","Catalyst","Dodge and Roll"],"picked":"Outmaneuver+1","floor":28},{"not_picked":["Underhanded Strike","Acrobatics","Finisher"],"picked":"Bullet Time","floor":29},{"not_picked":["Eviscerate","Acrobatics","Caltrops","Backflip"],"picked":"SKIP","floor":29},{"not_picked":["Deflect","Dagger Spray+1","Calculated Gamble"],"picked":"Poisoned Stab+1","floor":30},{"not_picked":["Venomology","Night Terror","After Image"],"picked":"Adrenaline","floor":33},{"not_picked":["PiercingWail+1","Bane","Catalyst"],"picked":"Prepared+1","floor":35},{"not_picked":["Dagger Throw","Skewer","Leg Sweep+1"],"picked":"Bouncing Flask+1","floor":35},{"not_picked":["Unload","Calculated Gamble+1","Tactician"],"picked":"Underhanded Strike+1","floor":37},{"not_picked":["Poisoned Stab","Underhanded Strike","Deflect"],"picked":"Escape Plan+1","floor":37},{"not_picked":["Deflect+1","Flying Knee","Backflip+1","Blade Dance"],"picked":"SKIP","floor":40},{"not_picked":["Madness","Chrysalis","Impatience"],"picked":"Sadistic Nature","floor":42},{"not_picked":["Riddle With Holes","Dagger Throw","Blur+1"],"picked":"Deadly Poison+1","floor":44},{"not_picked":["Poisoned Stab","Flying Knee","Skewer","PiercingWail+1"],"picked":"SKIP","floor":45},{"not_picked":["Caltrops+1","Sucker Punch+1","Footwork+1"],"picked":"Backstab+1","floor":46},{"not_picked":["Well Laid Plans","Acrobatics","Venomology","Slice+1"],"picked":"SKIP","floor":46},{"not_picked":["Well Laid Plans+1","Endless Agony+1","Escape Plan","Finisher"],"picked":"SKIP","floor":48},{"not_picked":["Bullet Time","Phantasmal Killer","Tools of the Trade","Backflip+1"],"picked":"SKIP","floor":54}],"player_experience":47707,"relics_obtained":[{"floor":6,"key":"Dream Catcher"},{"floor":9,"key":"Potion Belt"},{"floor":13,"key":"Odd Mushroom"},{"floor":26,"key":"Juzu Bracelet"},{"floor":30,"key":"Ancient Tea Set"},{"floor":40,"key":"Bag of Preparation"},{"floor":43,"key":"Mercury Hourglass"},{"floor":45,"key":"Bronze Scales"},{"floor":48,"key":"HornCleat"},{"floor":54,"key":"Bottled Flame"}],"event_choices":[{"cards_removed":["Defend_G"],"damage_healed":0,"gold_gain":0,"player_choice":"Card Removal","damage_taken":0,"max_hp_gain":0,"max_hp_loss":0,"event_name":"The Cleric","floor":5,"gold_loss":50},{"damage_healed":0,"gold_gain":0,"player_choice":"Fought Mushrooms","damage_taken":0,"max_hp_gain":0,"max_hp_loss":0,"event_name":"Mushrooms","floor":13,"gold_loss":0},{"damage_healed":0,"gold_gain":0,"cards_transformed":["Strike_G"],"player_choice":"Transformed","damage_taken":0,"max_hp_gain":0,"max_hp_loss":0,"event_name":"Transmorgrifier","floor":14,"gold_loss":0,"cards_obtained":["Well Laid Plans"]},{"damage_healed":0,"gold_gain":0,"player_choice":"Ignored","damage_taken":0,"max_hp_gain":0,"max_hp_loss":0,"event_name":"Vampires","floor":27,"gold_loss":0},{"damage_healed":0,"gold_gain":0,"player_choice":"Obtained Relic","damage_taken":0,"relics_obtained":["Nunchaku"],"max_hp_gain":0,"max_hp_loss":0,"event_name":"Addict","floor":31,"gold_loss":85},{"damage_healed":0,"gold_gain":0,"player_choice":"Forge","damage_taken":0,"max_hp_gain":0,"max_hp_loss":0,"event_name":"Accursed Blacksmith","floor":38,"gold_loss":0,"cards_upgraded":["Blade Dance"]},{"damage_healed":0,"gold_gain":0,"player_choice":"Paid","damage_taken":0,"relics_obtained":["Red Mask"],"max_hp_gain":0,"max_hp_loss":0,"event_name":"Tomb of Lord Red Mask","floor":39,"gold_loss":2365},{"damage_healed":0,"gold_gain":0,"player_choice":"Memory 1","damage_taken":0,"max_hp_gain":0,"max_hp_loss":0,"event_name":"SensoryStone","floor":42,"gold_loss":0},{"damage_healed":0,"gold_gain":0,"player_choice":"Fight","damage_taken":0,"max_hp_gain":0,"max_hp_loss":0,"event_name":"Mysterious Sphere","floor":44,"gold_loss":0}],"is_beta":false,"boss_relics":[{"not_picked":["Busted Crown","Fusion Hammer"],"picked":"Snecko Eye"},{"not_picked":["Velvet Choker","Coffee Dripper"],"picked":"Cursed Key"}],"items_purged_floors":[7,11,19,36,41,53],"is_endless":false,"potions_floor_spawned":[1,3,6,13,22,28,30,33,37,44,45],"ascension_level":2}}