{"host":"y36bp6mnm73x3iob","time":1613295172,"event":{"mods":["2.2 Compatiblity","Aspiration","BaseMod","Bossed Relics","Downfall","GifTheSpireLib","Hermit","Minty Spire (QoL Compilation)","Reliquary","StSLib"],"gold_per_floor":[115,129,144,70,88,88,118,132,132,307,307,307,338,353,353,474,474,474,474],"floor_reached":18,"language":"ENG","playtime":793,"items_purged":[],"score":198,"play_id":"03c1e7af-9227-4882-ad5e-9531cb928987","local_time":"20210214113252","is_ascension_mode":true,"campfire_choices":[{"data":"Noxious Fumes","floor":6,"key":"SMITH"},{"floor":15,"key":"REST"}],"circlet_count":0,"master_deck":["Strike_G","Strike_G","Strike_G","Strike_G","Strike_G","Defend_G","Defend_G","Defend_G","Defend_G","Defend_G","Survivor","Neutralize","Well Laid Plans","Dagger Spray","Quick Slash","Noxious Fumes+1","Footwork","Catalyst","PiercingWail","A Thousand Cuts","Tools of the Trade"],"relics":["Ring of the Serpent","Anchor","reliquary:NewFriend","Anchor","White Beast Statue","reliquary:IridiumChain"],"acts_visited":["Exordium","TheCity"],"potions_floor_usage":[7,7,8,16,16],"damage_taken":[{"damage":0,"enemies":"Cultist","floor":1,"turns":4},{"damage":1,"enemies":"2 Louse","floor":2,"turns":3},{"damage":6,"enemies":"Jaw Worm","floor":3,"turns":4},{"damage":3,"enemies":"Looter","floor":5,"turns":5},{"damage":9,"enemies":"3 Sentries","floor":7,"turns":5},{"damage":21,"enemies":"Exordium Thugs","floor":8,"turns":5},{"damage":8,"enemies":"Lagavulin","floor":13,"turns":9},{"damage":0,"enemies":"Exordium Wildlife","floor":14,"turns":4},{"damage":25,"enemies":"Slime Boss","floor":16,"turns":11},{"damage":0,"enemies":"2 Thieves","floor":18,"turns":1}],"seed_played":"-8173788171421134138","potions_obtained":[{"floor":1,"key":"hexamod:SoulburnPotion"},{"floor":5,"key":"Dexterity Potion"},{"floor":7,"key":"Explosive Potion"},{"floor":8,"key":"Guardian:BlockOnCardUsePotion"},{"floor":13,"key":"Dexterity Potion"},{"floor":14,"key":"ColorlessPotion"},{"floor":16,"key":"SteroidPotion"}],"is_trial":false,"path_per_floor":["M","M","M","$","M","R","E","M","T","?","?","T","E","M","R","B",null,"M"],"character_chosen":"THE_SILENT","items_purchased":["Noxious Fumes"],"campfire_rested":1,"item_purchase_floors":[4],"current_hp_per_floor":[70,69,63,63,60,60,51,30,30,30,30,30,22,22,43,18,70,70,70],"gold":474,"neow_bonus":"RANDOM_COMMON_RELIC","is_daily":false,"chose_seed":false,"campfire_upgraded":1,"win_rate":0.0,"timestamp":1613295172,"path_taken":["M","?","?","?","M","R","E","M","T","?","?","?","E","?","R","BOSS","M"],"items_purchased_type":["Card"],"build_version":"2020-12-22","purchased_purges":0,"victory":false,"max_hp_per_floor":[70,70,70,70,70,70,70,70,70,70,70,70,70,70,70,70,70,70,70],"card_choices":[{"not_picked":["Poisoned Stab","Sucker Punch"],"picked":"Well Laid Plans","floor":1},{"not_picked":["PiercingWail","All Out Attack"],"picked":"Dagger Spray","floor":2},{"not_picked":["Bane","Expertise"],"picked":"Quick Slash","floor":3},{"not_picked":["Acrobatics","Prepared"],"picked":"Footwork","floor":5},{"not_picked":["Flying Knee","Slice"],"picked":"Catalyst","floor":7},{"not_picked":["Expertise","Deflect"],"picked":"PiercingWail","floor":8},{"not_picked":["Heel Hook","Concentrate"],"picked":"A Thousand Cuts","floor":13},{"not_picked":["Flying Knee","Quick Slash","Predator"],"picked":"SKIP","floor":14},{"not_picked":["A Thousand Cuts","Die Die Die"],"picked":"Tools of the Trade","floor":16}],"player_experience":576635,"relics_obtained":[{"floor":7,"key":"reliquary:NewFriend"},{"floor":9,"key":"reliquary:SculptingSteel"},{"floor":12,"key":"White Beast Statue"},{"floor":13,"key":"reliquary:IridiumChain"}],"event_choices":[{"damage_healed":0,"gold_gain":175,"player_choice":"AGREE","damage_taken":0,"max_hp_gain":0,"max_hp_loss":0,"event_name":"Liars Game","floor":10,"gold_loss":0,"cards_obtained":["Doubt"]},{"cards_removed":["Doubt"],"damage_healed":0,"gold_gain":0,"player_choice":"Forget","damage_taken":0,"max_hp_gain":0,"max_hp_loss":0,"event_name":"Living Wall","floor":11,"gold_loss":0}],"is_beta":false,"boss_relics":[{"not_picked":["Velvet Choker","Empty Cage"],"picked":"Ring of the Serpent"}],"items_purged_floors":[],"is_endless":false,"potions_floor_spawned":[1,5,7,8,13,14,16],"killed_by":"2 Thieves","ascension_level":3}}