{"host":"y0i0tbisecj7yjyn","time":1613291935,"event":{"mods":["AchievementEnabler","AlwaysNeverKeys","BaseMod","BetterRewards","Colored Map","Colored Powertips","Curses Come First","Disable Question Mark Monsters","Displayed Cursed Tome","Highlight Path","Keyboard Shortcuts","Minty Spire (QoL Compilation)","Quick Restart","Random Character Button","Rare Cards Sparkle","StSLib","SuperFastMode","Transform Curses","Weighted Paths"],"gold_per_floor":[117,135,14,14,14,14,14,14,14,39,51,6,22,37,37,137,137,152,163,174,174,174,174],"floor_reached":22,"language":"ENG","playtime":743,"items_purged":[],"score":232,"play_id":"c8193542-5661-4d39-b558-7426ac3e148c","local_time":"20210214023855","is_ascension_mode":true,"campfire_choices":[{"data":"Bouncing Flask","floor":6,"key":"SMITH"},{"data":"1","floor":15,"key":"LIFT"}],"circlet_count":0,"master_deck":["Strike_G+1","Strike_G","Strike_G","Strike_G","Strike_G","Defend_G","Defend_G","Defend_G+1","Defend_G","Defend_G","Survivor","Neutralize","Poisoned Stab+1","Bouncing Flask+1","Catalyst","Outmaneuver","Poisoned Stab","Crippling Poison","Concentrate","Adrenaline","Deflect","Tactician+1"],"relics":["Ring of the Snake","NeowsBlessing","Girya","Busted Crown","Nloth\u0027s Gift"],"acts_visited":["TheCity"],"potions_floor_usage":[16,16,20,20],"damage_taken":[{"damage":0,"enemies":"Small Slimes","floor":1,"turns":1},{"damage":0,"enemies":"Cultist","floor":2,"turns":1},{"damage":0,"enemies":"Lagavulin","floor":10,"turns":1},{"damage":7,"enemies":"Jaw Worm","floor":11,"turns":2},{"damage":14,"enemies":"Lots of Slimes","floor":13,"turns":4},{"damage":11,"enemies":"Looter","floor":14,"turns":3},{"damage":27,"enemies":"Slime Boss","floor":16,"turns":10},{"damage":33,"enemies":"2 Thieves","floor":18,"turns":4},{"damage":2,"enemies":"Chosen","floor":19,"turns":4},{"damage":37,"enemies":"Snecko","floor":20,"turns":5},{"damage":17,"enemies":"Shelled Parasite and Fungi","floor":22,"turns":2}],"seed_played":"1597879693674218273","potions_obtained":[{"floor":2,"key":"CunningPotion"},{"floor":11,"key":"FearPotion"},{"floor":13,"key":"Regen Potion"},{"floor":18,"key":"Energy Potion"}],"is_trial":false,"path_per_floor":["M","M","$","?","?","R","?","?","T","E","M","$","M","M","R","B",null,"M","M","M","?","M"],"character_chosen":"THE_SILENT","items_purchased":["Poisoned Stab","Bouncing Flask","Poisoned Stab"],"campfire_rested":0,"item_purchase_floors":[3,3,12],"current_hp_per_floor":[70,70,70,56,61,61,61,70,70,80,73,73,59,48,48,21,80,47,45,17,17,0,0],"gold":174,"neow_bonus":"THREE_ENEMY_KILL","is_daily":false,"chose_seed":false,"campfire_upgraded":1,"win_rate":0.0,"timestamp":1613291935,"path_taken":["M","M","$","?","?","R","?","?","T","E","M","?","M","M","R","BOSS","M","?","M","?","?"],"items_purchased_type":["Card","Card","Card"],"build_version":"2020-12-22","purchased_purges":0,"victory":false,"max_hp_per_floor":[70,70,70,70,70,70,70,70,70,80,80,80,80,80,80,80,80,80,80,80,80,80,80],"card_choices":[{"not_picked":["Outmaneuver","Escape Plan"],"picked":"Underhanded Strike","floor":1},{"not_picked":["Backflip","Setup","Skewer"],"picked":"SKIP","floor":2},{"not_picked":["Underhanded Strike","Dash"],"picked":"Catalyst","floor":10},{"not_picked":["Leg Sweep","Deflect"],"picked":"Outmaneuver","floor":11},{"not_picked":["Flying Knee","Escape Plan"],"picked":"Crippling Poison","floor":13},{"not_picked":["Prepared","Slice"],"picked":"Concentrate","floor":14},{"not_picked":["Tools of the Trade","Glass Knife"],"picked":"Adrenaline","floor":16},{"not_picked":["Skewer"],"picked":"SKIP","floor":18},{"not_picked":[],"picked":"Deflect","floor":19},{"not_picked":[],"picked":"Tactician+1","floor":20}],"player_experience":453316,"relics_obtained":[{"floor":9,"key":"Girya"},{"floor":10,"key":"Pear"}],"event_choices":[{"damage_healed":0,"gold_gain":0,"player_choice":"Entered Light","damage_taken":14,"max_hp_gain":0,"max_hp_loss":0,"event_name":"Shining Light","floor":4,"gold_loss":0,"cards_upgraded":["Strike_G","Defend_G"]},{"cards_removed":["Underhanded Strike"],"damage_healed":5,"gold_gain":0,"player_choice":"Offered Common","damage_taken":0,"max_hp_gain":0,"max_hp_loss":0,"event_name":"Bonfire Elementals","floor":5,"gold_loss":0},{"cards_removed":["Underhanded Strike"],"damage_healed":5,"gold_gain":0,"player_choice":"Offered Special","damage_taken":0,"max_hp_gain":0,"max_hp_loss":0,"event_name":"Bonfire Elementals","floor":5,"gold_loss":0},{"damage_healed":0,"gold_gain":0,"player_choice":"Grow","damage_taken":0,"max_hp_gain":0,"max_hp_loss":0,"event_name":"Living Wall","floor":7,"gold_loss":0,"cards_upgraded":["Poisoned Stab"]},{"damage_healed":23,"gold_gain":0,"player_choice":"Banana","damage_taken":0,"max_hp_gain":0,"max_hp_loss":0,"event_name":"Big Fish","floor":8,"gold_loss":0},{"damage_healed":0,"gold_gain":0,"player_choice":"Traded Relic","damage_taken":0,"relics_obtained":["Nloth\u0027s Gift"],"max_hp_gain":0,"max_hp_loss":0,"event_name":"N\u0027loth","floor":21,"relics_lost":["Pear"],"gold_loss":0}],"is_beta":false,"boss_relics":[{"not_picked":["HoveringKite","Runic Pyramid"],"picked":"Busted Crown"}],"items_purged_floors":[],"is_endless":false,"potions_floor_spawned":[2,11,13,18],"killed_by":"Shelled Parasite and Fungi","ascension_level":2}}