{"host":"xumidyqji6pg2yy3","time":1613303300,"event":{"mods":["Act Like it!","BaseMod","Gensokyo","Marisa（F雨　魔理沙）","Minty Spire (QoL Compilation)","StSLib","[功能]功能增强和修复MOD"],"gold_per_floor":[117,217,217,231,100,100,131,131,131,157,157,170,181,193,193,193,193],"floor_reached":16,"language":"ZHS","playtime":838,"items_purged":[],"score":141,"play_id":"3079ad05-12b6-4001-ad84-31e4f23a15c3","local_time":"20210214194820","is_ascension_mode":true,"campfire_choices":[{"data":"DoubleSpark","floor":6,"key":"SMITH"},{"data":"BlazeAway","floor":8,"key":"SMITH"},{"data":"UpSweep","floor":11,"key":"SMITH"},{"floor":15,"key":"REST"}],"circlet_count":0,"master_deck":["Strike_MRS","Strike_MRS","Strike_MRS","Strike_MRS","Defend_MRS","Defend_MRS","Defend_MRS","Defend_MRS","MasterSpark","UpSweep+1","DoubleSpark+1","BlazeAway+1","PropBag","DarkMatter"],"relics":["MiniHakkero","NeowsBlessing","Ice Cream","Happy Flower","Centennial Puzzle","Boot","WingedGreaves","AmplifyWand"],"acts_visited":["Exordium"],"potions_floor_usage":[10,16,16],"damage_taken":[{"damage":0,"enemies":"Gensokyo:2_Kodama","floor":1,"turns":1},{"damage":0,"enemies":"Gensokyo:3_Fairies","floor":4,"turns":1},{"damage":0,"enemies":"Gensokyo:Mamizou","floor":7,"turns":2},{"damage":27,"enemies":"Gensokyo:Cirno","floor":10,"turns":7},{"damage":7,"enemies":"Gensokyo:Gryphon","floor":12,"turns":2},{"damage":0,"enemies":"Gensokyo:VengefulSpirit","floor":13,"turns":2},{"damage":5,"enemies":"Gensokyo:3_Kodama","floor":14,"turns":3},{"damage":62,"enemies":"Gensokyo:Reimu","floor":16,"turns":11}],"seed_played":"-885815645621855982","potions_obtained":[{"floor":4,"key":"ColorlessPotion"},{"floor":7,"key":"PowerPotion"},{"floor":13,"key":"Weak Potion"},{"floor":14,"key":"Energy Potion"}],"is_trial":false,"path_per_floor":["M","?","?","M","COS","R","E","R","T","E","R","M","M","M","R","B"],"character_chosen":"MARISA","items_purchased":[],"campfire_rested":1,"item_purchase_floors":[],"current_hp_per_floor":[75,75,75,75,75,75,75,75,75,48,48,41,41,36,58,0,0],"gold":193,"neow_bonus":"THREE_ENEMY_KILL","is_daily":false,"chose_seed":false,"campfire_upgraded":3,"win_rate":0.0,"timestamp":1613303300,"path_taken":["M","?","?","?","COS","R","E","R","T","E","R","M","?","?","R","BOSS"],"items_purchased_type":[],"build_version":"2020-12-22","purchased_purges":0,"victory":false,"max_hp_per_floor":[75,75,75,75,75,75,75,75,75,75,75,75,75,75,75,75,75],"card_choices":[{"not_picked":["SporeBomb","EnergyRecoil","MysteriousBeam"],"picked":"SKIP","floor":1},{"not_picked":["LuminesStrike","GrandCross"],"picked":"DoubleSpark","floor":4},{"not_picked":["OneTimeOff","Orbital"],"picked":"BlazeAway","floor":7},{"not_picked":["Orbital","ChargeUpSpray","Occultation"],"picked":"SKIP","floor":10},{"not_picked":["ShootingEcho","OneTimeOff","LuminesStrike"],"picked":"SKIP","floor":12},{"not_picked":["LuminesStrike","ShootTheMoon"],"picked":"PropBag","floor":13},{"not_picked":["IllusionStar","PowerUp"],"picked":"DarkMatter","floor":14}],"player_experience":73762,"relics_obtained":[{"floor":7,"key":"Ice Cream"},{"floor":9,"key":"Happy Flower"},{"floor":10,"key":"Centennial Puzzle"}],"event_choices":[],"is_beta":false,"boss_relics":[],"items_purged_floors":[],"is_endless":false,"potions_floor_spawned":[4,7,13,14],"killed_by":"Gensokyo:Reimu","ascension_level":1}}