{"host":"bsgp9wgausrmthh2","time":1613328571,"event":{"mods":["AchievementEnabler","BaseMod","Colored Map","Minty Spire (QoL Compilation)","StSLib"],"gold_per_floor":[118,136,152,152,165,165,182,204,204,229,229,245,245,27,27,124,124,134,151,171,17,28,28,28,46,46,46,58,100,100,125,125,226,226,245,259,89,144,144,188,188,188,188,188,188,288,288,303,303,303,303,303,3,3,3],"floor_reached":54,"language":"ENG","playtime":5266,"items_purged":[],"score":664,"play_id":"cb4ab67e-a182-4c3d-a258-46eeb1804b05","local_time":"20210214134931","is_ascension_mode":false,"campfire_choices":[{"floor":6.0,"key":"RECALL"},{"data":"Eruption","floor":11.0,"key":"SMITH"},{"floor":13.0,"key":"REST"},{"data":"Devotion","floor":15.0,"key":"SMITH"},{"data":"Wish","floor":23.0,"key":"SMITH"},{"data":"Crescendo","floor":30.0,"key":"SMITH"},{"floor":32.0,"key":"REST"},{"floor":42,"key":"REST"},{"floor":44,"key":"REST"},{"data":"SashWhip","floor":47,"key":"SMITH"},{"data":"Conclude","floor":49,"key":"SMITH"},{"data":"Protect","floor":52,"key":"SMITH"}],"circlet_count":0,"master_deck":["Strike_P","Strike_P","Strike_P","Strike_P","Defend_P","Defend_P","Defend_P","Defend_P","Eruption+1","Vigilance","Prostrate","Tantrum","InnerPeace","Crescendo+1","CutThroughFate","CrushJoints","Protect+1","FlurryOfBlows","Wallop","Devotion+1","Wish+1","EmptyFist+1","BattleHymn+1","Halt+1","ThirdEye","ClearTheMind","SashWhip+1","WindmillStrike+1","Judgement","InnerPeace+1","TalkToTheHand+1","FlurryOfBlows","SandsOfTime","Evaluate","Writhe","Conclude+1","CrushJoints","Nirvana","Halt"],"relics":["PureWater","HornCleat","Odd Mushroom","Blood Vial","Philosopher\u0027s Stone","Lantern","Toy Ornithopter","Letter Opener","Nloth\u0027s Gift","Bag of Marbles","Sozu","OrangePellets","Gambling Chip","Yang","Oddly Smooth Stone","Strange Spoon"],"acts_visited":["Exordium","TheCity","TheBeyond","TheEnding"],"potions_floor_usage":[],"damage_taken":[{"damage":0.0,"enemies":"Jaw Worm","floor":1.0,"turns":1.0},{"damage":0.0,"enemies":"Small Slimes","floor":2.0,"turns":1.0},{"damage":0.0,"enemies":"Cultist","floor":3.0,"turns":1.0},{"damage":4.0,"enemies":"3 Louse","floor":5.0,"turns":3.0},{"damage":12.0,"enemies":"Gremlin Gang","floor":7.0,"turns":4.0},{"damage":0.0,"enemies":"The Mushroom Lair","floor":8.0,"turns":3.0},{"damage":13.0,"enemies":"3 Sentries","floor":10.0,"turns":9.0},{"damage":11.0,"enemies":"Exordium Wildlife","floor":12.0,"turns":2.0},{"damage":33.0,"enemies":"The Guardian","floor":16.0,"turns":7.0},{"damage":11.0,"enemies":"2 Thieves","floor":18.0,"turns":4.0},{"damage":6.0,"enemies":"Shell Parasite","floor":19.0,"turns":3.0},{"damage":6.0,"enemies":"Snecko","floor":20.0,"turns":4.0},{"damage":13.0,"enemies":"Chosen and Byrds","floor":22.0,"turns":4.0},{"damage":7.0,"enemies":"Shelled Parasite and Fungi","floor":25.0,"turns":3.0},{"damage":0.0,"enemies":"Cultist and Chosen","floor":28.0,"turns":4.0},{"damage":0.0,"enemies":"Snake Plant","floor":29.0,"turns":3.0},{"damage":31.0,"enemies":"Automaton","floor":33.0,"turns":6.0},{"damage":2.0,"enemies":"Orb Walker","floor":35.0,"turns":3.0},{"damage":0.0,"enemies":"3 Shapes","floor":36.0,"turns":3.0},{"damage":27.0,"enemies":"2 Orb Walkers","floor":38.0,"turns":4.0},{"damage":29,"enemies":"Maw","floor":40,"turns":5},{"damage":0,"enemies":"Jaw Worm Horde","floor":48,"turns":3},{"damage":43,"enemies":"Donu and Deca","floor":50,"turns":8},{"damage":72,"enemies":"Shield and Spear","floor":54,"turns":5}],"seed_played":"224586393712161216","potions_obtained":[{"floor":2.0,"key":"Block Potion"},{"floor":7.0,"key":"FearPotion"},{"floor":10.0,"key":"FearPotion"},{"floor":16.0,"key":"Strength Potion"},{"floor":20.0,"key":"EntropicBrew"},{"floor":28.0,"key":"SteroidPotion"},{"floor":29.0,"key":"Ancient Potion"},{"floor":33.0,"key":"BottledMiracle"}],"is_trial":false,"path_per_floor":["M","M","M","?","M","R","M","?","T","E","R","M","R","$","R","B",null,"M","M","M","$","M","R","?","M","T","?","M","M","R","T","R","B",null,"M","M","$","?","?","M","T","R","T","R","?","?","R","M","R","B",null,"R","$","E"],"character_chosen":"WATCHER","items_purchased":["Wallop","Devotion","Lantern","OrangePellets","FlurryOfBlows","CrushJoints","Nirvana","Strange Spoon","Halt"],"campfire_rested":4,"item_purchase_floors":[14,14,21,37,37,53,53,53,53],"current_hp_per_floor":[72,72,72,69,65,65,53,53,53,40,40,31,52,52,52,21,72,61,57,53,53,42,42,42,42,42,42,44,46,46,46,67,38,72,70,72,72,45,45,18,18,39,39,60,72,72,72,72,72,29,72,72,72,0,0],"gold":3,"neow_bonus":"THREE_ENEMY_KILL","is_daily":false,"chose_seed":false,"campfire_upgraded":7,"win_rate":0.0,"timestamp":1613328571,"path_taken":["M","M","M","?","M","R","M","?","T","E","R","M","R","?","R","BOSS","M","M","M","$","M","R","?","?","T","?","?","M","R","?","R","BOSS","M","M","$","?","?","?","?","R","T","R","?","?","R","?","R","BOSS","R","$","E"],"items_purchased_type":["Card","Card","Relic","Relic","Card","Card","Card","Relic","Card"],"build_version":"2020-12-22","purchased_purges":0,"victory":false,"max_hp_per_floor":[72,72,72,72,72,72,72,72,72,72,72,72,72,72,72,72,72,72,72,72,72,72,72,72,72,72,72,72,72,72,72,72,72,72,72,72,72,72,72,72,72,72,72,72,72,72,72,72,72,72,72,72,72,72,72],"card_choices":[{"not_picked":["PathToVictory","Study"],"picked":"Prostrate","floor":1.0},{"not_picked":["Consecrate","MentalFortress"],"picked":"Tantrum","floor":2.0},{"not_picked":["Scrawl","CarveReality"],"picked":"InnerPeace","floor":3.0},{"not_picked":["FollowUp","Perseverance"],"picked":"Crescendo","floor":5.0},{"not_picked":["Adaptation","Crescendo"],"picked":"CutThroughFate","floor":7.0},{"not_picked":["FlyingSleeves","BowlingBash"],"picked":"CrushJoints","floor":8.0},{"not_picked":["Prostrate","BowlingBash"],"picked":"Protect","floor":10.0},{"not_picked":["Evaluate","Crescendo"],"picked":"FlurryOfBlows","floor":12.0},{"not_picked":["Judgement","Blasphemy"],"picked":"Wish","floor":16.0},{"not_picked":["CrushJoints","ThirdEye"],"picked":"EmptyFist+1","floor":18.0},{"not_picked":["Prostrate","Indignation"],"picked":"BattleHymn+1","floor":19.0},{"not_picked":["Protect","EmptyFist"],"picked":"Halt+1","floor":20.0},{"not_picked":["Blasphemy","Nirvana"],"picked":"ThirdEye","floor":22.0},{"not_picked":["DeceiveReality","Pray"],"picked":"ClearTheMind","floor":25.0},{"not_picked":["ThirdEye","ClearTheMind"],"picked":"SashWhip","floor":28.0},{"not_picked":["LikeWater+1","EmptyFist"],"picked":"WindmillStrike+1","floor":29.0},{"not_picked":["Vault","Blasphemy"],"picked":"Judgement","floor":33.0},{"not_picked":["Collect+1","Halt+1"],"picked":"InnerPeace+1","floor":35.0},{"not_picked":["Swivel","SashWhip"],"picked":"TalkToTheHand+1","floor":36.0},{"not_picked":["Prostrate","SashWhip+1"],"picked":"SandsOfTime","floor":38},{"not_picked":["PathToVictory","Prostrate"],"picked":"Evaluate","floor":40},{"not_picked":["PathToVictory+1","Establishment"],"picked":"Conclude","floor":48}],"player_experience":232270,"relics_obtained":[{"floor":8.0,"key":"Odd Mushroom"},{"floor":10.0,"key":"Blood Vial"},{"floor":26.0,"key":"Letter Opener"},{"floor":31.0,"key":"Bag of Marbles"},{"floor":38,"key":"Gambling Chip"},{"floor":41,"key":"Yang"},{"floor":43,"key":"Oddly Smooth Stone"}],"event_choices":[{"damage_healed":0.0,"max_hp_gain":0.0,"max_hp_loss":0.0,"gold_gain":0.0,"event_name":"Scrap Ooze","player_choice":"Success","floor":4.0,"gold_loss":0.0,"damage_taken":3.0,"relics_obtained":["HornCleat"]},{"damage_healed":0.0,"max_hp_gain":0.0,"max_hp_loss":0.0,"gold_gain":0.0,"event_name":"Mushrooms","player_choice":"Fought Mushrooms","floor":8.0,"gold_loss":0.0,"damage_taken":0.0},{"damage_healed":0.0,"max_hp_gain":0.0,"max_hp_loss":0.0,"gold_gain":0.0,"event_name":"WeMeetAgain","player_choice":"Gave Potion","floor":24.0,"gold_loss":0.0,"damage_taken":0.0,"relics_obtained":["Toy Ornithopter"]},{"damage_healed":0.0,"max_hp_gain":0.0,"max_hp_loss":0.0,"gold_gain":0.0,"event_name":"N\u0027loth","player_choice":"Traded Relic","floor":27.0,"relics_lost":["NeowsBlessing"],"gold_loss":0.0,"damage_taken":0.0,"relics_obtained":["Nloth\u0027s Gift"]},{"damage_healed":0.0,"max_hp_gain":0.0,"max_hp_loss":0.0,"gold_gain":0.0,"event_name":"Mysterious Sphere","player_choice":"Fight","floor":38.0,"gold_loss":0.0,"damage_taken":0.0},{"damage_healed":0,"gold_gain":0,"player_choice":"Bought 0 Potions","damage_taken":0,"max_hp_gain":0,"max_hp_loss":0,"event_name":"The Woman in Blue","floor":39,"gold_loss":0},{"damage_healed":18,"gold_gain":0,"player_choice":"Writhe","damage_taken":0,"max_hp_gain":0,"max_hp_loss":0,"event_name":"Winding Halls","floor":45,"gold_loss":0,"cards_obtained":["Writhe"]},{"damage_healed":0,"gold_gain":100,"player_choice":"Pray","damage_taken":0,"max_hp_gain":0,"max_hp_loss":0,"event_name":"Golden Shrine","floor":46,"gold_loss":0}],"is_beta":false,"boss_relics":[{"not_picked":["Black Star","Runic Dome"],"picked":"Philosopher\u0027s Stone"},{"not_picked":["Empty Cage","Pandora\u0027s Box"],"picked":"Sozu"}],"items_purged_floors":[],"is_endless":false,"potions_floor_spawned":[2,7,10,16,20,28,29,33,35,38,40,48],"killed_by":"Shield and Spear","ascension_level":0}}