{"host":"bsgp9wgausrmthh2","time":1613311327,"event":{"mods":["AchievementEnabler","BaseMod","Colored Map","Minty Spire (QoL Compilation)","StSLib"],"gold_per_floor":[115,115,115,134,56,56,85,85,111,126,6,21,21,34,34,160,160,185,185,205,221,146,146,156,156,156,156,256,273,289,289,289,390,390,408,419,187,163,178,178,198,216,243,243,243,243,243,56,56,56],"floor_reached":51,"language":"ENG","playtime":4719,"items_purged":["Judgement","Judgement"],"score":612,"play_id":"39542eeb-6e08-45c4-9604-514284194528","local_time":"20210214090207","is_ascension_mode":false,"campfire_choices":[{"floor":6,"key":"RECALL"},{"data":"Eruption","floor":8,"key":"SMITH"},{"data":"MentalFortress","floor":15,"key":"SMITH"},{"floor":23,"key":"REST"},{"floor":25,"key":"REST"},{"floor":27,"key":"REST"},{"floor":32,"key":"REST"},{"floor":40,"key":"REST"},{"floor":44,"key":"REST"},{"floor":49,"key":"REST"}],"circlet_count":0,"master_deck":["Eruption+1","Vigilance","Wireheading","EmptyFist","Tantrum","InnerPeace","Consecrate","FearNoEvil","BattleHymn","WindmillStrike+1","MentalFortress+1","Devotion+1","CutThroughFate","TalkToTheHand","SashWhip","ThirdEye","FearNoEvil+1","CutThroughFate+1","EmptyMind","SpiritShield","Collect","Ragnarok","FearNoEvil+1","SignatureMove+1","Blasphemy","Evaluate","DeceiveReality+1","FlyingSleeves+1","JustLucky","EmptyFist+1","Prostrate+1","WindmillStrike","Dark Shackles","Dramatic Entrance","Apotheosis","Panacea"],"relics":["PureWater","Kunai","Bloody Idol","Odd Mushroom","Fusion Hammer","Toy Ornithopter","Bird Faced Urn","Mummified Hand","Pandora\u0027s Box","Whetstone","Juzu Bracelet","Anchor"],"acts_visited":["Exordium","TheCity","TheBeyond"],"potions_floor_usage":[],"damage_taken":[{"damage":4,"enemies":"Cultist","floor":1,"turns":3},{"damage":0,"enemies":"2 Louse","floor":4,"turns":2},{"damage":13,"enemies":"The Mushroom Lair","floor":7,"turns":4},{"damage":1,"enemies":"Small Slimes","floor":10,"turns":3},{"damage":0,"enemies":"3 Louse","floor":12,"turns":2},{"damage":6,"enemies":"2 Fungi Beasts","floor":14,"turns":2},{"damage":36,"enemies":"The Guardian","floor":16,"turns":7},{"damage":0,"enemies":"2 Thieves","floor":18,"turns":4},{"damage":0,"enemies":"Spheric Guardian","floor":20,"turns":1},{"damage":51,"enemies":"Snake Plant","floor":21,"turns":4},{"damage":31,"enemies":"Cultist and Chosen","floor":24,"turns":5},{"damage":15,"enemies":"Colosseum Slavers","floor":28,"turns":3},{"damage":38,"enemies":"Colosseum Nobs","floor":28,"turns":6},{"damage":20,"enemies":"Centurion and Healer","floor":29,"turns":5},{"damage":19,"enemies":"Snake Plant","floor":30,"turns":4},{"damage":27,"enemies":"Automaton","floor":33,"turns":6},{"damage":27,"enemies":"3 Shapes","floor":35,"turns":3},{"damage":0,"enemies":"Orb Walker","floor":36,"turns":2},{"damage":35,"enemies":"Sphere and 2 Shapes","floor":39,"turns":4},{"damage":10,"enemies":"Spire Growth","floor":41,"turns":4},{"damage":7,"enemies":"Transient","floor":42,"turns":5},{"damage":62,"enemies":"Time Eater","floor":50,"turns":8}],"seed_played":"8574161510347090190","potions_obtained":[{"floor":1,"key":"SpeedPotion"},{"floor":7,"key":"SpeedPotion"},{"floor":16,"key":"FairyPotion"},{"floor":20,"key":"LiquidMemories"},{"floor":28,"key":"Ancient Potion"}],"is_trial":false,"path_per_floor":["M","T","?","M","$","R","?","R","T","M","$","M","?","M","R","B",null,"M","?","M","M","?","R","M","R","T","R","?","M","M","?","R","B",null,"M","M","$","$","M","R","M","M","T","R","T","?","?","$","R","B",null],"character_chosen":"WATCHER","items_purchased":["Tantrum","FearNoEvil","BattleHymn","Whetstone","JustLucky","Panacea"],"campfire_rested":7,"item_purchase_floors":[5,11,11,37,38,48],"current_hp_per_floor":[75,75,75,75,75,75,62,62,62,61,61,61,61,55,55,19,79,79,79,79,33,33,56,30,53,53,76,28,21,11,11,34,20,79,63,74,74,74,50,73,72,74,79,79,79,79,69,69,79,21],"gold":56,"neow_bonus":"TEN_PERCENT_HP_BONUS","is_daily":false,"chose_seed":false,"campfire_upgraded":2,"win_rate":0.0,"timestamp":1613311327,"path_taken":["M","?","?","M","$","R","?","R","T","M","$","M","?","M","R","BOSS","M","?","M","M","?","R","M","R","T","R","?","M","M","?","R","BOSS","M","M","?","$","M","R","M","M","T","R","?","?","?","$","R","BOSS"],"items_purchased_type":["Card","Card","Card","Relic","Card","Card"],"build_version":"2020-12-22","purchased_purges":2,"victory":true,"max_hp_per_floor":[79,79,79,79,79,79,79,79,79,79,79,79,79,79,79,79,79,79,79,79,79,79,79,79,79,79,79,79,79,79,79,79,79,79,79,79,79,79,79,79,79,79,79,79,79,79,79,79,79,79],"card_choices":[{"not_picked":["DeceiveReality","BowlingBash"],"picked":"Wireheading","floor":1},{"not_picked":["Protect","CarveReality"],"picked":"EmptyFist","floor":4},{"not_picked":["Consecrate","JustLucky"],"picked":"InnerPeace","floor":7},{"not_picked":["Halt","Indignation"],"picked":"Consecrate","floor":10},{"not_picked":["Consecrate","DeusExMachina"],"picked":"WindmillStrike","floor":12},{"not_picked":["Prostrate","Swivel"],"picked":"MentalFortress","floor":14},{"not_picked":["Vault","ConjureBlade"],"picked":"Devotion","floor":16},{"not_picked":["ReachHeaven","WreathOfFlame"],"picked":"CutThroughFate","floor":18},{"not_picked":["FlurryOfBlows","Halt"],"picked":"TalkToTheHand","floor":20},{"not_picked":["SignatureMove","BattleHymn"],"picked":"SashWhip","floor":21},{"not_picked":["ClearTheMind","EmptyBody"],"picked":"ThirdEye","floor":24},{"not_picked":["Wireheading+1","Consecrate"],"picked":"FearNoEvil+1","floor":28},{"not_picked":["FollowUp+1","Halt"],"picked":"CutThroughFate+1","floor":29},{"not_picked":["Consecrate","Tantrum"],"picked":"EmptyMind","floor":30},{"not_picked":["DevaForm","Wish"],"picked":"SpiritShield","floor":33},{"not_picked":["ForeignInfluence","InnerPeace"],"picked":"DeceiveReality+1","floor":35},{"not_picked":["EmptyFist","EmptyBody+1"],"picked":"FlyingSleeves+1","floor":36},{"not_picked":["Prostrate+1","Halt+1"],"picked":"EmptyFist+1","floor":39},{"not_picked":["ThirdEye","FollowUp+1"],"picked":"Prostrate+1","floor":41},{"not_picked":["BowlingBash+1","JustLucky"],"picked":"WindmillStrike","floor":42},{"not_picked":["Trip","Finesse"],"picked":"Dark Shackles","floor":47},{"not_picked":["Forethought","Deep Breath"],"picked":"Dramatic Entrance","floor":47},{"not_picked":["Dark Shackles","PanicButton"],"picked":"Apotheosis","floor":47}],"player_experience":221540,"relics_obtained":[{"floor":2,"key":"Kunai"},{"floor":7,"key":"Odd Mushroom"},{"floor":26,"key":"Toy Ornithopter"},{"floor":28,"key":"Bird Faced Urn"},{"floor":28,"key":"Mummified Hand"},{"floor":43,"key":"Juzu Bracelet"},{"floor":45,"key":"Anchor"}],"event_choices":[{"damage_healed":0,"gold_gain":0,"player_choice":"Take Wound","damage_taken":0,"relics_obtained":["Golden Idol"],"max_hp_gain":0,"max_hp_loss":0,"event_name":"Golden Idol","floor":3,"gold_loss":0,"cards_obtained":["Injury"]},{"damage_healed":0,"gold_gain":0,"player_choice":"Fought Mushrooms","damage_taken":0,"max_hp_gain":0,"max_hp_loss":0,"event_name":"Mushrooms","floor":7,"gold_loss":0},{"damage_healed":0,"gold_gain":0,"player_choice":"Grow","damage_taken":0,"max_hp_gain":0,"max_hp_loss":0,"event_name":"Living Wall","floor":13,"gold_loss":0,"cards_upgraded":["WindmillStrike"]},{"damage_healed":0,"gold_gain":0,"player_choice":"Gave Idol","damage_taken":0,"relics_obtained":["Bloody Idol"],"max_hp_gain":0,"max_hp_loss":0,"event_name":"Forgotten Altar","floor":19,"relics_lost":["Golden Idol"],"gold_loss":0},{"cards_removed":["Injury"],"damage_healed":0,"gold_gain":0,"player_choice":"Gave Gold","damage_taken":0,"max_hp_gain":0,"max_hp_loss":0,"event_name":"Beggar","floor":22,"gold_loss":75},{"damage_healed":0,"gold_gain":0,"player_choice":"Fight","damage_taken":0,"max_hp_gain":0,"max_hp_loss":0,"event_name":"Colosseum","floor":28,"gold_loss":0},{"damage_healed":0,"gold_gain":0,"player_choice":"Fought Nobs","damage_taken":0,"max_hp_gain":0,"max_hp_loss":0,"event_name":"Colosseum","floor":28,"gold_loss":0},{"damage_healed":0,"gold_gain":0,"player_choice":"Forge","damage_taken":0,"max_hp_gain":0,"max_hp_loss":0,"event_name":"Accursed Blacksmith","floor":31,"gold_loss":0,"cards_upgraded":["Devotion"]},{"damage_healed":0,"gold_gain":0,"player_choice":"Ignored","damage_taken":0,"max_hp_gain":0,"max_hp_loss":0,"event_name":"Mysterious Sphere","floor":46,"gold_loss":0},{"damage_healed":0,"gold_gain":0,"player_choice":"Memory 3","damage_taken":10,"max_hp_gain":0,"max_hp_loss":0,"event_name":"SensoryStone","floor":47,"gold_loss":0}],"is_beta":false,"boss_relics":[{"not_picked":["HolyWater","Calling Bell"],"picked":"Fusion Hammer"},{"not_picked":["SacredBark","SlaversCollar"],"picked":"Pandora\u0027s Box"}],"items_purged_floors":[37,48],"is_endless":false,"potions_floor_spawned":[1,7,16,20,28,28,29,35,36],"ascension_level":0}}