{"host":"7lqra3rfanasaqnt","time":1613341362,"event":{"mods":["AchievementEnabler","Act Like it!","BaseMod","Colored Powertips","Downfall","Friendly Minions","Gremlin Mod","Minty Spire (QoL Compilation)","StSLib"],"gold_per_floor":[199,215,215,215,227,245,245,271,0,0,10,30,47,76,86,185,185,185,196,214,52,71,71,94,126,226,226,251,163,194,222,234,234,234],"floor_reached":32,"language":"ENG","playtime":1860,"items_purged":["bronze:Iterate"],"score":367,"play_id":"b54c01f7-7e4c-433d-b6c2-4c1665f19493","local_time":"20210214152242","is_ascension_mode":true,"campfire_choices":[{"data":"bronze:Goto","floor":1.0,"key":"SMITH"},{"data":"bronze:Terminator","floor":10.0,"key":"SMITH"},{"data":"bronze:OilSpill","floor":18.0,"key":"SMITH"},{"data":"bronze:BronzeArmor","floor":23.0,"key":"SMITH"},{"floor":27.0,"key":"REST"},{"floor":29.0,"key":"REST"}],"circlet_count":0,"master_deck":["bronze:Strike","bronze:Strike","bronze:Strike","bronze:Strike","bronze:Defend","bronze:Defend","bronze:Defend","bronze:Defend","bronze:Replicate","bronze:Goto+1","bronze:Goto+1","bronze:Terminator+1","bronze:Constructor","bronze:DigitalCarnage","bronze:Branch","bronze:OilSpill+1","bronze:Separator","bronze:Invalidate","bronze:TinkerersToolbox","bronze:Refactor","bronze:Repulsor","bronze:ChosenStrike+1","bronze:BronzeArmor+1","bronze:BuggyMess+1"],"relics":["bronze:BronzeCore","Matryoshka","Ancient Tea Set","Lee\u0027s Waffle","Tiny Chest","Velvet Choker","hexamod:BolsterEngine","Bag of Marbles","Art of War","MawBank","downfall:HeartBlessingGreen"],"acts_visited":["Exordium","TheCity"],"potions_floor_usage":[32],"damage_taken":[{"damage":0.0,"enemies":"Small Slimes","floor":2.0,"turns":3.0},{"damage":10.0,"enemies":"2 Louse","floor":5.0,"turns":2.0},{"damage":6.0,"enemies":"Cultist","floor":6.0,"turns":3.0},{"damage":36.0,"enemies":"Lagavulin","floor":8.0,"turns":8.0},{"damage":0.0,"enemies":"downfall:FleeingMerchant","floor":9.0,"turns":4.0},{"damage":0.0,"enemies":"3 Louse","floor":11.0,"turns":5.0},{"damage":15.0,"enemies":"Gremlin Gang","floor":12.0,"turns":6.0},{"damage":6.0,"enemies":"downfall:LooterAlt","floor":13.0,"turns":3.0},{"damage":0.0,"enemies":"Gremlin Nob","floor":14.0,"turns":2.0},{"damage":16.0,"enemies":"Red Slaver","floor":15.0,"turns":4.0},{"damage":23.0,"enemies":"SI_SHIV_ARCHETYPE","floor":16.0,"turns":7.0},{"damage":0.0,"enemies":"Chosen","floor":19.0,"turns":3.0},{"damage":2.0,"enemies":"3 Byrds","floor":20.0,"turns":3.0},{"damage":0.0,"enemies":"downfall:FleeingMerchant","floor":21.0,"turns":4.0},{"damage":32.0,"enemies":"Snake Plant","floor":22.0,"turns":4.0},{"damage":41.0,"enemies":"Book of Stabbing","floor":25.0,"turns":4.0},{"damage":28.0,"enemies":"Slavers","floor":28.0,"turns":4.0},{"damage":6,"enemies":"Shelled Parasite and Fungi","floor":30,"turns":2},{"damage":6,"enemies":"Centurion and Healer","floor":31,"turns":5},{"damage":20,"enemies":"Snecko","floor":32,"turns":4}],"seed_played":"5162196657016181517","potions_obtained":[{"floor":2.0,"key":"SneckoOil"},{"floor":8.0,"key":"Block Potion"},{"floor":12.0,"key":"Strength Potion"},{"floor":14.0,"key":"SneckoOil"},{"floor":25.0,"key":"LiquidMemories"},{"floor":31,"key":"SkillPotion"}],"is_trial":false,"path_per_floor":["R","M","?","?","M","M","T","E","$","R","M","M","M","E","M","B",null,"R","M","M","$","M","R","T","E","?","R","E","R","M","M","M"],"character_chosen":"THE_AUTOMATON","items_purchased":["Lee\u0027s Waffle","Fruit Juice","bronze:BronzeArmor"],"campfire_rested":2,"item_purchase_floors":[9,9,21],"current_hp_per_floor":[70,70,70,70,60,54,54,18,77,77,77,67,61,61,45,22,82,82,82,80,80,48,48,48,7,7,31,3,27,21,15,0,0,0],"gold":234,"neow_bonus":"HUNDRED_GOLD","is_daily":false,"chose_seed":false,"campfire_upgraded":4,"win_rate":0.0,"timestamp":1613341362,"path_taken":["R","M","?","?","M","M","T","E","$","R","M","M","M","E","M","BOSS","R","M","M","$","?","R","T","E","?","R","E","R","M","?","M"],"items_purchased_type":["Relic","Potion","Card"],"build_version":"2020-12-22","purchased_purges":1,"victory":false,"max_hp_per_floor":[70,70,70,70,70,70,70,70,77,77,77,82,82,82,82,82,82,82,82,82,82,82,82,82,82,82,82,82,82,82,82,82,82,82],"card_choices":[{"not_picked":["bronze:Shell","bronze:FineTuning"],"picked":"bronze:Iterate","floor":2.0},{"not_picked":["bronze:Deprecate","bronze:Frontload"],"picked":"bronze:Terminator","floor":5.0},{"not_picked":["bronze:MaxOutput","bronze:Refactor"],"picked":"bronze:Constructor","floor":6.0},{"not_picked":["bronze:CutThrough","bronze:Terminator"],"picked":"bronze:DigitalCarnage","floor":8.0},{"not_picked":["bronze:Overheat","bronze:Deprecate"],"picked":"bronze:Branch","floor":9.0},{"not_picked":["bronze:Backtrace","bronze:FindAndReplace"],"picked":"bronze:OilSpill","floor":11.0},{"not_picked":["bronze:Branch","bronze:CutThrough"],"picked":"bronze:Separator","floor":12.0},{"not_picked":["bronze:Turbo","bronze:Repulsor"],"picked":"bronze:Invalidate","floor":13.0},{"not_picked":["bronze:Separator","bronze:InfiniteBeams"],"picked":"bronze:TinkerersToolbox","floor":14.0},{"not_picked":["bronze:Shield","bronze:Overheat"],"picked":"bronze:Refactor","floor":15.0},{"not_picked":["bronze:Invalidate","bronze:BugBarrage"],"picked":"bronze:Repulsor","floor":19.0},{"not_picked":["bronze:BugBarrage","bronze:CutThrough"],"picked":"bronze:ChosenStrike+1","floor":20.0},{"not_picked":["bronze:Turbo","bronze:Allocate","bronze:Shell"],"picked":"SKIP","floor":21.0},{"not_picked":["bronze:Deprecate","bronze:Backtrace","bronze:Constructor+1"],"picked":"SKIP","floor":22.0},{"not_picked":["bronze:Iterate","bronze:Overheat","bronze:Optimize"],"picked":"SKIP","floor":25.0},{"not_picked":["bronze:Break","bronze:BugBarrage"],"picked":"bronze:BuggyMess+1","floor":28.0},{"not_picked":["bronze:InfiniteBeams+1","bronze:ItsAFeature+1","bronze:Backtrace"],"picked":"SKIP","floor":30},{"not_picked":["bronze:ClassDefault","bronze:BitShift","bronze:Deprecate"],"picked":"SKIP","floor":31}],"player_experience":595011,"relics_obtained":[{"floor":7.0,"key":"Matryoshka"},{"floor":8.0,"key":"Ancient Tea Set"},{"floor":14.0,"key":"Tiny Chest"},{"floor":24.0,"key":"hexamod:BolsterEngine"},{"floor":24.0,"key":"Bag of Marbles"},{"floor":25.0,"key":"Art of War"},{"floor":28.0,"key":"MawBank"}],"event_choices":[],"is_beta":false,"boss_relics":[{"not_picked":["Runic Pyramid","Fusion Hammer"],"picked":"Velvet Choker"}],"items_purged_floors":[21],"is_endless":false,"potions_floor_spawned":[2,8,12,14,15,25,28,31],"killed_by":"Snecko","ascension_level":3}}