{"host":"pdq28s6637cpsst2","time":1613263374,"event":{"mods":["BaseMod","Colored Map","Highlight Path","Minty Spire (QoL Compilation)","Permanent Neow","Quick Restart"],"gold_per_floor":[112,112,132,132,150,191,191,3,3,23,23,36,76,99,99,224,224,244,244,262,278,299,299,69,89,89,89,89],"floor_reached":27,"language":"ENG","playtime":1902,"items_purged":["Strike_G"],"score":295,"play_id":"fef06681-6df9-4fee-8b23-ff2e68c4c127","local_time":"20210213194254","is_ascension_mode":true,"campfire_choices":[{"floor":7,"key":"REST"},{"data":"Infinite Blades","floor":11,"key":"SMITH"},{"floor":15,"key":"REST"},{"data":"Calculated Gamble","floor":23,"key":"SMITH"}],"circlet_count":0,"master_deck":["Strike_G","Strike_G","Strike_G","Defend_G","Defend_G","Defend_G","Defend_G","Defend_G","Survivor","Neutralize","Poisoned Stab","Accuracy","Dagger Spray","Infinite Blades+1","Calculated Gamble+1","Die Die Die","Heel Hook","Bullet Time","Finisher+1","Backstab","Acrobatics"],"relics":["Ring of the Snake","TungstenRod","Golden Idol","Art of War","Pen Nib","White Beast Statue","HornCleat","WristBlade","MealTicket","Bottled Flame"],"acts_visited":["Exordium","TheCity"],"potions_floor_usage":[6,6,13,16,16,20,22,27,27],"damage_taken":[{"damage":1,"enemies":"2 Louse","floor":1,"turns":3},{"damage":1,"enemies":"Jaw Worm","floor":3,"turns":4},{"damage":0,"enemies":"Cultist","floor":5,"turns":3},{"damage":24,"enemies":"Lagavulin","floor":6,"turns":8},{"damage":4,"enemies":"2 Fungi Beasts","floor":10,"turns":3},{"damage":11,"enemies":"Exordium Wildlife","floor":12,"turns":3},{"damage":27,"enemies":"3 Sentries","floor":13,"turns":5},{"damage":0,"enemies":"3 Louse","floor":14,"turns":1},{"damage":25,"enemies":"Slime Boss","floor":16,"turns":11},{"damage":0,"enemies":"Shell Parasite","floor":18,"turns":3},{"damage":10,"enemies":"2 Thieves","floor":20,"turns":2},{"damage":11,"enemies":"Snecko","floor":21,"turns":4},{"damage":17,"enemies":"Snake Plant","floor":22,"turns":4},{"damage":13,"enemies":"Cultist and Chosen","floor":25,"turns":5},{"damage":24,"enemies":"Book of Stabbing","floor":27,"turns":3}],"seed_played":"4709974982676019456","potions_obtained":[{"floor":3,"key":"DistilledChaos"},{"floor":5,"key":"Weak Potion"},{"floor":10,"key":"SkillPotion"},{"floor":12,"key":"SteroidPotion"},{"floor":13,"key":"Regen Potion"},{"floor":14,"key":"EssenceOfSteel"},{"floor":16,"key":"AttackPotion"},{"floor":18,"key":"BlessingOfTheForge"},{"floor":20,"key":"EssenceOfSteel"},{"floor":21,"key":"Energy Potion"},{"floor":22,"key":"SpeedPotion"},{"floor":25,"key":"LiquidMemories"}],"is_trial":false,"path_per_floor":["M","?","M","?","M","E","R","$","T","M","R","M","E","M","R","B",null,"M","?","M","M","M","R","$","M","T","E"],"character_chosen":"THE_SILENT","items_purchased":["Infinite Blades","Pen Nib","MealTicket"],"campfire_rested":2,"item_purchase_floors":[8,8,24],"current_hp_per_floor":[44,67,66,50,50,26,47,47,47,43,43,32,5,5,26,16,57,57,57,47,36,19,19,19,6,6,0,0],"gold":89,"neow_bonus":"ONE_RARE_RELIC","is_daily":false,"chose_seed":false,"campfire_upgraded":2,"win_rate":0.0,"timestamp":1613263374,"path_taken":["M","?","M","?","M","E","R","$","T","M","R","M","E","M","R","BOSS","M","?","M","M","?","R","$","M","T","E"],"items_purchased_type":["Card","Relic","Relic"],"build_version":"2020-12-22","purchased_purges":1,"victory":false,"max_hp_per_floor":[70,70,70,70,70,70,70,70,70,70,70,70,70,70,70,70,70,70,70,70,70,70,70,70,70,70,70,70],"card_choices":[{"not_picked":["Flying Knee","Underhanded Strike"],"picked":"Poisoned Stab","floor":1},{"not_picked":["Cloak And Dagger","Acrobatics"],"picked":"Accuracy","floor":3},{"not_picked":["PiercingWail","Dodge and Roll"],"picked":"Dagger Spray","floor":5},{"not_picked":["Dodge and Roll","PiercingWail","Bane"],"picked":"SKIP","floor":6},{"not_picked":["Flying Knee","Acrobatics","Quick Slash"],"picked":"SKIP","floor":10},{"not_picked":["Dagger Spray","Deadly Poison"],"picked":"Calculated Gamble","floor":12},{"not_picked":["Heel Hook","Infinite Blades"],"picked":"Die Die Die","floor":13},{"not_picked":["Dodge and Roll","Dagger Throw"],"picked":"Heel Hook","floor":14},{"not_picked":["Doppelganger","Venomology"],"picked":"Bullet Time","floor":16},{"not_picked":["Choke","Poisoned Stab"],"picked":"Finisher+1","floor":18},{"not_picked":["Prepared","Noxious Fumes+1","PiercingWail"],"picked":"SKIP","floor":20},{"not_picked":["Terror","Slice"],"picked":"Backstab","floor":21},{"not_picked":["Riddle With Holes","Deflect","Poisoned Stab+1"],"picked":"SKIP","floor":22},{"not_picked":["Quick Slash+1","Poisoned Stab"],"picked":"Acrobatics","floor":25}],"player_experience":192589,"relics_obtained":[{"floor":6,"key":"Art of War"},{"floor":9,"key":"White Beast Statue"},{"floor":13,"key":"HornCleat"},{"floor":26,"key":"Bottled Flame"}],"event_choices":[{"damage_healed":23,"gold_gain":0,"player_choice":"Banana","damage_taken":0,"max_hp_gain":0,"max_hp_loss":0,"event_name":"Big Fish","floor":2,"gold_loss":0},{"damage_healed":0,"gold_gain":0,"player_choice":"Take Damage","damage_taken":17,"relics_obtained":["Golden Idol"],"max_hp_gain":0,"max_hp_loss":0,"event_name":"Golden Idol","floor":4,"gold_loss":0},{"cards_removed":["Strike_G"],"damage_healed":0,"gold_gain":0,"player_choice":"Purged","damage_taken":0,"max_hp_gain":0,"max_hp_loss":0,"event_name":"Purifier","floor":19,"gold_loss":0}],"is_beta":false,"boss_relics":[{"not_picked":["Coffee Dripper","Snecko Eye"],"picked":"WristBlade"}],"items_purged_floors":[24],"is_endless":false,"potions_floor_spawned":[3,5,10,12,13,14,16,18,20,21,22,25],"killed_by":"Book of Stabbing","ascension_level":6}}