{"host":"pj7egx7jkoz18hom","time":1613299684,"event":{"mods":["AchievementEnabler","BaseMod","Keyboard Shortcuts","Minty Spire (QoL Compilation)","SuperFastMode"],"gold_per_floor":[15,33,52,62,137,171,230,257,280,292,302,302,313,339,339,441,441,452,471,471,483,503,535,535,460,460,460,490,490,490,178,178,278,278,298,54,68,87,97,122,134,134,134,134,134,151,179,195,195,195,195,195,42,68,68,68],"floor_reached":55,"language":"KOR","playtime":2894,"items_purged":["Writhe"],"score":932,"play_id":"3d8acd96-5fca-4100-936a-087a4ed1de2e","local_time":"20210214194803","is_ascension_mode":true,"campfire_choices":[{"floor":12.0,"key":"REST"},{"data":"Coolheaded","floor":15.0,"key":"SMITH"},{"data":"Go for the Eyes","floor":24.0,"key":"SMITH"},{"floor":32,"key":"RECALL"},{"data":"All For One","floor":49,"key":"SMITH"},{"data":"Conserve Battery","floor":52,"key":"SMITH"}],"circlet_count":0,"master_deck":["Strike_B","Strike_B","Defend_B","Defend_B","Defend_B","Zap","Dualcast","Stack","Go for the Eyes+1","Coolheaded+1","Gash","Leap","Glacier","Beam Cell","Conserve Battery+1","Gash","Gash","Beam Cell","All For One+1","Beam Cell","Gash","All For One","Zap+1","Bandage Up+1","Apotheosis+1","Blind+1","Writhe","Sunder+1","Gash","Coolheaded+1"],"relics":["Cracked Core","Pear","Strawberry","Regal Pillow","Blood Vial","Letter Opener","Coffee Dripper","Toxic Egg 2","Du-Vu Doll","Thread and Needle","Enchiridion","Busted Crown","Nunchaku","Happy Flower","Question Card","Mango","InkBottle"],"acts_visited":["Exordium","TheCity","TheBeyond","TheEnding"],"potions_floor_usage":[33,40,40,50,50,55,55],"damage_taken":[{"damage":1.0,"enemies":"Jaw Worm","floor":1.0,"turns":3.0},{"damage":0.0,"enemies":"Small Slimes","floor":2.0,"turns":2.0},{"damage":2.0,"enemies":"Cultist","floor":3.0,"turns":3.0},{"damage":8.0,"enemies":"Looter","floor":4.0,"turns":3.0},{"damage":13.0,"enemies":"Lagavulin","floor":6.0,"turns":7.0},{"damage":7.0,"enemies":"Lagavulin Event","floor":7.0,"turns":9.0},{"damage":6.0,"enemies":"Gremlin Nob","floor":8.0,"turns":5.0},{"damage":9.0,"enemies":"3 Louse","floor":10.0,"turns":3.0},{"damage":10.0,"enemies":"Large Slime","floor":11.0,"turns":6.0},{"damage":4.0,"enemies":"Lots of Slimes","floor":13.0,"turns":4.0},{"damage":12.0,"enemies":"Lagavulin","floor":14.0,"turns":6.0},{"damage":30.0,"enemies":"Hexaghost","floor":16.0,"turns":10.0},{"damage":3.0,"enemies":"Shell Parasite","floor":18.0,"turns":3.0},{"damage":5.0,"enemies":"Chosen","floor":19.0,"turns":3.0},{"damage":0.0,"enemies":"Centurion and Healer","floor":21.0,"turns":4.0},{"damage":3.0,"enemies":"3 Cultists","floor":22.0,"turns":6.0},{"damage":12.0,"enemies":"Book of Stabbing","floor":23.0,"turns":4.0},{"damage":9.0,"enemies":"Gremlin Leader","floor":28.0,"turns":6.0},{"damage":0,"enemies":"Champ","floor":33,"turns":8},{"damage":0,"enemies":"Orb Walker","floor":35,"turns":3},{"damage":5,"enemies":"3 Shapes","floor":37,"turns":3},{"damage":9,"enemies":"3 Darklings","floor":38,"turns":5},{"damage":0,"enemies":"Transient","floor":39,"turns":5},{"damage":4,"enemies":"Giant Head","floor":40,"turns":6},{"damage":21,"enemies":"4 Shapes","floor":41,"turns":4},{"damage":16,"enemies":"Sphere and 2 Shapes","floor":46,"turns":4},{"damage":0,"enemies":"Nemesis","floor":47,"turns":5},{"damage":0,"enemies":"Transient","floor":48,"turns":5},{"damage":50,"enemies":"Donu and Deca","floor":50,"turns":9},{"damage":16,"enemies":"Shield and Spear","floor":54,"turns":5},{"damage":113,"enemies":"The Heart","floor":55,"turns":6}],"seed_played":"-8361644085553663480","potions_obtained":[{"floor":2.0,"key":"Energy Potion"},{"floor":3.0,"key":"FocusPotion"},{"floor":11.0,"key":"SkillPotion"},{"floor":13.0,"key":"Weak Potion"},{"floor":16.0,"key":"FocusPotion"},{"floor":19.0,"key":"DistilledChaos"},{"floor":23.0,"key":"SpeedPotion"},{"floor":33,"key":"Ancient Potion"},{"floor":40,"key":"DuplicationPotion"},{"floor":48,"key":"LiquidMemories"}],"is_trial":false,"path_per_floor":["M","M","M","M","?","E","?","E","T","M","M","R","M","E","R","B",null,"M","M","?","M","M","E","R","?","T","?","E","?","?","$","R","B",null,"M","$","M","M","M","E","M","?","T","?","?","M","E","M","R","B",null,"R","$","E","B"],"character_chosen":"DEFECT","items_purchased":["Apotheosis+1","FocusPotion","Nunchaku","CultistPotion","Gash","SteroidPotion","FocusPotion"],"campfire_rested":1,"item_purchase_floors":[31,31,36,36,53,53,53],"current_hp_per_floor":[74,74,72,64,53,50,50,44,44,37,29,71,69,59,59,31,92,89,86,86,88,87,77,77,77,77,77,70,54,54,54,54,62,92,92,92,87,86,92,92,71,71,71,71,92,76,98,106,106,62,106,106,106,96,0,0],"gold":68,"neow_bonus":"TRANSFORM_TWO_CARDS","is_daily":false,"chose_seed":false,"campfire_upgraded":4,"win_rate":0.0,"timestamp":1613299683,"path_taken":["M","M","M","M","?","E","?","E","T","M","M","R","M","E","R","BOSS","M","M","?","M","?","E","R","?","T","?","E","?","?","$","R","BOSS","M","$","M","?","M","E","M","?","T","?","?","M","E","M","R","BOSS","R","$","E","BOSS"],"items_purchased_type":["Card","Potion","Relic","Potion","Card","Potion","Potion"],"build_version":"2020-12-22","purchased_purges":1,"victory":false,"max_hp_per_floor":[75,75,75,75,75,85,92,92,92,92,92,92,92,92,92,92,92,92,92,92,92,92,92,92,92,92,92,92,92,92,92,92,92,92,92,92,92,92,92,92,92,92,92,92,92,92,106,106,106,106,106,106,106,106,106,106],"card_choices":[{"not_picked":["Turbo","Melter"],"picked":"Go for the Eyes","floor":1.0},{"not_picked":["Barrage","Redo"],"picked":"Coolheaded","floor":2.0},{"not_picked":["Static Discharge","Creative AI"],"picked":"Gash","floor":3.0},{"not_picked":["Sweeping Beam","Coolheaded"],"picked":"Leap","floor":4.0},{"not_picked":["Cold Snap","Steam"],"picked":"Glacier","floor":6.0},{"not_picked":["Multi-Cast","Hologram"],"picked":"Beam Cell","floor":7.0},{"not_picked":["Steam","Sweeping Beam"],"picked":"Conserve Battery","floor":8.0},{"not_picked":["Undo","Steam"],"picked":"Gash","floor":10.0},{"not_picked":["Fusion","Blizzard","Rip and Tear"],"picked":"SKIP","floor":11.0},{"not_picked":["Hologram","Sweeping Beam"],"picked":"Gash","floor":13.0},{"not_picked":["Buffer","Thunder Strike"],"picked":"Beam Cell","floor":14.0},{"not_picked":["Fission","Thunder Strike"],"picked":"All For One","floor":16.0},{"not_picked":["Conserve Battery+1","Rebound"],"picked":"Beam Cell","floor":18.0},{"not_picked":["Turbo","Hologram","Redo"],"picked":"SKIP","floor":19.0},{"not_picked":["Redo","Compile Driver","Cold Snap"],"picked":"SKIP","floor":21.0},{"not_picked":["Cold Snap","Beam Cell"],"picked":"All For One","floor":22.0},{"not_picked":["Heatsinks","Genetic Algorithm+1","Beam Cell"],"picked":"SKIP","floor":23.0},{"not_picked":["Genetic Algorithm+1","Recycle+1","Double Energy+1"],"picked":"SKIP","floor":28.0},{"not_picked":["FTL+1"],"picked":"SKIP","floor":35},{"not_picked":["Beam Cell"],"picked":"SKIP","floor":37},{"not_picked":["Stack+1"],"picked":"SKIP","floor":38},{"not_picked":["Reprogram+1"],"picked":"SKIP","floor":39},{"not_picked":["Rebound"],"picked":"SKIP","floor":40},{"not_picked":["Undo+1"],"picked":"SKIP","floor":41},{"not_picked":["Chrysalis+1"],"picked":"Blind+1","floor":44},{"not_picked":["Hello World+1","Undo+1"],"picked":"SKIP","floor":46},{"not_picked":["Barrage","Creative AI"],"picked":"SKIP","floor":47},{"not_picked":["Steam+1"],"picked":"Sunder+1","floor":48},{"not_picked":["Heatsinks"],"picked":"Coolheaded+1","floor":54}],"player_experience":54507,"relics_obtained":[{"floor":6.0,"key":"Pear"},{"floor":7.0,"key":"Strawberry"},{"floor":8.0,"key":"Regal Pillow"},{"floor":9.0,"key":"Blood Vial"},{"floor":14.0,"key":"Letter Opener"},{"floor":23.0,"key":"Toxic Egg 2"},{"floor":28.0,"key":"Thread and Needle"},{"floor":29.0,"key":"Enchiridion"},{"floor":40,"key":"Happy Flower"},{"floor":43,"key":"Question Card"},{"floor":47,"key":"Mango"},{"floor":54,"key":"InkBottle"}],"event_choices":[{"damage_healed":0.0,"max_hp_gain":0.0,"max_hp_loss":0.0,"gold_gain":75.0,"event_name":"World of Goop","player_choice":"Gather Gold","floor":5.0,"gold_loss":0.0,"damage_taken":11.0},{"damage_healed":0.0,"max_hp_gain":0.0,"max_hp_loss":0.0,"gold_gain":0.0,"event_name":"Dead Adventurer","player_choice":"Searched \u00271\u0027 times","floor":7.0,"gold_loss":0.0,"damage_taken":0.0},{"damage_healed":0.0,"max_hp_gain":0.0,"max_hp_loss":0.0,"gold_gain":0.0,"event_name":"Duplicator","player_choice":"Copied","floor":20.0,"gold_loss":0.0,"damage_taken":0.0,"cards_obtained":["Gash"]},{"cards_removed":["Strike_B"],"damage_healed":0.0,"max_hp_gain":0.0,"max_hp_loss":0.0,"gold_gain":0.0,"event_name":"Beggar","player_choice":"Gave Gold","floor":25.0,"gold_loss":75.0,"damage_taken":0.0},{"damage_healed":0.0,"max_hp_gain":0.0,"max_hp_loss":0.0,"gold_gain":0.0,"event_name":"The Mausoleum","player_choice":"Opened","floor":27.0,"gold_loss":0.0,"damage_taken":0.0,"relics_obtained":["Du-Vu Doll"],"cards_obtained":["Writhe"]},{"damage_healed":0.0,"max_hp_gain":0.0,"max_hp_loss":0.0,"gold_gain":0.0,"event_name":"Cursed Tome","player_choice":"Obtained Book","floor":29.0,"gold_loss":0.0,"damage_taken":16.0},{"damage_healed":0,"gold_gain":0,"player_choice":"2 cards matched","damage_taken":0,"max_hp_gain":0,"max_hp_loss":0,"event_name":"Match and Keep!","floor":30,"gold_loss":0,"cards_obtained":["Zap","Bandage Up"]},{"cards_removed":["Melter"],"damage_healed":0,"gold_gain":0,"player_choice":"Removed Attack","damage_taken":0,"max_hp_gain":0,"max_hp_loss":0,"event_name":"Falling","floor":42,"gold_loss":0},{"damage_healed":0,"gold_gain":0,"player_choice":"Memory 1","damage_taken":0,"max_hp_gain":0,"max_hp_loss":0,"event_name":"SensoryStone","floor":44,"gold_loss":0},{"damage_healed":23,"gold_gain":0,"player_choice":"Writhe","damage_taken":0,"max_hp_gain":0,"max_hp_loss":0,"event_name":"Winding Halls","floor":45,"gold_loss":0,"cards_obtained":["Writhe"]}],"is_beta":false,"boss_relics":[{"not_picked":["Runic Dome","SlaversCollar"],"picked":"Coffee Dripper"},{"not_picked":["Astrolabe","Sozu"],"picked":"Busted Crown"}],"items_purged_floors":[31],"is_endless":false,"potions_floor_spawned":[2,3,11,13,16,19,23,33,38,39,40,48],"killed_by":"The Heart","ascension_level":1}}