{"host":"Luke","time":1613308840,"event":{"mods":["BaseMod","Downfall","Hermit","Minty Spire (QoL Compilation)","StSLib","The Saiyan"],"gold_per_floor":[99,116,101,551,551,551,551,566,36,36,69,69,81,112,123,218,218,118,132,17,27,39,39,39,54,4,0,20,20,20,5,22,124,124,24,24,34,83,133,133,181,197,197,207,257,157,187,31,50,50,50,50],"floor_reached":50,"language":"ENG","playtime":6181,"items_purged":["downfall:Malfunctioning","downfall:Icky","downfall:Icky"],"score":603,"play_id":"2a9b1fb3-d86c-40f2-9a06-f0a24177e86a","local_time":"20210214132040","is_ascension_mode":false,"campfire_choices":[{"floor":12,"key":"REST"},{"floor":18,"key":"RECALL"},{"floor":29,"key":"REST"},{"floor":43,"key":"REST"},{"floor":46,"key":"REST"}],"circlet_count":0,"master_deck":["sneckomod:Strike+1","sneckomod:Strike+1","sneckomod:Defend+1","sneckomod:Defend+1","sneckomod:TailWhip","sneckomod:Unknown","Offering","sneckomod:SoulRoll","downfall:Icky","sneckomod:UnknownCommonAttack","hermit:TakeCover","sneckomod:UnknownRareAttack","sneckomod:SlitherStrike","sneckomod:UnknownStrike","Evolve+1","sneckomod:SerpentIdol","sneckomod:SoulDraw","sneckomod:Unknown0Cost","sneckomod:Restock","sneckomod:SoulDraw+1","sneckomod:Unknown2Cost+1","sneckomod:UnlimitedRolls+1","sneckomod:IronFang","sneckomod:SnekBeam+1","sneckomod:UnknownDraw","bronze:BurnOut","sneckomod:SoulExchange","sneckomod:SoulCleanse+1","sneckomod:UnknownBlock+1","sneckomod:Cheat","sneckomod:Unknown0Cost","sneckomod:Restock","Flex+1","sneckomod:UnknownCommonSkill+1","sneckomod:DefensiveFlair+1","sneckomod:UnknownRarePower","sneckomod:UnendingSupply","expansioncontent:AwakenDeath","expansioncontent:PrepareCrush","sneckomod:UnknownDraw","sneckomod:SerpentIdol+1","sneckomod:DiceBlock+1","sneckomod:Mudshield"],"relics":["sneckomod:SneckoSoul","sneckomod:LoadedDie","Mango","Toolbox","Whetstone","Ancient Tea Set","Astrolabe","downfall:HeartBlessingGreen","HornCleat","Runic Pyramid","downfall:HeartBlessingRed","Lizard Tail","PreservedInsect","Anchor","CaptainsWheel","downfall:HeartBlessingBlue","Lantern","OrangePellets"],"acts_visited":["Exordium","TheCity","TheBeyond"],"potions_floor_usage":[14,14,16,20,21,22,28,31,37,50],"damage_taken":[{"damage":6,"enemies":"Cultist","floor":2,"turns":3},{"damage":0,"enemies":"downfall:FleeingMerchant","floor":3,"turns":4},{"damage":6,"enemies":"Small Slimes","floor":8,"turns":2},{"damage":6,"enemies":"downfall:FleeingMerchant","floor":9,"turns":4},{"damage":18,"enemies":"Gremlin Nob","floor":11,"turns":4},{"damage":6,"enemies":"2 Louse","floor":13,"turns":2},{"damage":18,"enemies":"Lagavulin","floor":14,"turns":3},{"damage":7,"enemies":"Exordium Thugs","floor":15,"turns":3},{"damage":17,"enemies":"DF_ARCHETYPE_STREAMLINE","floor":16,"turns":9},{"damage":6,"enemies":"3 Byrds","floor":19,"turns":2},{"damage":6,"enemies":"downfall:FleeingMerchant","floor":20,"turns":4},{"damage":6,"enemies":"Shell Parasite","floor":21,"turns":4},{"damage":8,"enemies":"Centurion and Healer","floor":22,"turns":5},{"damage":10,"enemies":"Cultist and Chosen","floor":25,"turns":3},{"damage":2,"enemies":"downfall:FleeingMerchant","floor":27,"turns":4},{"damage":39,"enemies":"Chosen and Byrds","floor":28,"turns":5},{"damage":17,"enemies":"downfall:FleeingMerchant","floor":31,"turns":4},{"damage":7,"enemies":"Shelled Parasite and Fungi","floor":32,"turns":2},{"damage":75,"enemies":"WA_ARCHETYPE_CALM","floor":33,"turns":15},{"damage":44,"enemies":"3 Darklings","floor":37,"turns":5},{"damage":12,"enemies":"2 Orb Walkers","floor":38,"turns":3},{"damage":0,"enemies":"downfall:FleeingMerchant","floor":39,"turns":2},{"damage":7,"enemies":"Orb Walker","floor":42,"turns":3},{"damage":13,"enemies":"3 Darklings","floor":44,"turns":5},{"damage":106,"enemies":"3 Darklings","floor":45,"turns":10},{"damage":10,"enemies":"Reptomancer","floor":47,"turns":4},{"damage":29,"enemies":"4 Shapes","floor":49,"turns":6},{"damage":125,"enemies":"IC_BLOCK_ARCHETYPE","floor":50,"turns":9}],"seed_played":"9173986760757781018","potions_obtained":[{"floor":8,"key":"SteroidPotion"},{"floor":11,"key":"bronze:BurnAndBuffPotion"},{"floor":13,"key":"AttackPotion"},{"floor":14,"key":"SpeedPotion"},{"floor":15,"key":"LiquidBronze"},{"floor":19,"key":"SteroidPotion"},{"floor":21,"key":"DistilledChaos"},{"floor":25,"key":"Weak Potion"},{"floor":28,"key":"sneckomod:MuddlingPotion"},{"floor":33,"key":"SpeedPotion"},{"floor":38,"key":"SpeedPotion"},{"floor":44,"key":"LiquidBronze"},{"floor":47,"key":"Dexterity Potion"},{"floor":49,"key":"sneckomod:CheatPotion"}],"is_trial":false,"path_per_floor":["R","M","$","?","?","?","T","M","$","R","E","R","M","E","M","B",null,"R","M","$","M","M","R","T","M","?","$","M","R","?","$","M","B",null,"R","?","M","?","$","?","T","M","R","M","?","R","E","$","M","B"],"character_chosen":"THE_SNECKO","items_purchased":["Mango","Toolbox","sneckomod:UnendingSupply","PreservedInsect","OrangePellets"],"campfire_rested":4,"item_purchase_floors":[9,9,39,39,48],"current_hp_per_floor":[99,93,93,93,93,93,93,87,95,95,77,110,104,86,79,62,113,113,107,101,99,91,91,91,81,113,111,72,105,105,93,86,21,113,113,113,69,57,57,52,52,45,78,65,36,82,72,72,48,0,0,0],"gold":50,"neow_bonus":"TEN_PERCENT_HP_BONUS","is_daily":false,"chose_seed":false,"campfire_upgraded":0,"win_rate":0.0,"timestamp":1613308840,"path_taken":["R","M","$","?","?","?","T","?","?","R","E","R","M","E","M","BOSS","R","M","?","M","M","R","T","M","?","?","M","R","?","$","M","BOSS","R","?","M","?","$","?","T","M","R","?","?","R","E","$","M","BOSS"],"items_purchased_type":["Relic","Relic","Card","Relic","Relic"],"build_version":"2020-12-18","purchased_purges":3,"victory":false,"max_hp_per_floor":[99,99,99,99,99,99,99,99,113,113,113,113,113,113,113,113,113,113,113,113,113,113,113,113,113,113,113,113,113,113,113,113,113,113,113,113,113,113,113,113,113,113,113,113,113,123,123,123,123,123,123,123],"card_choices":[{"not_picked":["sneckomod:DiceBlock","sneckomod:UnknownVulnerable"],"picked":"sneckomod:UnknownUncommonPower","floor":2},{"not_picked":["sneckomod:UnknownX","sneckomod:UnknownDraw"],"picked":"sneckomod:SoulRoll","floor":3},{"not_picked":["sneckomod:QuickMove","sneckomod:SoulCleanse"],"picked":"sneckomod:SlitherStrike","floor":8},{"not_picked":["sneckomod:QuickBite","sneckomod:DiceBlock"],"picked":"sneckomod:UnknownStrike","floor":9},{"not_picked":["sneckomod:ImprovisedGuard","sneckomod:DiceBoulder"],"picked":"sneckomod:SerpentIdol","floor":11},{"not_picked":["sneckomod:UnknownDraw","sneckomod:MasterEye"],"picked":"sneckomod:SoulDraw","floor":13},{"not_picked":["sneckomod:UnknownBlock","sneckomod:UnknownVulnerable"],"picked":"sneckomod:Unknown0Cost","floor":14},{"not_picked":["sneckomod:QuickBite","sneckomod:DefensiveFlair"],"picked":"sneckomod:Unknown2Cost","floor":15},{"not_picked":["sneckomod:Unknown3Cost","sneckomod:SoulExchange"],"picked":"sneckomod:Restock","floor":16},{"not_picked":["sneckomod:UnknownBlock","sneckomod:UnknownClassTHE_BRONZE_AUTOMATON"],"picked":"sneckomod:IronFang","floor":19},{"not_picked":["sneckomod:MasterEye","sneckomod:RainOfDice","sneckomod:UnknownClassRED"],"picked":"SKIP","floor":20},{"not_picked":["sneckomod:UnknownClassRED","sneckomod:Unknown0Cost"],"picked":"sneckomod:SnekBeam+1","floor":21},{"not_picked":["sneckomod:UnknownClassRED","sneckomod:ImprovisedGuard"],"picked":"sneckomod:UnknownDraw","floor":22},{"not_picked":["sneckomod:UnknownExhaust","sneckomod:SoulRoll"],"picked":"sneckomod:SoulExchange","floor":25},{"not_picked":["sneckomod:SoulDraw","sneckomod:Unknown1Cost+1"],"picked":"sneckomod:SoulCleanse+1","floor":27},{"not_picked":["sneckomod:QuickMove","sneckomod:QuickBite"],"picked":"sneckomod:UnknownBlock+1","floor":28},{"not_picked":["sneckomod:UnknownWeak","sneckomod:UnknownCommonAttack"],"picked":"sneckomod:Unknown0Cost","floor":31},{"not_picked":["sneckomod:UnknownWeak","sneckomod:Nope"],"picked":"sneckomod:Unknown0Cost+1","floor":32},{"not_picked":["sneckomod:Cheat","sneckomod:DangerNoodle"],"picked":"sneckomod:Restock","floor":33},{"not_picked":["sneckomod:RainOfDice","sneckomod:UnknownClassTHE_CHAMP_GRAY"],"picked":"sneckomod:UnknownCommonSkill+1","floor":37},{"not_picked":["sneckomod:UnknownStrike","sneckomod:UnknownClassRED+1"],"picked":"sneckomod:DefensiveFlair+1","floor":38},{"not_picked":["sneckomod:UnknownBlock","sneckomod:WideSting"],"picked":"sneckomod:UnknownRarePower","floor":39},{"not_picked":["expansioncontent:InvincibleStrength","expansioncontent:Chronoboost"],"picked":"expansioncontent:AwakenDeath","floor":40},{"not_picked":["expansioncontent:Hexaburn","expansioncontent:LastStand"],"picked":"expansioncontent:PrepareCrush","floor":40},{"not_picked":["sneckomod:SoulExchange","sneckomod:Nope"],"picked":"sneckomod:UnknownDraw","floor":42},{"not_picked":["sneckomod:SoulDraw","sneckomod:Nope"],"picked":"sneckomod:SerpentIdol+1","floor":44},{"not_picked":["sneckomod:SoulDraw+1","sneckomod:UnknownVulnerable"],"picked":"sneckomod:DiceBlock+1","floor":45},{"not_picked":["sneckomod:DiceBlock","sneckomod:UnknownExhaust","sneckomod:UnknownCommonSkill"],"picked":"SKIP","floor":47},{"not_picked":["sneckomod:SoulCleanse","sneckomod:UnknownClassTHE_BRONZE_AUTOMATON"],"picked":"sneckomod:Mudshield","floor":49}],"player_experience":732298,"relics_obtained":[{"floor":7,"key":"sneckomod:LoadedDie"},{"floor":11,"key":"Whetstone"},{"floor":14,"key":"Ancient Tea Set"},{"floor":24,"key":"HornCleat"},{"floor":38,"key":"Lizard Tail"},{"floor":41,"key":"Anchor"},{"floor":45,"key":"CaptainsWheel"},{"floor":47,"key":"Lantern"}],"event_choices":[{"damage_healed":0,"gold_gain":0,"player_choice":"Read","damage_taken":0,"max_hp_gain":0,"max_hp_loss":0,"event_name":"The Library","floor":30,"gold_loss":0,"cards_obtained":["sneckomod:Cheat"]},{"damage_healed":0,"gold_gain":0,"player_choice":"Fight","damage_taken":0,"max_hp_gain":0,"max_hp_loss":0,"event_name":"Mysterious Sphere","floor":38,"gold_loss":0}],"is_beta":true,"boss_relics":[{"not_picked":["Pandora\u0027s Box","Velvet Choker"],"picked":"Astrolabe"},{"not_picked":["Cursed Key","Runic Dome"],"picked":"Runic Pyramid"}],"items_purged_floors":[9,20,39],"is_endless":false,"potions_floor_spawned":[8,11,13,14,15,19,21,25,28,33,38,44,45,47,49],"killed_by":"IC_BLOCK_ARCHETYPE","ascension_level":0}}