{"host":"fbtt2xdrd49xyqed","time":1613338564,"event":{"mods":["Act Like it!","BaseMod","Gensokyo","Koishi","Marisa£®ÏF”Í°°ƒß¿Ì…≥£©","Minty Spire (QoL Compilation)","Remilia£®¿Ÿ√◊¿Ú—«£©","StSLib","The Servant 0.9.4"],"gold_per_floor":[116,134,148,166,186,212,212,242,242,258,258,277,38,57,57,154,154,672,672,200,50,50,50],"floor_reached":22,"language":"ZHS","playtime":966,"items_purged":["Strike_S"],"score":243,"play_id":"c7650875-a92c-4c84-b52f-6e73521b5a7f","local_time":"20210215053604","is_ascension_mode":true,"campfire_choices":[{"data":"SilverBlades","floor":7,"key":"SMITH"},{"floor":15,"key":"REST"}],"circlet_count":0,"master_deck":["Strike_S","Strike_S","Strike_S","Defend_S","Defend_S","Defend_S","Defend_S","KidneyShot","Exchange","InstantArmor","SilverBlades+1","WasteNot","BestPractice","InstantArmor","KillingDoll","Misdirection","Initiator","Starlight","GearUp","Gensokyo:Shovel","Gensokyo:ScrapIron","Gensokyo:LockedMedkit","StarChef"],"relics":["Uniform","NeowsBlessing","Orichalcum","Pocketwatch","Ornamental Fan","Bird Faced Urn","TheAbacus","Bag of Preparation","MysterySword","Pan","Medical Kit"],"acts_visited":["Gensokyo:Gensokyo","Gensokyo:Gensokyoer"],"potions_floor_usage":[8,8],"damage_taken":[{"damage":0,"enemies":"Gensokyo:Python","floor":1,"turns":1},{"damage":0,"enemies":"Gensokyo:Gryphon","floor":2,"turns":1},{"damage":0,"enemies":"Gensokyo:2_Kodama","floor":3,"turns":1},{"damage":19,"enemies":"Gensokyo:Gryphon_and_Rabbit","floor":4,"turns":7},{"damage":0,"enemies":"Gensokyo:Kitsune","floor":5,"turns":4},{"damage":12,"enemies":"Gensokyo:Mamizou","floor":6,"turns":8},{"damage":0,"enemies":"Gensokyo:Cirno","floor":8,"turns":5},{"damage":11,"enemies":"Gensokyo:3_Kodama","floor":10,"turns":7},{"damage":0,"enemies":"Gensokyo:CorruptedTreant","floor":12,"turns":6},{"damage":0,"enemies":"Gensokyo:2_Rabbits","floor":14,"turns":6},{"damage":4,"enemies":"Gensokyo:Kokoro","floor":16,"turns":9},{"damage":44,"enemies":"Gensokyo:3_Dogs","floor":18,"turns":6},{"damage":29,"enemies":"Gensokyo:AngelMirror","floor":22,"turns":2}],"seed_played":"6330412074165540104","potions_obtained":[{"floor":3,"key":"Explosive Potion"},{"floor":5,"key":"Explosive Potion"},{"floor":6,"key":"Explosive Potion"},{"floor":10,"key":"EssenceOfSteel"},{"floor":14,"key":"EssenceOfSteel"}],"is_trial":false,"path_per_floor":["M","M","M","M","M","E","R","E","T","M","?","M","COS","M","R","B",null,"M","?","COS","$","M"],"character_chosen":"THE_SERVANT","items_purchased":["StarChef"],"campfire_rested":1,"item_purchase_floors":[21],"current_hp_per_floor":[65,65,65,46,46,34,34,34,34,23,10,16,16,22,41,43,65,27,27,27,27,0,0],"gold":50,"neow_bonus":"THREE_ENEMY_KILL","is_daily":false,"chose_seed":false,"campfire_upgraded":1,"win_rate":0.0,"timestamp":1613338564,"path_taken":["M","M","M","?","M","E","R","E","T","M","?","M","COS","M","R","BOSS","M","?","COS","?","M"],"items_purchased_type":["Card"],"build_version":"2020-12-22","purchased_purges":1,"victory":false,"max_hp_per_floor":[65,65,65,65,65,65,65,65,65,65,65,65,65,65,65,65,65,65,65,65,65,65,65],"card_choices":[{"not_picked":["ShatteredReality","FastForward"],"picked":"InstantArmor","floor":1},{"not_picked":["Rewind","Collapse","DoubleEdge"],"picked":"SKIP","floor":2},{"not_picked":["Starlight","Defy"],"picked":"SilverBlades","floor":3},{"not_picked":["Contraction","ShiftingGears"],"picked":"WasteNot","floor":4},{"not_picked":["Rewind","Ricochet"],"picked":"BestPractice","floor":5},{"not_picked":["Potential","Advance"],"picked":"InstantArmor","floor":6},{"not_picked":["ShatteredReality","Snipe"],"picked":"KillingDoll","floor":8},{"not_picked":["Rearm","Hightail"],"picked":"Misdirection","floor":10},{"not_picked":["Unruled","Alleviate","Ricochet"],"picked":"SKIP","floor":12},{"not_picked":["DoubleEdge","Rewind","Potential"],"picked":"SKIP","floor":14},{"not_picked":["KillingDoll","Deny"],"picked":"Initiator","floor":16},{"not_picked":["Rearm+1","Barrier"],"picked":"Starlight","floor":18}],"player_experience":747868,"relics_obtained":[{"floor":6,"key":"Orichalcum"},{"floor":8,"key":"Pocketwatch"},{"floor":9,"key":"Ornamental Fan"}],"event_choices":[],"is_beta":false,"boss_relics":[{"not_picked":["Sozu","Philosopher\u0027s Stone"],"picked":"MysterySword"}],"items_purged_floors":[21],"is_endless":false,"potions_floor_spawned":[3,5,6,10,14,18],"killed_by":"Gensokyo:AngelMirror","ascension_level":2}}