{"host":"7iv10lxbxedtd0qh","time":1613330720,"event":{"mods":["100% Spire Juice","Act Like it!","BaseMod","Bestiary","CapriCore","Colored Map","Colored Powertips","Downfall","Minty Spire (QoL Compilation)","Spire Arcade","StSLib","The Alterego","The Immortal","The Marked","TheVacant"],"gold_per_floor":[158,13,71,101,153,153,258,258,258,308,308,373,373,373,373,501,501,544,633,633,558,558,558,558,558,558,558,583,583,583],"floor_reached":28,"language":"ENG","playtime":1398,"items_purged":[],"score":235,"play_id":"636798a7-cb64-4739-95f1-69cd3bb3bd18","local_time":"20210214202520","is_ascension_mode":true,"campfire_choices":[{"data":"HandOfGreed","floor":6,"key":"SMITH"},{"data":"MokouMod:ResonanceReactor","floor":8,"key":"SMITH"},{"data":"MokouMod:ResonanceReactor","floor":15,"key":"SMITH"},{"data":"MokouMod:RetainTemperature","floor":23,"key":"SMITH"},{"data":"MokouMod:Scorch","floor":25,"key":"SMITH"},{"data":"MokouMod:Sear","floor":27,"key":"SMITH"}],"circlet_count":0,"master_deck":["MokouMod:Strike","MokouMod:Strike","MokouMod:Strike","MokouMod:Strike","MokouMod:Defend","MokouMod:Defend","MokouMod:Defend","MokouMod:Defend","MokouMod:HeatSpark","HandOfGreed+1","MokouMod:Sear+1","MokouMod:DanceofFlames","MokouMod:ResonanceReactor+1","MokouMod:GuidingSmoke","MokouMod:RoaringFlare","MokouMod:ResonanceReactor+1","MokouMod:PhoenixForm","MokouMod:Scorch+1","MokouMod:RetainTemperature+1"],"relics":["MokouMod:PhoenixFeather","PreservedInsect","Darkstone Periapt","Mummified Hand","Dream Catcher","SlaversCollar","Eternal Feather"],"acts_visited":["Exordium","TheCity"],"potions_floor_usage":[7,16,16,28],"damage_taken":[{"damage":4,"enemies":"Small Slimes","floor":1,"turns":3},{"damage":0,"enemies":"2 Louse","floor":3,"turns":3},{"damage":0,"enemies":"Jaw Worm","floor":4,"turns":1},{"damage":1,"enemies":"Exordium Wildlife","floor":5,"turns":5},{"damage":26,"enemies":"3 Sentries","floor":7,"turns":11},{"damage":22,"enemies":"Gremlin Nob","floor":10,"turns":4},{"damage":5,"enemies":"2 Fungi Beasts","floor":12,"turns":6},{"damage":44,"enemies":"Slime Boss","floor":16,"turns":11},{"damage":29,"enemies":"Spheric Guardian","floor":18,"turns":6},{"damage":10,"enemies":"3 Byrds","floor":19,"turns":10},{"damage":35,"enemies":"Shelled Parasite and Fungi","floor":28,"turns":4}],"seed_played":"2404439509776339833","potions_obtained":[{"floor":3,"key":"SteroidPotion"},{"floor":4,"key":"SpeedPotion"},{"floor":12,"key":"Fruit Juice"},{"floor":16,"key":"Dexterity Potion"},{"floor":19,"key":"DistilledChaos"}],"is_trial":false,"path_per_floor":["M","$","M","M","M","R","E","R","T","E","?","M","?","?","R","B",null,"M","M","?","?","?","R","?","R","T","R","M"],"character_chosen":"MKU","items_purchased":["PreservedInsect"],"campfire_rested":0,"item_purchase_floors":[2],"current_hp_per_floor":[50,50,50,50,49,49,23,23,23,1,1,16,16,16,16,20,80,51,41,41,41,26,26,26,26,26,35,0,0,0],"gold":583,"neow_bonus":"RANDOM_COLORLESS_2","is_daily":false,"chose_seed":false,"campfire_upgraded":6,"win_rate":0.0,"timestamp":1613330720,"path_taken":["M","$","M","M","M","R","E","R","T","E","?","M","?","?","R","BOSS","M","M","?","?","?","R","?","R","T","R","M"],"items_purchased_type":["Relic"],"build_version":"2020-12-22","purchased_purges":0,"victory":false,"max_hp_per_floor":[75,75,75,75,75,75,75,75,75,75,75,75,75,75,75,80,80,80,80,80,80,85,85,85,85,85,85,85,85,85],"card_choices":[{"not_picked":["Violence","The Bomb"],"picked":"HandOfGreed","floor":0},{"not_picked":["MokouMod:ScorchingColumn","MokouMod:Singe"],"picked":"MokouMod:Sear","floor":1},{"not_picked":["MokouMod:RoaringFlare","MokouMod:RetainTemperature"],"picked":"MokouMod:DanceofFlames","floor":3},{"not_picked":["MokouMod:AdaptivePyromancy","MokouMod:RetainTemperature"],"picked":"MokouMod:ResonanceReactor","floor":4},{"not_picked":["MokouMod:Ember","MokouMod:RadiantBlade"],"picked":"MokouMod:GuidingSmoke","floor":5},{"not_picked":["MokouMod:Singe","MokouMod:Scorch"],"picked":"MokouMod:RoaringFlare","floor":7},{"not_picked":["MokouMod:FlickeringFlame","MokouMod:Cataclysm","MokouMod:FujiyamaVolcano"],"picked":"SKIP","floor":10},{"not_picked":["MokouMod:IllusoryBattlefield","MokouMod:Overheat"],"picked":"MokouMod:ResonanceReactor","floor":12},{"not_picked":["MokouMod:BurningHiddenBullet","MokouMod:ExplosiveFlame"],"picked":"MokouMod:PhoenixForm","floor":16},{"not_picked":["MokouMod:Firecracker+1","MokouMod:ControlledCombustion"],"picked":"MokouMod:Scorch","floor":18},{"not_picked":["MokouMod:ShiftIgnition","MokouMod:Firecracker","MokouMod:RetainTemperature"],"picked":"SKIP","floor":19},{"not_picked":["MokouMod:ShiftIgnition","MokouMod:Firecracker"],"picked":"MokouMod:RetainTemperature","floor":19}],"player_experience":863089,"relics_obtained":[{"floor":7,"key":"Darkstone Periapt"},{"floor":9,"key":"Mummified Hand"},{"floor":10,"key":"Dream Catcher"},{"floor":26,"key":"Eternal Feather"}],"event_choices":[{"damage_healed":0,"gold_gain":0,"player_choice":"Fled","damage_taken":0,"max_hp_gain":0,"max_hp_loss":0,"event_name":"Scrap Ooze","floor":11,"gold_loss":0},{"damage_healed":0,"gold_gain":0,"player_choice":"Ignored","damage_taken":0,"max_hp_gain":0,"max_hp_loss":0,"event_name":"Liars Game","floor":14,"gold_loss":0},{"cards_removed":["MokouMod:Strike"],"damage_healed":0,"gold_gain":0,"player_choice":"Gave Gold","damage_taken":0,"max_hp_gain":0,"max_hp_loss":0,"event_name":"Beggar","floor":21,"gold_loss":75},{"damage_healed":0,"gold_gain":0,"player_choice":"Shed Blood","damage_taken":20,"max_hp_gain":5,"max_hp_loss":0,"event_name":"Forgotten Altar","floor":22,"gold_loss":0},{"damage_healed":0,"gold_gain":0,"player_choice":"Ignored","damage_taken":0,"max_hp_gain":0,"max_hp_loss":0,"event_name":"Ghosts","floor":24,"gold_loss":0}],"is_beta":false,"boss_relics":[{"not_picked":["Fusion Hammer","Pandora\u0027s Box"],"picked":"SlaversCollar"}],"items_purged_floors":[],"is_endless":false,"potions_floor_spawned":[3,4,12,16,19],"killed_by":"Shelled Parasite and Fungi","ascension_level":1}}