{"host":"4gkev1dtxxhiue3x","time":1613308237,"event":{"mods":["AchievementEnabler","BaseMod","Colored Powertips","Minty Spire (QoL Compilation)","Relic Stats","Robot Space Explorer","StSLib","The Hierophant"],"gold_per_floor":[114,130,130,230,242,242,272,117,164,221,220,220,190,205,205,165,165],"floor_reached":16,"language":"ENG","playtime":810,"items_purged":["Regret"],"score":100,"play_id":"f9f36d27-b02a-442b-8eaa-a9a3bbe18e69","local_time":"20210214141037","is_ascension_mode":false,"campfire_choices":[{"data":"hierophant:DisplayOfPower","floor":6,"key":"SMITH"},{"floor":12,"key":"REST"},{"floor":15,"key":"REST"}],"circlet_count":0,"master_deck":["hierophant:Strike_Hierophant","hierophant:Strike_Hierophant","hierophant:Strike_Hierophant","hierophant:Strike_Hierophant","hierophant:Punish","hierophant:Defend_Hierophant","hierophant:Defend_Hierophant","hierophant:Defend_Hierophant","hierophant:Defend_Hierophant","hierophant:ChurchCoffers","hierophant:DisplayOfPower+1","hierophant:Glossolalia","hierophant:Glossolalia","hierophant:FlamingChariot","hierophant:Martyrdom","hierophant:Patience","hierophant:DisplayOfPower","hierophant:Doomsaying"],"relics":["hierophant:PropheticMaskRelic","NeowsBlessing","Anchor","Tiny Chest","Happy Flower","Question Card"],"acts_visited":["Exordium"],"potions_floor_usage":[10,14,14],"damage_taken":[{"damage":0,"enemies":"Cultist","floor":1,"turns":1},{"damage":0,"enemies":"Small Slimes","floor":2,"turns":1},{"damage":0,"enemies":"Jaw Worm","floor":5,"turns":1},{"damage":47,"enemies":"Gremlin Nob","floor":7,"turns":5},{"damage":14,"enemies":"Gremlin Nob","floor":10,"turns":3},{"damage":3,"enemies":"Red Slaver","floor":11,"turns":2},{"damage":0,"enemies":"2 Fungi Beasts","floor":14,"turns":2},{"damage":66,"enemies":"The Guardian","floor":16,"turns":6}],"seed_played":"-4251207108821646426","potions_obtained":[{"floor":7,"key":"DuplicationPotion"},{"floor":10,"key":"Fire Potion"},{"floor":13,"key":"SteroidPotion"},{"floor":13,"key":"Fruit Juice"},{"floor":14,"key":"SmokeBomb"}],"is_trial":false,"path_per_floor":["M","M","?","?","M","R","E","$","T","?","M","R","?","M","R","B"],"character_chosen":"HIEROPHANT","items_purchased":["hierophant:Martyrdom"],"campfire_rested":2,"item_purchase_floors":[8],"current_hp_per_floor":[75,75,75,75,75,75,28,28,28,14,11,33,33,38,62,0,0],"gold":165,"neow_bonus":"THREE_ENEMY_KILL","is_daily":false,"chose_seed":false,"campfire_upgraded":1,"win_rate":0.0,"timestamp":1613308237,"path_taken":["M","?","?","?","?","R","E","$","T","?","M","R","?","M","R","BOSS"],"items_purchased_type":["Card"],"build_version":"2020-12-22","purchased_purges":1,"victory":false,"max_hp_per_floor":[75,75,75,75,75,75,75,75,75,75,75,75,75,80,80,80,80],"relic_stats":{"Happy Flower":[4],"counters":[8,21],"Tiny Chest":0,"Question Card":2,"obtain_stats":[{"Anchor":3,"NeowsBlessing":0,"Happy Flower":9,"hierophant:PropheticMaskRelic":0,"Tiny Chest":7,"Question Card":10},{"Anchor":2,"NeowsBlessing":0,"Happy Flower":4,"hierophant:PropheticMaskRelic":0,"Tiny Chest":4,"Question Card":5},{"Anchor":2,"NeowsBlessing":0,"Happy Flower":8,"hierophant:PropheticMaskRelic":0,"Tiny Chest":8,"Question Card":11}]},"card_choices":[{"not_picked":["hierophant:SealAway","hierophant:ThreeLashes"],"picked":"hierophant:DisplayOfPower","floor":1},{"not_picked":["hierophant:Repentance","hierophant:Shelter"],"picked":"hierophant:Glossolalia","floor":2},{"not_picked":["hierophant:Alms","hierophant:Remorse"],"picked":"hierophant:Glossolalia","floor":5},{"not_picked":["hierophant:ConvertCurrency","hierophant:SealAway"],"picked":"hierophant:FlamingChariot","floor":7},{"not_picked":["hierophant:Smite","hierophant:MirrorShield"],"picked":"hierophant:Patience","floor":10},{"not_picked":["hierophant:Smite","hierophant:SealAway","hierophant:Patience"],"picked":"hierophant:DisplayOfPower","floor":11},{"not_picked":["hierophant:FlamingChariot","hierophant:Flagellation","hierophant:FieryStrike"],"picked":"hierophant:Doomsaying","floor":14}],"player_experience":154138,"relics_obtained":[{"floor":7,"key":"Tiny Chest"},{"floor":9,"key":"Happy Flower"},{"floor":10,"key":"Question Card"}],"event_choices":[{"damage_healed":0,"gold_gain":0,"player_choice":"Box","damage_taken":0,"relics_obtained":["Anchor"],"max_hp_gain":0,"max_hp_loss":0,"event_name":"Big Fish","floor":3,"gold_loss":0,"cards_obtained":["Regret"]},{"damage_healed":0,"gold_gain":100,"player_choice":"Gold","damage_taken":0,"max_hp_gain":0,"max_hp_loss":0,"event_name":"Wheel of Change","floor":4,"gold_loss":0},{"damage_healed":0,"gold_gain":0,"player_choice":"Searched \u00271\u0027 times","damage_taken":0,"max_hp_gain":0,"max_hp_loss":0,"event_name":"Dead Adventurer","floor":10,"gold_loss":0},{"damage_healed":0,"gold_gain":0,"player_choice":"Bought 2 Potions","damage_taken":0,"max_hp_gain":0,"max_hp_loss":0,"event_name":"The Woman in Blue","floor":13,"gold_loss":0}],"is_beta":false,"boss_relics":[],"items_purged_floors":[8],"is_endless":false,"potions_floor_spawned":[7,10,14],"killed_by":"The Guardian","ascension_level":0}}