{"host":"yqm","time":1613300600,"event":{"mods":["ATMod(阿瑾Mod)","BaseMod","Challenge The Spire","Colored Map","Colored Powertips","DeckTracker","Good Game Mod","Minty Spire (QoL Compilation)","MostiFishMod","Quick Restart","Relic Filter","Relic Filter Mod","Relic Stats","Remove Card Discount Mod","StSLib","TestMod","noobMod","篝火指南"],"gold_per_floor":[115,128,128,138,124,158,175,205,255,888,1507,1507,2134,2134,2134,3423,3423,4047,4097,3759,3759,4375,5011,5011,5647,5673,6316,6231,6247,5914,7129,5928,6633,6633,6656,6989,6416,6559,6959,7726,7818,7884,7910,7950,7950,8009,8120,8264,7941,8666,8716,8716,8100,8100,8186,8211],"floor_reached":57,"language":"ZHS","playtime":3843,"items_purged":["Strike_B","Strike_B","Strike_B","Defend_B","Defend_B","Defend_B","Defend_B"],"score":3731,"play_id":"7bd225b0-c0d5-4af4-a72d-fe7a9277fce3","local_time":"20210214190320","is_ascension_mode":true,"campfire_choices":[{"data":"AT_RightCognition","floor":12.0,"key":"SMITH"},{"data":"Coolheaded","floor":15.0,"key":"SMITH"},{"data":"MostiFishMod:Impulse","floor":24.0,"key":"SMITH"},{"floor":45,"key":"RECALL"}],"circlet_count":0,"master_deck":["AscendersBane","Zap","Dualcast","Deep Breath+1","AT_RightCognition+1","MostiFishMod:Impulse+1","MostiFishMod:GatherIntelligence+1","Coolheaded+1","MostiFishMod:DeathFromBelow","Blizzard","MostiFishMod:DawningShadow","Capacitor","MostiFishMod:StrandedSiren+1","testmod-ShutDown","Heatsinks","Capacitor+1","Glacier+1","AT_ThunderBolt","AT_RightCognition","AT_StudyProgram","AT_EMC2+1","MostiFishMod:Overload","AT_DarkMatter","Coolheaded+1","MostiFishMod:GatherIntelligence"],"relics":["ice","DaveBox","AT_ATBox","testmod-TestBox","testmod-Prudence","testmod-Nyarlathotep","DianPoetry","SynthV:TestCard","DataDisk","PreservedInsect","Pear","Vajra","testmod-PortableAltar","ArrowTower","CaptainsWheel","AT_DeathDance","testmod-OneHitWonder","testmod-AssaultLearning","Bronze Scales","Tiny Chest","Technique","BirthdayGift-Icosahedron","CeramicFish","Regal Pillow","testmod-IncinerationGenerator","AT_MibuBalloonWealth","Happy Flower","Lee\u0027s Waffle","Dream Catcher","War Paint","Blood Vial","Du-Vu Doll","Pantograph","Orichalcum","AT_SpeedBoots","OrangePellets","Letter Opener","testmod-IndustrialRevolution","testmod-BalancedPeriapt"],"acts_visited":["Exordium","TheCity","TheBeyond","TheEnding"],"potions_floor_usage":[56],"damage_taken":[{"damage":14.0,"enemies":"Jaw Worm","floor":1.0,"turns":5.0},{"damage":7.0,"enemies":"Cultist","floor":2.0,"turns":4.0},{"damage":13.0,"enemies":"Small Slimes","floor":4.0,"turns":3.0},{"damage":83.0,"enemies":"Gremlin Nob","floor":6.0,"turns":5.0},{"damage":0.0,"enemies":"Blue Slaver","floor":7.0,"turns":3.0},{"damage":25.0,"enemies":"3 Sentries","floor":8.0,"turns":5.0},{"damage":0.0,"enemies":"Gremlin Nob","floor":10.0,"turns":2.0},{"damage":4.0,"enemies":"2 Fungi Beasts","floor":11.0,"turns":3.0},{"damage":0.0,"enemies":"Lagavulin","floor":13.0,"turns":3.0},{"damage":0.0,"enemies":"Slime Boss","floor":16.0,"turns":5.0},{"damage":7.0,"enemies":"Spheric Guardian","floor":18.0,"turns":3.0},{"damage":21.0,"enemies":"2 Thieves","floor":22.0,"turns":3.0},{"damage":26.0,"enemies":"Gremlin Leader","floor":23.0,"turns":3.0},{"damage":42,"enemies":"Slavers","floor":25,"turns":3},{"damage":28,"enemies":"Gremlin Leader","floor":27,"turns":4},{"damage":18,"enemies":"Snake Plant","floor":29,"turns":4},{"damage":16,"enemies":"Shelled Parasite and Fungi","floor":31,"turns":3},{"damage":0,"enemies":"Champ","floor":33,"turns":4},{"damage":0,"enemies":"3 Shapes","floor":35,"turns":1},{"damage":0,"enemies":"3 Darklings","floor":38,"turns":1},{"damage":0,"enemies":"Reptomancer","floor":40,"turns":2},{"damage":0,"enemies":"Jaw Worm Horde","floor":41,"turns":1},{"damage":0,"enemies":"Giant Head","floor":42,"turns":1},{"damage":0,"enemies":"Transient","floor":44,"turns":2},{"damage":0,"enemies":"Mind Bloom Boss Battle","floor":46,"turns":1},{"damage":0,"enemies":"Reptomancer","floor":47,"turns":1},{"damage":0,"enemies":"3 Darklings","floor":48,"turns":1},{"damage":0,"enemies":"Awakened One","floor":50,"turns":2},{"damage":0,"enemies":"Donu and Deca","floor":51,"turns":1},{"damage":0,"enemies":"Shield and Spear","floor":55,"turns":1},{"damage":0,"enemies":"The Heart","floor":56,"turns":5}],"seed_played":"-5945076750730423028","potions_obtained":[{"floor":1.0,"key":"Swift Potion"},{"floor":7.0,"key":"Swift Potion"}],"is_trial":false,"path_per_floor":["M","M","?","M","$","E","M","E","T","E","M","R","E","?","R","B",null,"M","?","$","?","M","E","R","E","T","E","?","M","R","M","R","B",null,"M","?","$","M","?","E","M","E","T","M","R","?","E","M","R","B","B",null,"R","$","E","B",null],"character_chosen":"DEFECT","items_purchased":["ArrowTower","Tiny Chest","Technique","BirthdayGift-Icosahedron","CeramicFish","AT_ThunderBolt","Regal Pillow","AT_MibuBalloonWealth","Happy Flower","Lee\u0027s Waffle","AT_StudyProgram","Orichalcum","AT_SpeedBoots","OrangePellets","Letter Opener","testmod-IndustrialRevolution"],"campfire_rested":0,"item_purchase_floors":[20,30,30,32,32,32,32,37,37,37,37,49,49,53,53,53],"current_hp_per_floor":[50,43,43,30,30,2,72,47,47,57,53,53,53,22,22,22,72,65,65,65,65,44,18,18,60,60,32,32,14,14,95,95,96,98,97,96,102,101,100,99,98,97,96,96,95,94,93,92,91,90,89,88,87,86,85,86],"gold":8211,"neow_bonus":"BOSS_RELIC","is_daily":false,"chose_seed":false,"campfire_upgraded":3,"win_rate":0.0,"timestamp":1613300600,"path_taken":["M","M","?","M","$","E","M","E","T","E","?","R","E","?","R","BOSS","M","?","$","?","?","E","R","E","T","E","?","M","R","M","R","BOSS","M","?","$","M","?","E","M","E","T","M","R","?","E","M","R","BOSS","BOSS","R","$","E","BOSS"],"items_purchased_type":["Relic","Relic","Relic","Relic","Relic","Card","Relic","Relic","Relic","Relic","Card","Relic","Relic","Relic","Relic","Relic"],"build_version":"2020-12-18","purchased_purges":7,"victory":true,"max_hp_per_floor":[71,71,71,71,71,72,73,78,78,88,89,89,89,89,89,89,89,89,88,87,86,88,92,91,93,92,94,93,98,97,99,98,99,98,97,96,102,101,100,99,98,97,96,96,95,94,93,92,91,90,89,88,87,86,85,163],"relic_stats":{"Regal Pillow":0,"Lee\u0027s Waffle":7,"Happy Flower":[6],"counters":[31,84],"CeramicFish":72,"PreservedInsect":526,"Letter Opener":[30],"War Paint":["Glacier","Deep Breath"],"Orichalcum":[6],"Blood Vial":0,"OrangePellets":[0],"Dream Catcher":0,"Bronze Scales":[129],"Pantograph":1,"Tiny Chest":0,"obtain_stats":[{"Regal Pillow":32,"AT_ATBox":0,"DaveBox":0,"DianPoetry":0,"CeramicFish":32,"AT_MibuBalloonWealth":37,"Vajra":13,"testmod-IncinerationGenerator":34,"testmod-PortableAltar":17,"ice":0,"BirthdayGift-Icosahedron":32,"testmod-Nyarlathotep":0,"Blood Vial":43,"Dream Catcher":40,"testmod-Prudence":0,"Pantograph":47,"Tiny Chest":30,"Cracked Core":0,"Lee\u0027s Waffle":37,"testmod-TestBox":0,"Pear":10,"Happy Flower":37,"Golden Idol":14,"PreservedInsect":8,"Letter Opener":53,"War Paint":42,"Orichalcum":49,"testmod-IndustrialRevolution":53,"Du-Vu Doll":46,"OrangePellets":53,"REME:ComplimentaryCards":0,"DataDisk":6,"CaptainsWheel":23,"AT_SpeedBoots":49,"SynthV:TestCard":1,"testmod-AssaultLearning":27,"Bronze Scales":28,"Technique":30,"AT_DeathDance":25,"testmod-BalancedPeriapt":55,"ArrowTower":20,"testmod-OneHitWonder":26},{"Regal Pillow":17,"AT_ATBox":0,"DaveBox":0,"DianPoetry":0,"CeramicFish":17,"AT_MibuBalloonWealth":19,"Vajra":9,"testmod-IncinerationGenerator":18,"testmod-PortableAltar":10,"ice":0,"BirthdayGift-Icosahedron":17,"testmod-Nyarlathotep":0,"Blood Vial":23,"Dream Catcher":21,"testmod-Prudence":0,"Pantograph":26,"Tiny Chest":16,"Cracked Core":0,"Lee\u0027s Waffle":19,"testmod-TestBox":0,"Pear":7,"Happy Flower":19,"Golden Idol":9,"PreservedInsect":6,"Letter Opener":29,"War Paint":23,"Orichalcum":27,"testmod-IndustrialRevolution":29,"Du-Vu Doll":25,"OrangePellets":29,"REME:ComplimentaryCards":0,"DataDisk":4,"CaptainsWheel":13,"AT_SpeedBoots":27,"SynthV:TestCard":1,"testmod-AssaultLearning":15,"Bronze Scales":15,"Technique":16,"AT_DeathDance":14,"testmod-BalancedPeriapt":30,"ArrowTower":11,"testmod-OneHitWonder":14},{"Regal Pillow":60,"AT_ATBox":0,"DaveBox":0,"DianPoetry":0,"CeramicFish":60,"AT_MibuBalloonWealth":65,"Vajra":33,"testmod-IncinerationGenerator":64,"testmod-PortableAltar":38,"ice":0,"BirthdayGift-Icosahedron":60,"testmod-Nyarlathotep":0,"Blood Vial":70,"Dream Catcher":68,"testmod-Prudence":0,"Pantograph":74,"Tiny Chest":57,"Cracked Core":0,"Lee\u0027s Waffle":65,"testmod-TestBox":0,"Pear":27,"Happy Flower":65,"Golden Idol":33,"PreservedInsect":25,"Letter Opener":78,"War Paint":70,"Orichalcum":75,"testmod-IndustrialRevolution":78,"Du-Vu Doll":73,"OrangePellets":78,"REME:ComplimentaryCards":0,"DataDisk":17,"CaptainsWheel":47,"AT_SpeedBoots":75,"SynthV:TestCard":5,"testmod-AssaultLearning":54,"Bronze Scales":54,"Technique":57,"AT_DeathDance":50,"testmod-BalancedPeriapt":79,"ArrowTower":41,"testmod-OneHitWonder":50}]},"card_choices":[{"not_picked":["Beam Cell","Ball Lightning"],"picked":"MostiFishMod:Impulse","floor":1.0},{"not_picked":["Auto Shields","Turbo","Stack","Leap"],"picked":"MostiFishMod:GatherIntelligence","floor":2.0},{"not_picked":["Go for the Eyes","Turbo","Rebound","Blizzard"],"picked":"Coolheaded","floor":4.0},{"not_picked":["Conserve Battery","Leap","MostiFishMod:IntelligentEquipment","Stack","Cold Snap"],"picked":"SKIP","floor":6.0},{"not_picked":["Cold Snap","Lockon","Force Field","Scrape","Sweeping Beam"],"picked":"SKIP","floor":7.0},{"not_picked":["Cold Snap","Conserve Battery","Beam Cell","Redo"],"picked":"MostiFishMod:DeathFromBelow","floor":8.0},{"not_picked":["BootSequence","Compile Driver","Redo","Turbo"],"picked":"Blizzard","floor":10.0},{"not_picked":["White Noise","Leap","Cold Snap","Rebound"],"picked":"MostiFishMod:DawningShadow","floor":11.0},{"not_picked":["AT_WarpDrive","Cold Snap","Redo","Leap"],"picked":"Capacitor","floor":13.0},{"not_picked":["Fission","MostiFishMod:TalkingToTheRain","Creative AI","MostiFishMod:ReadyAimFire"],"picked":"MostiFishMod:StrandedSiren","floor":16.0},{"not_picked":["MostiFishMod:PushDownKick","Ball Lightning","Compile Driver","Cold Snap","Steam"],"picked":"SKIP","floor":18.0},{"not_picked":["Coolheaded","Leap","Rip and Tear","MostiFishMod:GatherIntelligence","Go for the Eyes"],"picked":"SKIP","floor":22.0},{"not_picked":["Stack+1","Steam","Barrage","Coolheaded"],"picked":"Heatsinks","floor":23.0},{"not_picked":["Defragment","Redo","Compile Driver+1","MostiFishMod:DawningShadow","Lockon"],"picked":"SKIP","floor":25},{"not_picked":["Conserve Battery","Fusion","All For One","Compile Driver"],"picked":"Capacitor+1","floor":27},{"not_picked":["Hologram","Ball Lightning+1","Steam","Compile Driver","Redo"],"picked":"SKIP","floor":29},{"not_picked":["Gash","Streamline","Sweeping Beam","Cold Snap"],"picked":"Glacier","floor":31},{"not_picked":["All For One","MostiFishMod:Nova","Machine Learning","Thunder Strike"],"picked":"AT_RightCognition","floor":33},{"not_picked":["Glacier","Hologram","Rebound","Cold Snap+1","Melter+1"],"picked":"SKIP","floor":35},{"not_picked":["Darkness","Blizzard","White Noise+1","Barrage","Recycle"],"picked":"SKIP","floor":38},{"not_picked":["Meteor Strike","Hologram","Force Field","Barrage+1"],"picked":"AT_EMC2+1","floor":40},{"not_picked":["Auto Shields","AT_HeatAcrobatics","Turbo+1","BootSequence+1","Streamline"],"picked":"SKIP","floor":41},{"not_picked":["Chill","Steam+1","Conserve Battery","Scrape"],"picked":"MostiFishMod:Overload","floor":42},{"not_picked":["Stack","Sunder+1","MostiFishMod:IceShield","Conserve Battery","Streamline"],"picked":"SKIP","floor":44},{"not_picked":["Sweeping Beam","Conserve Battery","Leap","Gash"],"picked":"AT_DarkMatter","floor":46},{"not_picked":["Reprogram","Barrage","Recycle","Stack+1"],"picked":"Coolheaded+1","floor":47},{"not_picked":["Darkness+1","Streamline+1","AT_EMC2","Go for the Eyes+1","Barrage"],"picked":"SKIP","floor":48},{"not_picked":["Double Energy+1","Compile Driver","FTL","Hologram"],"picked":"MostiFishMod:GatherIntelligence","floor":55}],"player_experience":932011,"relics_obtained":[{"floor":1.0,"key":"SynthV:TestCard"},{"floor":6.0,"key":"DataDisk"},{"floor":8.0,"key":"PreservedInsect"},{"floor":10.0,"key":"Pear"},{"floor":13.0,"key":"Vajra"},{"floor":23.0,"key":"CaptainsWheel"},{"floor":25,"key":"AT_DeathDance"},{"floor":26,"key":"testmod-OneHitWonder"},{"floor":27,"key":"testmod-AssaultLearning"},{"floor":40,"key":"Dream Catcher"},{"floor":42,"key":"War Paint"},{"floor":43,"key":"Blood Vial"},{"floor":46,"key":"Du-Vu Doll"},{"floor":47,"key":"Pantograph"},{"floor":55,"key":"testmod-BalancedPeriapt"}],"event_choices":[{"cards_removed":["Strike_B"],"damage_healed":0.0,"max_hp_gain":0.0,"max_hp_loss":0.0,"gold_gain":0.0,"event_name":"Purifier","player_choice":"Purged","floor":3.0,"gold_loss":0.0,"damage_taken":0.0},{"damage_healed":0.0,"max_hp_gain":0.0,"max_hp_loss":0.0,"gold_gain":0.0,"event_name":"Golden Idol","player_choice":"Take Damage","floor":14.0,"gold_loss":0.0,"damage_taken":31.0,"relics_obtained":["Golden Idol"]},{"damage_healed":0.0,"max_hp_gain":0.0,"max_hp_loss":0.0,"gold_gain":50.0,"event_name":"Nest","player_choice":"Stole From Cult","floor":19.0,"gold_loss":0.0,"damage_taken":0.0},{"damage_healed":0.0,"max_hp_gain":0.0,"max_hp_loss":0.0,"gold_gain":0.0,"event_name":"给自己的盒子","player_choice":"Swap Relic","floor":21.0,"relics_lost":["REME:ComplimentaryCards"],"gold_loss":0.0,"damage_taken":0.0,"relics_obtained":["REME:ComplimentaryCards"]},{"damage_healed":0,"gold_gain":0,"player_choice":"Obtained Relic","damage_taken":0,"relics_obtained":["Bronze Scales"],"max_hp_gain":0,"max_hp_loss":0,"event_name":"Addict","floor":28,"gold_loss":85},{"damage_healed":0,"gold_gain":333,"player_choice":"Gave Idol","damage_taken":0,"max_hp_gain":0,"max_hp_loss":0,"event_name":"The Moai Head","floor":36,"relics_lost":["Golden Idol"],"gold_loss":0},{"damage_healed":0,"gold_gain":400,"player_choice":"Sell","damage_taken":0,"max_hp_gain":0,"max_hp_loss":0,"event_name":"恩洛斯的盘子","floor":39,"relics_lost":["REME:ComplimentaryCards"],"gold_loss":0},{"damage_healed":0,"gold_gain":0,"player_choice":"Fight","damage_taken":0,"max_hp_gain":0,"max_hp_loss":0,"event_name":"MindBloom","floor":46,"gold_loss":0}],"is_beta":true,"boss_relics":[{"not_picked":["testmod-BloodSacrificeSpiritualization","Pandora\u0027s Box"],"picked":"testmod-PortableAltar"},{"not_picked":["HereWithMe","testmod-StringDisintegrator"],"picked":"testmod-IncinerationGenerator"}],"items_purged_floors":[5,5,5,5,5,5,5],"is_endless":false,"potions_floor_spawned":[1,7,10,18,22,29,31,33,40,41,42,48],"ascension_level":20}}