{"host":"mz5hf7l9u79ze5ha","time":1613308794,"event":{"mods":["AchievementEnabler","BaseMod","Bestiary","Better Third Choice","BetterRewards","Colored Map","Colored Powertips","Curses Come First","Downfall","Googly Eyes","Hermit","Hubris","Minty Spire (QoL Compilation)","Quick Restart","Rare Cards Sparkle","Relic Stats","Reliquary","Replay The Spire","StSLib","The Bladedancer","The Bug Knight","The Cursed","The Hierophant","The Marked","Unceasing Turn Reminder"],"gold_per_floor":[360,375,402,402,416,449,325,343,343,353,353,62,75,104,104,207,207,220,235,248,262,262,287,287,314,314,314,347,347,347,360,360,465,465,484,15,26,0,50,50,60,87,112,143,162,162,181,281,281,281,281,281,86,116,116,116],"floor_reached":55,"language":"ENG","playtime":3459,"items_purged":["Defend_G","Dagger Spray","Strike_G+1"],"score":1049,"play_id":"6809b936-fe06-4ef4-b1de-9fffc8f73c21","local_time":"20210214151954","is_ascension_mode":true,"campfire_choices":[{"floor":11,"key":"REST"},{"floor":15,"key":"REST"},{"floor":24,"key":"REST"},{"data":"Poison Darts","floor":30,"key":"SMITH"},{"floor":40,"key":"RECALL"},{"floor":49,"key":"REST"},{"data":"Replay:Bag of Tricks","floor":52,"key":"SMITH"}],"circlet_count":0,"master_deck":["Strike_G+1","Strike_G+2","Strike_G+1","Strike_G+2","Defend_G+1","Defend_G+1","Defend_G+1","Defend_G+1","Survivor","Neutralize","PiercingWail","Noxious Fumes+1","Quick Slash","Die Die Die","Poisoned Stab","Prepared","Riddle With Holes+1","Poison Darts+1","Poisoned Stab","Dodge and Roll+1","Footwork","Envenom+1","Bane+1","Sadistic Nature","Dagger Spray+1","Replay:Bag of Tricks+1","Blade Dance","Fluid Movement","Bouncing Flask+1"],"relics":["Ring of the Snake","Lantern","Ring of Fangs","Ring of Peace","hubris:AncientText","HornCleat","Strange Spoon","Durian","hubris:Backtick","Boot","hubris:CuriousFeather","Simple Rune","reliquary:OuijaBoard","Regal Pillow","Black Star","Medical Kit","Oddly Smooth Stone","Red Mask","Prayer Wheel","Letter Opener","Replay:Accelerometer","Toy Ornithopter","hubris:ToyBattleship","hubris:CrystalStatue","Incense Burner","ReplayTheSpireMod:Lightbulb"],"acts_visited":["Exordium","TheCity","TheBeyond","TheEnding"],"potions_floor_usage":[6,10,16,23,42,55,55],"damage_taken":[{"damage":1,"enemies":"Cultist","floor":1,"turns":6},{"damage":1,"enemies":"Jaw Worm","floor":2,"turns":4},{"damage":0,"enemies":"Small Slimes","floor":5,"turns":7},{"damage":19,"enemies":"3 Sentries","floor":6,"turns":9},{"damage":7,"enemies":"2 Fungi Beasts","floor":8,"turns":5},{"damage":0,"enemies":"Looter","floor":10,"turns":4},{"damage":0,"enemies":"Blue Slaver","floor":13,"turns":4},{"damage":18,"enemies":"Replay:BlueRogue","floor":14,"turns":6},{"damage":11,"enemies":"Hexaghost","floor":16,"turns":10},{"damage":0,"enemies":"Spheric Guardian","floor":18,"turns":3},{"damage":0,"enemies":"Snecko","floor":19,"turns":5},{"damage":9,"enemies":"Chosen and Byrds","floor":20,"turns":6},{"damage":0,"enemies":"Cultist and Chosen","floor":21,"turns":6},{"damage":23,"enemies":"Slavers","floor":23,"turns":8},{"damage":0,"enemies":"HollowMod:Nosk","floor":25,"turns":7},{"damage":0,"enemies":"Replay:Snechameleon","floor":28,"turns":6},{"damage":0,"enemies":"Centurion and Healer","floor":31,"turns":7},{"damage":18,"enemies":"Champ","floor":33,"turns":13},{"damage":10,"enemies":"Orb Walker","floor":35,"turns":4},{"damage":0,"enemies":"3 Shapes","floor":37,"turns":3},{"damage":0,"enemies":"Mind Bloom Boss Battle","floor":39,"turns":4},{"damage":13,"enemies":"3 Darklings","floor":41,"turns":4},{"damage":0,"enemies":"R_Hoarder","floor":42,"turns":5},{"damage":0,"enemies":"HollowMod:StalkingDevout","floor":44,"turns":6},{"damage":0,"enemies":"Transient","floor":45,"turns":5},{"damage":0,"enemies":"Sphere and 2 Shapes","floor":47,"turns":5},{"damage":72,"enemies":"hubris:GrandSnecko","floor":50,"turns":9},{"damage":17,"enemies":"Shield and Spear","floor":54,"turns":5},{"damage":118,"enemies":"The Heart","floor":55,"turns":9}],"seed_played":"7803215329859277564","potions_obtained":[{"floor":2,"key":"SkillPotion"},{"floor":6,"key":"SteroidPotion"},{"floor":8,"key":"Guardian:BlockOnCardUsePotion"},{"floor":10,"key":"champ:CounterPotion"},{"floor":20,"key":"PowerPotion"},{"floor":25,"key":"FearPotion"},{"floor":28,"key":"Reflective Coating"},{"floor":35,"key":"Energy Potion"},{"floor":42,"key":"FairyPotion"}],"is_trial":false,"path_per_floor":["M","M","T","?","M","E","$","M","T","M","R","$","M","E","R","B",null,"M","M","M","M","?","E","R","E","T","?","E","T","R","M","R_BF","B",null,"M","$","M","?","?","R","M","E","T","E","M","?","M","?","R","B",null,"R","$","E","B"],"character_chosen":"THE_SILENT","items_purchased":["Quick Slash","Strange Spoon","Poisoned Stab","Sadistic Nature","Medical Kit","Oddly Smooth Stone","Fluid Movement"],"campfire_rested":4,"item_purchase_floors":[7,12,12,36,36,36,53],"current_hp_per_floor":[48,47,47,47,47,28,28,21,21,21,42,42,42,29,51,40,75,75,75,66,66,66,43,65,65,65,65,65,65,65,65,75,57,75,65,65,65,65,65,65,52,52,52,52,52,52,52,52,75,3,75,75,75,58,0,0],"gold":116,"neow_bonus":"TWO_FIFTY_GOLD","is_daily":false,"chose_seed":false,"campfire_upgraded":2,"win_rate":0.0,"timestamp":1613308794,"path_taken":["M","M","?","?","M","E","$","M","T","M","R","?","M","E","R","BOSS","M","M","M","M","?","E","R","E","T","?","E","?","R","M","R_BF","BOSS","M","$","?","?","?","R","M","E","T","E","M","?","?","?","R","BOSS","R","$","E","BOSS"],"items_purchased_type":["Card","Relic","Card","Card","Relic","Relic","Card"],"build_version":"2020-12-22","purchased_purges":3,"victory":false,"max_hp_per_floor":[70,70,70,70,70,70,70,70,70,70,70,70,70,75,75,75,75,75,75,75,75,75,75,75,75,75,75,75,75,75,75,75,75,75,75,75,75,75,75,75,75,75,75,75,75,75,75,75,75,75,75,75,75,75,75,75],"relic_stats":{"Strange Spoon":[41],"Regal Pillow":1,"counters":[29,175],"Prayer Wheel":3,"Black Star":3,"Letter Opener":[30],"Boot":[232],"Medical Kit":[8],"obtain_stats":[{"reliquary:OuijaBoard":28,"Replay:Accelerometer":42,"Lantern":3,"Regal Pillow":29,"hubris:CrystalStatue":44,"Incense Burner":54,"Boot":17,"Ring of Fangs":4,"HornCleat":9,"hubris:Backtick":17,"Ring of Peace":4,"Prayer Wheel":39,"hubris:CuriousFeather":23,"Red Mask":38,"Ring of the Snake":0,"Oddly Smooth Stone":36,"Letter Opener":42,"Medical Kit":36,"Strange Spoon":12,"Simple Rune":25,"Durian":14,"Black Star":34,"hubris:ToyBattleship":44,"ReplayTheSpireMod:Lightbulb":54,"hubris:AncientText":6,"Toy Ornithopter":43},{"reliquary:OuijaBoard":16,"Replay:Accelerometer":23,"Lantern":2,"Regal Pillow":16,"hubris:CrystalStatue":24,"Incense Burner":28,"Boot":9,"Ring of Fangs":2,"HornCleat":5,"hubris:Backtick":9,"Ring of Peace":2,"Prayer Wheel":21,"hubris:CuriousFeather":14,"Red Mask":20,"Ring of the Snake":0,"Oddly Smooth Stone":19,"Letter Opener":23,"Medical Kit":19,"Strange Spoon":6,"Simple Rune":15,"Durian":8,"Black Star":18,"hubris:ToyBattleship":24,"ReplayTheSpireMod:Lightbulb":28,"hubris:AncientText":4,"Toy Ornithopter":23},{"reliquary:OuijaBoard":96,"Replay:Accelerometer":136,"Lantern":10,"Regal Pillow":96,"hubris:CrystalStatue":142,"Incense Burner":166,"Boot":55,"Ring of Fangs":10,"HornCleat":31,"hubris:Backtick":55,"Ring of Peace":10,"Prayer Wheel":127,"hubris:CuriousFeather":83,"Red Mask":123,"Ring of the Snake":0,"Oddly Smooth Stone":120,"Letter Opener":136,"Medical Kit":120,"Strange Spoon":35,"Simple Rune":90,"Durian":45,"Black Star":116,"hubris:ToyBattleship":142,"ReplayTheSpireMod:Lightbulb":166,"hubris:AncientText":26,"Toy Ornithopter":136}],"Toy Ornithopter":10,"Ring of the Snake":[58]},"card_choices":[{"not_picked":["Deflect","Choke","Bane"],"picked":"SKIP","floor":1},{"not_picked":["Replay:Poison Smokescreen","hubris:SlightOfHand"],"picked":"PiercingWail","floor":2},{"not_picked":["Finisher","Dagger Throw"],"picked":"Noxious Fumes","floor":5},{"not_picked":["Backflip","Replay:Poison Smokescreen"],"picked":"Dagger Spray","floor":6},{"not_picked":["Hidden Blade","Acrobatics","hubris:Sniper"],"picked":"SKIP","floor":8},{"not_picked":["Dagger Spray","Heel Hook"],"picked":"Die Die Die","floor":10},{"not_picked":["Predator","Dodge and Roll"],"picked":"Prepared","floor":13},{"not_picked":["Prepared","Dagger Spray"],"picked":"Riddle With Holes","floor":14},{"not_picked":["After Image","Grand Finale"],"picked":"Poison Darts","floor":16},{"not_picked":["Dagger Spray","Deflect+1","Sucker Punch+1"],"picked":"SKIP","floor":18},{"not_picked":["Acrobatics","Deadly Poison"],"picked":"Poisoned Stab","floor":19},{"not_picked":["Blade Dance","Dagger Throw"],"picked":"Dodge and Roll+1","floor":20},{"not_picked":["Outmaneuver+1","Reflex","Sneak Up"],"picked":"SKIP","floor":21},{"not_picked":["Cloak And Dagger","All Out Attack","Deflect+1"],"picked":"SKIP","floor":23},{"not_picked":["Riddle With Holes","Dagger Throw","Expertise"],"picked":"SKIP","floor":25},{"not_picked":["Setup+1","Draining Mist"],"picked":"Footwork","floor":28},{"not_picked":["Poisoned Stab","Underhanded Strike","Dagger Spray"],"picked":"SKIP","floor":31},{"not_picked":["Storm of Steel","Grand Finale"],"picked":"Envenom","floor":33},{"not_picked":["Backstab","Expertise+1"],"picked":"Bane+1","floor":35},{"not_picked":["Deflect+1","Leg Sweep+1","Slice+1"],"picked":"SKIP","floor":37},{"not_picked":["All Out Attack","Underhanded Strike+1"],"picked":"Dagger Spray+1","floor":39},{"not_picked":["Deflect","Eviscerate+1","Expertise"],"picked":"SKIP","floor":41},{"not_picked":["Backflip+1","Unload","Deflect"],"picked":"SKIP","floor":41},{"not_picked":["Hidden Blade","Deflect+1","Slice"],"picked":"SKIP","floor":42},{"not_picked":["Outmaneuver+1","Flying Knee"],"picked":"Replay:Bag of Tricks","floor":44},{"not_picked":["Dagger Throw","Backflip"],"picked":"Blade Dance","floor":45},{"not_picked":["Endless Agony+1","Cloak And Dagger","Blade Dance"],"picked":"SKIP","floor":45},{"not_picked":["ReplayTheSpireMod:Scrap Shanks+1","Poisoned Stab","Envenom"],"picked":"SKIP","floor":47},{"not_picked":["Underhanded Strike","ReplayTheSpireMod:The Works","Backflip+1"],"picked":"SKIP","floor":47},{"not_picked":["hubris:SlightOfHand+1","Dodge and Roll"],"picked":"Bouncing Flask+1","floor":54}],"player_experience":182985,"relics_obtained":[{"floor":3,"key":"Lantern"},{"floor":4,"key":"Ring of Fangs"},{"floor":4,"key":"Ring of Peace"},{"floor":6,"key":"hubris:AncientText"},{"floor":9,"key":"HornCleat"},{"floor":14,"key":"Durian"},{"floor":23,"key":"hubris:CuriousFeather"},{"floor":25,"key":"Simple Rune"},{"floor":28,"key":"reliquary:OuijaBoard"},{"floor":29,"key":"Regal Pillow"},{"floor":39,"key":"Prayer Wheel"},{"floor":42,"key":"Letter Opener"},{"floor":42,"key":"Replay:Accelerometer"},{"floor":43,"key":"Toy Ornithopter"},{"floor":44,"key":"hubris:ToyBattleship"},{"floor":44,"key":"hubris:CrystalStatue"},{"floor":54,"key":"Incense Burner"},{"floor":54,"key":"ReplayTheSpireMod:Lightbulb"}],"event_choices":[{"damage_healed":0,"gold_gain":0,"player_choice":"Simplicity","damage_taken":0,"max_hp_gain":0,"max_hp_loss":9,"event_name":"betterThird:BetterWriting","floor":22,"gold_loss":0},{"damage_healed":0,"gold_gain":0,"player_choice":"Paid","damage_taken":0,"relics_obtained":["Red Mask"],"max_hp_gain":0,"max_hp_loss":0,"event_name":"Tomb of Lord Red Mask","floor":38,"gold_loss":26},{"damage_healed":0,"gold_gain":0,"player_choice":"Fight","damage_taken":0,"max_hp_gain":0,"max_hp_loss":0,"event_name":"MindBloom","floor":39,"gold_loss":0},{"damage_healed":0,"gold_gain":0,"player_choice":"Upgraded","damage_taken":0,"max_hp_gain":0,"max_hp_loss":0,"event_name":"Upgrade Shrine","floor":46,"gold_loss":0,"cards_upgraded":["Envenom"]},{"damage_healed":0,"gold_gain":100,"player_choice":"Pray","damage_taken":0,"max_hp_gain":0,"max_hp_loss":0,"event_name":"Golden Shrine","floor":48,"gold_loss":0}],"is_beta":false,"boss_relics":[{"not_picked":["hubris:TerracottaHorce","reliquary:RedCape"],"picked":"hubris:Backtick"},{"not_picked":["bronze:MakeshiftBattery","hubris:GrandSneckoEye"],"picked":"Black Star"}],"items_purged_floors":[7,12,53],"is_endless":false,"potions_floor_spawned":[2,6,8,10,20,25,28,33,35,41,42,54],"killed_by":"The Heart","ascension_level":3}}