{"host":"y9jgkjnf95sujozk","time":1613300944,"event":{"mods":["2.2 Compatiblity","AchievementEnabler","Act Like it!","BaseMod","BetterRewards","Block Reminder","Colored Map","Colored Powertips","Friendly Minions","Gensokyo","GifTheSpireLib","Hallownest","Hermit","Highlight Path","HololiveMod","Hubris","Infinite Spire","Jorbs\u0027s Wanderer Trilogy","Koishi","Marisa（霧雨　魔理沙）","Minty Spire (QoL Compilation)","Quick Restart","Random Character Button","Rare Cards Sparkle","Reimu（博??梦）","Remilia（蕾米莉?）","Replay The Spire","Shop Mod","StSLib","SuperFastMode","The Bug Knight","The Cursed","The Disciple","The Hierophant","The Jungle","The Runesmith","The Senshi","The Servant 0.9.4"],"gold_per_floor":[115,115,69,82,92,92,124,124,149,165,165,33,33,52,52,155,255,268,281,281,296,296,296,296],"floor_reached":23,"language":"ENG","playtime":717,"items_purged":[],"score":331,"play_id":"2f59bfec-df37-4686-a573-ff7b14030b39","local_time":"20210214120904","is_ascension_mode":true,"campfire_choices":[{"floor":6,"key":"REST"},{"data":"FitfulNightmare","floor":8,"key":"SMITH"},{"floor":11,"key":"REST"},{"floor":15,"key":"REST"}],"circlet_count":0,"master_deck":["Strike_RM","Strike_RM","Strike_RM","Strike_RM","Defend_RM","Defend_RM","Defend_RM","Defend_RM","RedMoon","ScarletShoot","StarOfDavid","NightDance","BloodHunter","Poisoned Strike","BloodHunter","StarOfDavid","NightDance","Stigmanizer","FitfulNightmare+1","BloodHunter","VampireKiss+1","hubris:Ssssneak+1","HeartBreak","HeartBreak","CurseOfTheBell","MiserableFate","BloodAndWine","VampireKiss+1","theJungle:PetSnecko"],"relics":["ScarletHat","Counterbalance","infinitespire:Bottled Soul","MealTicket","Replay:Grab Bag","Cursed Key","Replay:Wanted Poster","Calling Bell","HollowMod:PaleOreRelic","Sundial","infinitespire:Golems Mask","hubris:HerbalPaste"],"acts_visited":["Exordium","Gensokyo:Gensokyo"],"potions_floor_usage":[7,16,16,23],"damage_taken":[{"damage":0,"enemies":"Gensokyo:2_Kodama","floor":1,"turns":2},{"damage":6,"enemies":"Gensokyo:Gryphon","floor":4,"turns":3},{"damage":1,"enemies":"Gensokyo:Python","floor":5,"turns":4},{"damage":0,"enemies":"Gensokyo:Mamizou","floor":7,"turns":6},{"damage":3,"enemies":"Gensokyo:VengefulSpirit","floor":10,"turns":4},{"damage":10,"enemies":"Gensokyo:3_Kodama","floor":14,"turns":4},{"damage":70,"enemies":"Gensokyo:Reimu","floor":16,"turns":9},{"damage":15,"enemies":"theJungle:Flameango_and_Byrd","floor":18,"turns":4},{"damage":17,"enemies":"Shell Parasite","floor":19,"turns":6},{"damage":10,"enemies":"theJungle:2_Snecko_Cultists","floor":21,"turns":3},{"damage":76,"enemies":"Nightmare","floor":23,"turns":7}],"seed_played":"-2621727090019470167","potions_obtained":[{"floor":5,"key":"BlessingOfTheForge"},{"floor":10,"key":"AttackPotion"},{"floor":14,"key":"Venom Potion"},{"floor":19,"key":"Weak Potion"}],"is_trial":false,"path_per_floor":["M","?","$","M","M","R","E","R","T","M","R","$","?","M","R","B",null,"M","M","AVR","M","?","NM"],"character_chosen":"REMILIA","items_purchased":["StarOfDavid","NightDance","BloodHunter","Poisoned Strike","StarOfDavid","VampireKiss+1","hubris:Ssssneak"],"campfire_rested":3,"item_purchase_floors":[0,0,0,0,3,12,12],"current_hp_per_floor":[75,75,75,71,72,75,75,75,75,74,75,75,75,66,75,11,75,63,48,48,48,48,0,0],"gold":296,"neow_bonus":"","is_daily":false,"chose_seed":false,"campfire_upgraded":1,"win_rate":0.0,"timestamp":1613300944,"path_taken":["M","?","?","M","M","R","E","R","T","M","R","$","?","?","R","BOSS","M","?","AVR","M","?","NM"],"items_purchased_type":["Card","Card","Card","Card","Card","Card","Card"],"build_version":"2020-12-22","purchased_purges":0,"victory":false,"max_hp_per_floor":[75,75,75,75,75,75,75,75,75,75,75,75,75,75,75,75,75,75,75,75,75,75,75,75],"card_choices":[{"not_picked":["ScarletDevil","Septette"],"picked":"BloodHunter","floor":1},{"not_picked":["MiserableFate","ScarletImprint"],"picked":"NightDance","floor":4},{"not_picked":["HunterOfTheNight","DiffusionOfMisfortune"],"picked":"Stigmanizer","floor":5},{"not_picked":["ReincarnationDial","DevilSight"],"picked":"FitfulNightmare","floor":7},{"not_picked":["SuperhumanBloodyKnife","StarOfDavid"],"picked":"BloodHunter","floor":10},{"not_picked":["CharismaGuard","Ultimatum"],"picked":"HeartBreak","floor":14},{"not_picked":["ChaoticDestiny","EquivalentExchange"],"picked":"HeartBreak","floor":16},{"not_picked":["FavorOfDestiny","BloodHunter+1"],"picked":"MiserableFate","floor":18},{"not_picked":["FavorOfDestiny","ForbiddenFruit"],"picked":"BloodAndWine","floor":19},{"not_picked":["BombardNight","AfternoonTea+1"],"picked":"VampireKiss+1","floor":21}],"player_experience":137329,"relics_obtained":[{"floor":7,"key":"infinitespire:Bottled Soul"},{"floor":9,"key":"MealTicket"},{"floor":17,"key":"HollowMod:PaleOreRelic"},{"floor":17,"key":"Sundial"},{"floor":17,"key":"infinitespire:Golems Mask"}],"event_choices":[],"is_beta":false,"boss_relics":[{"not_picked":["Coffee Dripper","hubris:RunicObelisk"],"picked":"Replay:Grab Bag"},{"not_picked":["hubris:CrackedHourglass","Fusion Hammer"],"picked":"Cursed Key"},{"not_picked":["Ectoplasm","hubris:TerracottaHorce"],"picked":"Replay:Wanted Poster"},{"not_picked":["Hololive_TopUpMoneyS","hubris:HollowSoul"],"picked":"Calling Bell"}],"items_purged_floors":[],"is_endless":false,"potions_floor_spawned":[5,10,14,19],"killed_by":"Nightmare","ascension_level":1}}