{"host":"29uuqgkzqd703i93","time":1613334631,"event":{"mods":["BaseMod","Minty Spire (QoL Compilation)"],"gold_per_floor":[110,110,110,128,147,491,491,516,516,516,5,5,28,46,46,175,175,194,194,208,232,232,276,292,292,292,292,292],"floor_reached":27,"language":"ENG","playtime":1883,"items_purged":[],"score":235,"play_id":"e7308bd3-6fbb-4a5b-a5fd-4a4885965f48","local_time":"20210214213031","is_ascension_mode":false,"campfire_choices":[{"data":"Envenom","floor":7.0,"key":"SMITH"},{"floor":12.0,"key":"REST"},{"floor":15.0,"key":"REST"},{"floor":25.0,"key":"REST"}],"circlet_count":0,"master_deck":["Strike_G","Strike_G","Defend_G","Defend_G","Defend_G","Defend_G","Defend_G","Survivor","Neutralize","Bouncing Flask","Footwork","Poisoned Stab","Injury","Backflip","Quick Slash","Envenom+1","Outmaneuver","Distraction","Deadly Poison","Caltrops","Sucker Punch","Flying Knee","Underhanded Strike","PiercingWail","Dodge and Roll","PiercingWail","Corpse Explosion","Calculated Gamble","Forethought","Crippling Poison+1","Acrobatics","Poisoned Stab+1","Leg Sweep","Terror"],"relics":["Ring of the Snake","Golden Idol","Old Coin","StoneCalendar","Dream Catcher","Blood Vial","HoveringKite","Mango","Shuriken"],"acts_visited":["Exordium","TheCity"],"potions_floor_usage":[27],"damage_taken":[{"damage":0.0,"enemies":"Small Slimes","floor":1.0,"turns":4.0},{"damage":0.0,"enemies":"2 Louse","floor":4.0,"turns":2.0},{"damage":6.0,"enemies":"Cultist","floor":5.0,"turns":4.0},{"damage":21.0,"enemies":"3 Sentries","floor":6.0,"turns":12.0},{"damage":7.0,"enemies":"Looter","floor":8.0,"turns":4.0},{"damage":40.0,"enemies":"Gremlin Gang","floor":13.0,"turns":5.0},{"damage":5.0,"enemies":"Blue Slaver","floor":14.0,"turns":3.0},{"damage":29.0,"enemies":"The Guardian","floor":16.0,"turns":10.0},{"damage":0.0,"enemies":"Chosen","floor":18.0,"turns":6.0},{"damage":10.0,"enemies":"Spheric Guardian","floor":20.0,"turns":3.0},{"damage":24.0,"enemies":"Snake Plant","floor":21.0,"turns":5.0},{"damage":16.0,"enemies":"Book of Stabbing","floor":23.0,"turns":6.0},{"damage":18.0,"enemies":"Centurion and Healer","floor":24.0,"turns":4.0},{"damage":40,"enemies":"Cultist and Chosen","floor":27,"turns":6}],"seed_played":"-9067551443312680588","potions_obtained":[{"floor":5.0,"key":"Strength Potion"},{"floor":6.0,"key":"Weak Potion"},{"floor":13.0,"key":"Weak Potion"},{"floor":14.0,"key":"LiquidBronze"},{"floor":23.0,"key":"Fire Potion"}],"is_trial":false,"path_per_floor":["M","?","?","M","M","E","R","M","T","?","$","R","M","M","R","B",null,"M","?","M","M","?","E","M","R","T","M"],"character_chosen":"THE_SILENT","items_purchased":["Dream Catcher","Deadly Poison","Caltrops","Blood Vial","Sucker Punch","Flying Knee"],"campfire_rested":3,"item_purchase_floors":[11,11,11,11,11,11],"current_hp_per_floor":[63,68,68,68,62,41,41,34,34,34,34,54,16,13,33,6,68,68,56,48,26,26,26,10,34,34,0,0],"gold":292,"neow_bonus":"TRANSFORM_TWO_CARDS","is_daily":false,"chose_seed":false,"campfire_upgraded":1,"win_rate":0.0,"timestamp":1613334631,"path_taken":["M","?","?","M","M","E","R","M","T","?","$","R","M","?","R","BOSS","M","?","?","M","?","E","M","R","T","?"],"items_purchased_type":["Relic","Card","Card","Relic","Card","Card"],"build_version":"2020-12-22","purchased_purges":0,"victory":false,"max_hp_per_floor":[63,68,68,68,68,68,68,68,68,68,68,68,68,68,68,68,68,68,68,68,68,68,82,82,82,82,82,82],"card_choices":[{"not_picked":["Sucker Punch","Cloak And Dagger"],"picked":"Poisoned Stab","floor":1.0},{"not_picked":["Flying Knee","Blade Dance"],"picked":"Backflip","floor":4.0},{"not_picked":["Expertise","Finisher"],"picked":"Quick Slash","floor":5.0},{"not_picked":["Skewer","Quick Slash"],"picked":"Envenom","floor":6.0},{"not_picked":["Skewer","Quick Slash"],"picked":"Outmaneuver","floor":8.0},{"not_picked":["Distraction","Calculated Gamble"],"picked":"Underhanded Strike","floor":12.0},{"not_picked":["Accuracy","All Out Attack"],"picked":"PiercingWail","floor":13.0},{"not_picked":["Phantasmal Killer","Outmaneuver"],"picked":"Dodge and Roll","floor":14.0},{"not_picked":["Finisher","Slice"],"picked":"PiercingWail","floor":15.0},{"not_picked":["A Thousand Cuts","Unload"],"picked":"Corpse Explosion","floor":16.0},{"not_picked":["Blade Dance","Underhanded Strike+1"],"picked":"Calculated Gamble","floor":18.0},{"not_picked":["Riddle With Holes+1","Prepared"],"picked":"Crippling Poison","floor":20.0},{"not_picked":["Dodge and Roll","Footwork+1"],"picked":"Acrobatics","floor":21.0},{"not_picked":["Dodge and Roll","Cloak And Dagger"],"picked":"Poisoned Stab+1","floor":23.0},{"not_picked":["Flechettes","Poisoned Stab"],"picked":"Leg Sweep","floor":24.0},{"not_picked":["Malaise","Underhanded Strike"],"picked":"Terror","floor":25.0}],"player_experience":89774,"relics_obtained":[{"floor":6.0,"key":"Old Coin"},{"floor":9.0,"key":"StoneCalendar"},{"floor":23.0,"key":"Mango"},{"floor":26.0,"key":"Shuriken"}],"event_choices":[{"damage_healed":0.0,"max_hp_gain":5.0,"max_hp_loss":0.0,"gold_gain":0.0,"event_name":"Big Fish","player_choice":"Donut","floor":2.0,"gold_loss":0.0,"damage_taken":0.0},{"damage_healed":0.0,"max_hp_gain":0.0,"max_hp_loss":0.0,"gold_gain":0.0,"event_name":"Golden Idol","player_choice":"Take Wound","floor":3.0,"gold_loss":0.0,"damage_taken":0.0,"relics_obtained":["Golden Idol"],"cards_obtained":["Injury"]},{"damage_healed":0.0,"max_hp_gain":0.0,"max_hp_loss":0.0,"gold_gain":0.0,"cards_transformed":["Strike_G"],"event_name":"Transmorgrifier","player_choice":"Transformed","floor":10.0,"gold_loss":0.0,"damage_taken":0.0,"cards_obtained":["Distraction"]},{"damage_healed":0.0,"max_hp_gain":0.0,"max_hp_loss":0.0,"gold_gain":0.0,"event_name":"Knowing Skull","player_choice":"CARD ","floor":19.0,"potions_obtained":[],"gold_loss":0.0,"damage_taken":12.0,"cards_obtained":["Forethought"]},{"damage_healed":0.0,"max_hp_gain":0.0,"max_hp_loss":0.0,"gold_gain":0.0,"event_name":"Accursed Blacksmith","player_choice":"Forge","floor":22.0,"gold_loss":0.0,"damage_taken":0.0,"cards_upgraded":["Crippling Poison"]}],"is_beta":false,"boss_relics":[{"not_picked":["Busted Crown","Ectoplasm"],"picked":"HoveringKite"}],"items_purged_floors":[],"is_endless":false,"potions_floor_spawned":[5,6,13,14,16,23,24],"killed_by":"Cultist and Chosen","ascension_level":0}}