{"host":"m0bekkrd201b63ug","time":1613322995,"event":{"mods":["AchievementEnabler","BaseMod","Colored Powertips","Highlight Path","Minty Spire (QoL Compilation)","Rare Cards Sparkle","StSLib","SuperFastMode","everything is the same but u backflip on backflip","slay the spire mod where everything is the same but ironclad has a cowboy hat"],"gold_per_floor":[114,134,150,150,163,191,191,191,191,191,222,247,41,41,41,137,137,153,153,23,23,44,44,75,87,99,111,123,160,185,221,233,334,346,381,418,430,442,442],"floor_reached":38,"language":"ENG","playtime":1420,"items_purged":["Strike_G"],"score":788,"play_id":"477bd4b8-9737-4df4-a792-e63d6d994684","local_time":"20210214151635","is_ascension_mode":true,"campfire_choices":[{"floor":8.0,"key":"REST"},{"floor":10.0,"key":"REST"},{"floor":15.0,"key":"REST"},{"data":"Backflip","floor":23.0,"key":"SMITH"},{"data":"Blade Dance","floor":25.0,"key":"SMITH"},{"floor":32.0,"key":"REST"}],"circlet_count":0,"master_deck":["AscendersBane","Strike_G","Strike_G","Strike_G","Defend_G","Defend_G","Defend_G","Defend_G","Defend_G","Survivor","Neutralize","Dagger Spray","PiercingWail","Glass Knife+1","After Image+1","Blade Dance+1","Malaise","Terror","Blade Dance","Backflip+1","Cloak And Dagger+1","Expertise"],"relics":["Ring of the Snake","Boot","Vajra","Golden Idol","Bag of Marbles","Frozen Egg 2","Cursed Key","MawBank","MutagenicStrength","Sozu","Shovel"],"acts_visited":["Exordium","TheCity","TheBeyond"],"potions_floor_usage":[33,33,33],"damage_taken":[{"damage":0.0,"enemies":"Small Slimes","floor":1.0,"turns":3.0},{"damage":1.0,"enemies":"Cultist","floor":2.0,"turns":4.0},{"damage":2.0,"enemies":"Jaw Worm","floor":3.0,"turns":4.0},{"damage":0.0,"enemies":"2 Fungi Beasts","floor":5.0,"turns":3.0},{"damage":22.0,"enemies":"Lagavulin","floor":6.0,"turns":7.0},{"damage":10.0,"enemies":"3 Sentries","floor":11.0,"turns":5.0},{"damage":10.0,"enemies":"Exordium Thugs","floor":12.0,"turns":3.0},{"damage":37.0,"enemies":"The Guardian","floor":16.0,"turns":13.0},{"damage":2.0,"enemies":"Shell Parasite","floor":18.0,"turns":6.0},{"damage":0.0,"enemies":"3 Byrds","floor":22.0,"turns":4.0},{"damage":10.0,"enemies":"Book of Stabbing","floor":24.0,"turns":6.0},{"damage":0.0,"enemies":"3 Cultists","floor":29.0,"turns":3.0},{"damage":7.0,"enemies":"Snake Plant","floor":30.0,"turns":5.0},{"damage":0.0,"enemies":"Chosen and Byrds","floor":31.0,"turns":3.0},{"damage":47,"enemies":"Automaton","floor":33,"turns":10},{"damage":24,"enemies":"3 Darklings","floor":35,"turns":7},{"damage":7,"enemies":"Orb Walker","floor":36,"turns":4},{"damage":41,"enemies":"Transient","floor":38,"turns":6}],"seed_played":"3230073624859036486","potions_obtained":[{"floor":1.0,"key":"DuplicationPotion"},{"floor":6.0,"key":"Fire Potion"},{"floor":12.0,"key":"FearPotion"},{"floor":18.0,"key":"EntropicBrew"},{"floor":22.0,"key":"Swift Potion"},{"floor":29.0,"key":"CultistPotion"}],"is_trial":false,"path_per_floor":["M","M","M","?","M","E","?","R","T","R","E","M","$","?","R","B",null,"M","?","$","T","M","R","E","R","T","?","?","M","M","M","R","B",null,"M","M","?","M"],"character_chosen":"THE_SILENT","items_purchased":["After Image+1","Blade Dance","Blade Dance"],"campfire_rested":4,"item_purchase_floors":[13,13,20],"current_hp_per_floor":[59,58,56,56,56,34,11,30,30,49,39,29,29,29,48,11,52,50,50,50,50,50,50,40,40,40,40,40,40,33,33,52,5,51,27,20,20,0,0],"gold":442,"neow_bonus":"RANDOM_COMMON_RELIC","is_daily":false,"chose_seed":false,"campfire_upgraded":2,"win_rate":0.0,"timestamp":1613322995,"path_taken":["M","M","M","?","?","E","?","R","T","R","E","M","$","?","R","BOSS","M","?","$","?","M","R","E","R","T","?","?","M","M","M","R","BOSS","M","M","?","?"],"items_purchased_type":["Card","Card","Card"],"build_version":"2020-12-22","purchased_purges":1,"victory":false,"max_hp_per_floor":[66,66,66,66,66,66,66,66,66,66,66,66,66,66,66,66,66,66,66,66,66,66,66,66,66,66,66,66,66,66,66,66,66,66,66,66,66,66,66],"card_choices":[{"not_picked":["Eviscerate","Bane"],"picked":"Dagger Spray","floor":1.0},{"not_picked":["Sucker Punch","Deadly Poison"],"picked":"PiercingWail","floor":2.0},{"not_picked":["Slice","Acrobatics"],"picked":"Glass Knife","floor":3.0},{"not_picked":["Flying Knee","Caltrops","Bane"],"picked":"SKIP","floor":5.0},{"not_picked":["Sucker Punch","Outmaneuver","Underhanded Strike"],"picked":"SKIP","floor":6.0},{"not_picked":["Flechettes","Endless Agony","Poisoned Stab"],"picked":"SKIP","floor":11.0},{"not_picked":["Calculated Gamble","Phantasmal Killer","Noxious Fumes+1"],"picked":"SKIP","floor":12.0},{"not_picked":["A Thousand Cuts+1","Phantasmal Killer"],"picked":"Malaise","floor":16.0},{"not_picked":["Slice","Acrobatics"],"picked":"Terror","floor":18.0},{"not_picked":["Caltrops+1","Prepared"],"picked":"Backflip","floor":22.0},{"not_picked":["Distraction","Noxious Fumes+1","Flying Knee"],"picked":"SKIP","floor":24.0},{"not_picked":["Blur","Terror","Dagger Throw"],"picked":"SKIP","floor":29.0},{"not_picked":["Setup","Eviscerate"],"picked":"Cloak And Dagger+1","floor":30.0},{"not_picked":["Blur","Acrobatics","Poisoned Stab"],"picked":"SKIP","floor":31.0},{"not_picked":["Skewer","Well Laid Plans+1","Poisoned Stab+1"],"picked":"SKIP","floor":35},{"not_picked":["Sucker Punch+1","Bouncing Flask+1"],"picked":"Expertise","floor":36}],"player_experience":263278,"relics_obtained":[{"floor":6.0,"key":"Vajra"},{"floor":9.0,"key":"Bag of Marbles"},{"floor":11.0,"key":"Frozen Egg 2"},{"floor":24.0,"key":"MawBank"}],"event_choices":[{"damage_healed":0.0,"max_hp_gain":0.0,"max_hp_loss":0.0,"gold_gain":0.0,"event_name":"Accursed Blacksmith","player_choice":"Forge","floor":4.0,"gold_loss":0.0,"damage_taken":0.0,"cards_upgraded":["Glass Knife"]},{"damage_healed":0.0,"max_hp_gain":0.0,"max_hp_loss":0.0,"gold_gain":0.0,"event_name":"Golden Idol","player_choice":"Take Damage","floor":7.0,"gold_loss":0.0,"damage_taken":23.0,"relics_obtained":["Golden Idol"]},{"damage_healed":0.0,"max_hp_gain":0.0,"max_hp_loss":0.0,"gold_gain":0.0,"event_name":"Liars Game","player_choice":"Ignored","floor":14.0,"gold_loss":0.0,"damage_taken":0.0},{"cards_removed":["Strike_G"],"damage_healed":0.0,"max_hp_gain":0.0,"max_hp_loss":0.0,"gold_gain":0.0,"event_name":"Purifier","player_choice":"Purged","floor":19.0,"gold_loss":0.0,"damage_taken":0.0},{"damage_healed":0.0,"max_hp_gain":0.0,"max_hp_loss":0.0,"gold_gain":0.0,"event_name":"Drug Dealer","player_choice":"Inject Mutagens","floor":27.0,"gold_loss":0.0,"damage_taken":0.0,"relics_obtained":["MutagenicStrength"]},{"damage_healed":0.0,"max_hp_gain":0.0,"max_hp_loss":0.0,"gold_gain":0.0,"event_name":"The Mausoleum","player_choice":"Ignored","floor":28.0,"gold_loss":0.0,"damage_taken":0.0},{"damage_healed":0,"gold_gain":0,"player_choice":"Gave Potion","damage_taken":0,"relics_obtained":["Shovel"],"max_hp_gain":0,"max_hp_loss":0,"event_name":"WeMeetAgain","floor":37,"gold_loss":0}],"is_beta":false,"boss_relics":[{"not_picked":["Runic Dome","Coffee Dripper"],"picked":"Cursed Key"},{"not_picked":["Runic Pyramid","Snecko Eye"],"picked":"Sozu"}],"items_purged_floors":[20],"is_endless":false,"potions_floor_spawned":[1,6,12,18,22,29],"killed_by":"Transient","ascension_level":19}}