{"host":"121m0oxswv9tg9hk","time":1613310440,"event":{"mods":["AchievementEnabler","BaseMod","Better Third Choice","Hermit","Hubris","Minty Spire (QoL Compilation)","Replay The Spire","Shade Mod","StSLib","The Construct"],"gold_per_floor":[19,19,38,52,52,80,80,111,157,197,207,8,44,55,55,152,152,181,205,223,92,92,92],"floor_reached":22,"language":"ENG","playtime":3525,"items_purged":["construct:Defend_Gold","construct:Strike_Gold"],"score":293,"play_id":"5dfe9da7-0730-40dd-9576-ba829dfad1e7","local_time":"20210214144720","is_ascension_mode":true,"campfire_choices":[{"data":"construct:Accumulate","floor":7,"key":"SMITH"},{"data":"construct:AttackMode","floor":15,"key":"SMITH"}],"circlet_count":0,"master_deck":["construct:Strike_Gold","construct:Strike_Gold","construct:Strike_Gold","construct:Defend_Gold","construct:Defend_Gold","construct:Defend_Gold","construct:AttackMode+1","construct:DefenseMode","construct:MetalShell","construct:FlameCore+1","construct:Accumulate+1","construct:Accumulate","construct:VentSteam+1","construct:PointDefense+1","construct:Hazardproof+1","construct:PointDefense+1","construct:Autoturret","construct:Synchronize","Survey Options+1"],"relics":["construct:Cogwheel","Toxic Egg 2","Boot","Smiling Mask","CeramicFish","Anchor","Replay:Bottled Eggs","Ring of Chaos"],"acts_visited":["Exordium","TheCity"],"potions_floor_usage":[16,16,18],"damage_taken":[{"damage":0,"enemies":"2 Louse","floor":1,"turns":2},{"damage":0,"enemies":"Cultist","floor":3,"turns":4},{"damage":0,"enemies":"Small Slimes","floor":4,"turns":3},{"damage":0,"enemies":"Lagavulin","floor":6,"turns":10},{"damage":26,"enemies":"Gremlin Nob","floor":8,"turns":4},{"damage":0,"enemies":"Lagavulin","floor":10,"turns":9},{"damage":6,"enemies":"2 Fungi Beasts","floor":11,"turns":6},{"damage":22,"enemies":"Gremlin Nob","floor":13,"turns":5},{"damage":1,"enemies":"Looter","floor":14,"turns":4},{"damage":5,"enemies":"Hexaghost","floor":16,"turns":13},{"damage":0,"enemies":"Shell Parasite","floor":18,"turns":10},{"damage":1,"enemies":"Chosen","floor":19,"turns":8},{"damage":69,"enemies":"Sentry and Sphere","floor":20,"turns":11},{"damage":19,"enemies":"Chosen and Byrds","floor":22,"turns":4}],"seed_played":"-3501252058103019420","potions_obtained":[{"floor":6,"key":"Regen Potion"},{"floor":8,"key":"SteroidPotion"},{"floor":13,"key":"Block Potion"},{"floor":16,"key":"Block Potion"},{"floor":19,"key":"CultistPotion"}],"is_trial":false,"path_per_floor":["M","?","M","M","T","E","R","E","T","E","M","$","E","M","R","B",null,"M","M","M","$","M"],"character_chosen":"THE_CONSTRUCT_MOD","items_purchased":["Anchor","Survey Options+1"],"campfire_rested":0,"item_purchase_floors":[12,21],"current_hp_per_floor":[85,85,85,85,85,85,85,59,59,59,53,53,31,30,30,40,85,85,84,15,15,0,0],"gold":92,"neow_bonus":"TRANSFORM_TWO_CARDS","is_daily":false,"chose_seed":false,"campfire_upgraded":2,"win_rate":0.0,"timestamp":1613310440,"path_taken":["M","?","M","?","?","E","R","E","T","E","M","$","E","M","R","BOSS","M","M","M","$","M"],"items_purchased_type":["Relic","Card"],"build_version":"2020-12-22","purchased_purges":2,"victory":false,"max_hp_per_floor":[85,85,85,85,85,85,85,85,85,85,85,85,85,85,85,85,85,85,85,85,85,85,85],"card_choices":[{"not_picked":["construct:Forcefield","construct:ShiftStrike"],"picked":"construct:Accumulate","floor":1},{"not_picked":["construct:Versatility","construct:ReactiveShield","construct:Forcefield"],"picked":"SKIP","floor":3},{"not_picked":["construct:SuppressiveFire","construct:Forcefield"],"picked":"construct:Accumulate","floor":4},{"not_picked":["construct:GuardCore+1","construct:ForceCore+1"],"picked":"construct:VentSteam+1","floor":6},{"not_picked":["construct:LongRangeLance","construct:GuardCore+1"],"picked":"construct:PointDefense","floor":8},{"not_picked":["construct:ScrapCannon","construct:SuppressiveFire"],"picked":"construct:Hazardproof+1","floor":10},{"not_picked":["construct:SweepLaser","construct:FocusedBeam","construct:ModeShift+1"],"picked":"SKIP","floor":11},{"not_picked":["construct:Autoturret","construct:Forcefield+1"],"picked":"construct:PointDefense","floor":13},{"not_picked":["construct:Missile","construct:BatteryCore+1","construct:Tumble"],"picked":"SKIP","floor":14},{"not_picked":["construct:Rollout","construct:ShiftStrike"],"picked":"construct:Autoturret","floor":18},{"not_picked":["construct:HardReboot+1","construct:CreateCores+1"],"picked":"construct:Synchronize","floor":19},{"not_picked":["construct:ScopeCore+1","construct:PhosphorStorm+1","construct:Versatility+1"],"picked":"SKIP","floor":20}],"player_experience":2442454,"relics_obtained":[{"floor":6,"key":"Toxic Egg 2"},{"floor":8,"key":"Boot"},{"floor":9,"key":"Smiling Mask"},{"floor":10,"key":"CeramicFish"},{"floor":13,"key":"Replay:Bottled Eggs"}],"event_choices":[{"damage_healed":0,"gold_gain":0,"player_choice":"Upgraded","damage_taken":0,"max_hp_gain":0,"max_hp_loss":0,"event_name":"Upgrade Shrine","floor":2,"gold_loss":0,"cards_upgraded":["construct:FlameCore"]}],"is_beta":false,"boss_relics":[{"not_picked":["Velvet Choker","hubris:BlackHole"],"picked":"Ring of Chaos"}],"items_purged_floors":[12,21],"is_endless":false,"potions_floor_spawned":[6,8,13,14,16,19],"killed_by":"Chosen and Byrds","ascension_level":2}}