{"host":"t5vp0whyqzs05fb6","time":1613303499,"event":{"mods":["AchievementEnabler","BaseMod","Colored Map","Minty Spire (QoL Compilation)","Rare Cards Sparkle","SuperFastMode","everything is the same but u backflip on backflip"],"gold_per_floor":[116,132,132,157,157,157,175,199,249,262,292,312,312,337,337,468,468,488,197,210,210,210],"floor_reached":21,"language":"KOR","playtime":756,"items_purged":["Defend_P"],"score":175,"play_id":"2610de30-7447-42e1-948d-7bb0e4cf5f45","local_time":"20210214205139","is_ascension_mode":false,"campfire_choices":[{"data":"Eruption","floor":6,"key":"SMITH"},{"data":"ConjureBlade","floor":13,"key":"SMITH"},{"data":"Adaptation","floor":15,"key":"SMITH"}],"circlet_count":0,"master_deck":["Strike_P","Strike_P","Strike_P+1","Defend_P","Defend_P","Defend_P","Eruption+1","Vigilance","Evaluate","Tantrum+1","ClearTheMind","BowlingBash","Adaptation+1","ConjureBlade+1","FearNoEvil","Omniscience","Study"],"relics":["Black Star","Golden Idol","Oddly Smooth Stone","Odd Mushroom","Snecko Eye","Whetstone"],"acts_visited":["Exordium","TheCity"],"potions_floor_usage":[11,11,16,21],"damage_taken":[{"damage":5,"enemies":"Jaw Worm","floor":1,"turns":6},{"damage":1,"enemies":"2 Louse","floor":2,"turns":3},{"damage":6,"enemies":"Small Slimes","floor":4,"turns":4},{"damage":0,"enemies":"2 Fungi Beasts","floor":7,"turns":2},{"damage":3,"enemies":"Blue Slaver","floor":8,"turns":3},{"damage":6,"enemies":"3 Louse","floor":10,"turns":4},{"damage":0,"enemies":"The Mushroom Lair","floor":11,"turns":2},{"damage":14,"enemies":"Looter","floor":12,"turns":3},{"damage":1,"enemies":"Blue Slaver","floor":14,"turns":4},{"damage":29,"enemies":"Slime Boss","floor":16,"turns":7},{"damage":12,"enemies":"2 Thieves","floor":18,"turns":4},{"damage":5,"enemies":"Chosen","floor":20,"turns":6},{"damage":13,"enemies":"Shelled Parasite and Fungi","floor":21,"turns":3}],"seed_played":"4724961045635914414","potions_obtained":[{"floor":2,"key":"Swift Potion"},{"floor":7,"key":"BottledMiracle"},{"floor":8,"key":"Explosive Potion"},{"floor":11,"key":"LiquidBronze"},{"floor":12,"key":"LiquidMemories"},{"floor":18,"key":"Regen Potion"}],"is_trial":false,"path_per_floor":["M","M","?","M","?","R","M","M","T","M","?","M","R","M","R","B",null,"M","$","M","M"],"character_chosen":"WATCHER","items_purchased":["Study","Whetstone"],"campfire_rested":0,"item_purchase_floors":[19,19],"current_hp_per_floor":[67,66,66,60,60,60,60,57,57,51,51,37,37,36,36,7,67,55,55,50,42,42],"gold":210,"neow_bonus":"BOSS_RELIC","is_daily":false,"chose_seed":false,"campfire_upgraded":3,"win_rate":0.0,"timestamp":1613303499,"path_taken":["M","M","?","M","?","R","M","M","T","M","?","M","R","M","R","BOSS","M","$","M","M"],"items_purchased_type":["Card","Relic"],"build_version":"2020-12-22","purchased_purges":1,"victory":false,"max_hp_per_floor":[72,72,67,67,67,67,67,67,67,67,67,67,67,67,67,67,67,67,67,67,67,67],"card_choices":[{"not_picked":["FollowUp","SashWhip"],"picked":"Evaluate","floor":1},{"not_picked":["WheelKick","Worship"],"picked":"Tantrum","floor":2},{"not_picked":["EmptyBody","Wallop"],"picked":"ClearTheMind","floor":4},{"not_picked":["Meditate","WindmillStrike"],"picked":"BowlingBash","floor":7},{"not_picked":["CrushJoints","EmptyFist"],"picked":"Adaptation","floor":8},{"not_picked":["PathToVictory","Perseverance"],"picked":"ConjureBlade","floor":10},{"not_picked":["FlyingSleeves","BattleHymn","Swivel"],"picked":"SKIP","floor":12},{"not_picked":["Prostrate","SashWhip"],"picked":"FearNoEvil","floor":14},{"not_picked":["DeusExMachina","Ragnarok"],"picked":"Omniscience","floor":16},{"not_picked":["FlyingSleeves","Nirvana","BattleHymn"],"picked":"SKIP","floor":18},{"not_picked":["Evaluate","Prostrate","Nirvana"],"picked":"SKIP","floor":20}],"player_experience":225329,"relics_obtained":[{"floor":9,"key":"Oddly Smooth Stone"},{"floor":11,"key":"Odd Mushroom"}],"event_choices":[{"damage_healed":0,"gold_gain":0,"player_choice":"Lose Max HP","damage_taken":0,"relics_obtained":["Golden Idol"],"max_hp_gain":0,"max_hp_loss":5,"event_name":"Golden Idol","floor":3,"gold_loss":0},{"cards_removed":["Strike_P"],"damage_healed":0,"gold_gain":0,"player_choice":"Forget","damage_taken":0,"max_hp_gain":0,"max_hp_loss":0,"event_name":"Living Wall","floor":5,"gold_loss":0},{"damage_healed":0,"gold_gain":0,"player_choice":"Fought Mushrooms","damage_taken":0,"max_hp_gain":0,"max_hp_loss":0,"event_name":"Mushrooms","floor":11,"gold_loss":0}],"is_beta":false,"boss_relics":[{"not_picked":["Ectoplasm","SacredBark"],"picked":"Snecko Eye"}],"items_purged_floors":[19],"is_endless":false,"potions_floor_spawned":[2,7,8,11,12,18],"killed_by":"Shelled Parasite and Fungi","ascension_level":0}}