{"host":"tetq3wi5anb97imq","time":1613340396,"event":{"mods":["BaseMod","Block Reminder","Minty Spire (QoL Compilation)","Quick Restart","StSLib","SuperFastMode"],"gold_per_floor":[118,118,138,138,200,212,258,270,309,353,375,400,412,412],"floor_reached":13,"language":"ENG","playtime":327,"items_purged":[],"score":236,"play_id":"35a69d40-7a4e-4d64-af5d-36bc96132b71","local_time":"20210214200636","is_ascension_mode":true,"campfire_choices":[{"data":"Neutralize","floor":6,"key":"SMITH"},{"data":"Distraction","floor":8,"key":"SMITH"}],"circlet_count":0,"master_deck":["AscendersBane","Strike_G","Strike_G","Strike_G","Strike_G","Strike_G","Defend_G","Defend_G","Defend_G","Defend_G","Defend_G","Survivor","Neutralize+1","Terror+1","Cloak And Dagger","Regret","Distraction+1","Backstab","Blade Dance","Blade Dance"],"relics":["Ring of the Snake","NeowsBlessing","MawBank","Unceasing Top","Tiny Chest","Vajra"],"acts_visited":["Exordium"],"potions_floor_usage":[10,10,12,13],"damage_taken":[{"damage":0.0,"enemies":"Small Slimes","floor":1.0,"turns":1.0},{"damage":0.0,"enemies":"2 Louse","floor":3.0,"turns":2.0},{"damage":0,"enemies":"Gremlin Nob","floor":7,"turns":1},{"damage":36,"enemies":"3 Sentries","floor":10,"turns":16},{"damage":6,"enemies":"Cultist","floor":11,"turns":3},{"damage":0,"enemies":"Exordium Wildlife","floor":12,"turns":4},{"damage":6,"enemies":"Gremlin Nob","floor":13,"turns":3}],"seed_played":"1134444664376592197","potions_obtained":[{"floor":1.0,"key":"Swift Potion"},{"floor":7,"key":"Fire Potion"},{"floor":11,"key":"SpeedPotion"},{"floor":12,"key":"CultistPotion"}],"is_trial":false,"path_per_floor":["M","?","M","?","?","R","E","R","T","E","M","M","E"],"character_chosen":"THE_SILENT","items_purchased":[],"campfire_rested":0,"item_purchase_floors":[],"current_hp_per_floor":[59,59,59,59,53,53,53,53,53,17,11,11,5,5],"gold":412,"neow_bonus":"THREE_ENEMY_KILL","is_daily":false,"chose_seed":false,"campfire_upgraded":2,"win_rate":0.0,"timestamp":1613340396,"path_taken":["M","?","M","?","?","R","E","R","T","E","M","?","E"],"items_purchased_type":[],"build_version":"2020-12-22","purchased_purges":0,"victory":false,"max_hp_per_floor":[66,66,66,66,66,66,66,66,66,66,66,66,66,66],"card_choices":[{"not_picked":["Backflip","Concentrate"],"picked":"Terror","floor":1.0},{"not_picked":["Heel Hook","Escape Plan"],"picked":"Cloak And Dagger","floor":3.0},{"not_picked":["Wraith Form v2","Deflect"],"picked":"Distraction","floor":7},{"not_picked":["Malaise","Distraction"],"picked":"Backstab","floor":10},{"not_picked":["Prepared","Flying Knee"],"picked":"Blade Dance","floor":11},{"not_picked":["Prepared","Endless Agony"],"picked":"Blade Dance","floor":12}],"player_experience":523638,"relics_obtained":[{"floor":7,"key":"Unceasing Top"},{"floor":9,"key":"Tiny Chest"},{"floor":10,"key":"Vajra"}],"event_choices":[{"damage_healed":0.0,"max_hp_gain":0.0,"max_hp_loss":0.0,"gold_gain":0.0,"event_name":"Living Wall","player_choice":"Grow","floor":2.0,"gold_loss":0.0,"damage_taken":0.0,"cards_upgraded":["Terror"]},{"damage_healed":0.0,"max_hp_gain":0.0,"max_hp_loss":0.0,"gold_gain":0.0,"event_name":"Big Fish","player_choice":"Box","floor":4.0,"gold_loss":0.0,"damage_taken":0.0,"relics_obtained":["MawBank"],"cards_obtained":["Regret"]},{"damage_healed":0,"gold_gain":50,"player_choice":"Touch","damage_taken":6,"max_hp_gain":0,"max_hp_loss":0,"event_name":"FaceTrader","floor":5,"gold_loss":0}],"is_beta":false,"boss_relics":[],"items_purged_floors":[],"is_endless":false,"potions_floor_spawned":[1,7,11,12],"killed_by":"Gremlin Nob","ascension_level":20}}