{"host":"3498uni0c31c9bdm","time":1613332374,"event":{"mods":["BaseMod","Better Match","Better Note","Better Sensory Stone","Better Skull","Better Third Choice","Colored Map","Minty Spire (QoL Compilation)","Quick Restart","RNG Fix","Random Character Button","Replay The Spire","Shop Mod","Smile Girya","StSLib","Unceasing Turn Reminder"],"gold_per_floor":[117,133,133,133,11,24,55,81,105,105,105,50,50,64,64,189,189,207,306,306,306],"floor_reached":20,"language":"ENG","playtime":823,"items_purged":[],"score":264,"play_id":"8b743f06-22be-491e-a895-05a149546c6d","local_time":"20210215065254","is_ascension_mode":true,"campfire_choices":[{"floor":10,"key":"REST"},{"floor":13,"key":"REST"},{"floor":15,"key":"RECALL"}],"circlet_count":0,"master_deck":["AscendersBane","Strike_R","Strike_R","Strike_R","Strike_R","Defend_R","Defend_R","Defend_R","Defend_R","Bash","Strike_P","Strike_P","Magnetism","Thunderclap","Pommel Strike","Injury","ReplayTheSpireMod:Muscle Training","Wild Strike","Armaments","Impervious","Run Through","Self Repair+1","Dropkick","Dropkick","Iron Wave","Immolate","Uppercut"],"relics":["Golden Idol","ReplayFunnel","Odd Mushroom","ReplayTheSpireMod:TigerMarble","Iron Core","Honey Jar"],"acts_visited":["Exordium","TheCity"],"potions_floor_usage":[7,8,8,16],"damage_taken":[{"damage":15,"enemies":"2 Louse","floor":1,"turns":4},{"damage":6,"enemies":"Cultist","floor":2,"turns":3},{"damage":5,"enemies":"Small Slimes","floor":6,"turns":3},{"damage":49,"enemies":"Gremlin Nob","floor":7,"turns":6},{"damage":17,"enemies":"The Mushroom Lair","floor":8,"turns":4},{"damage":7,"enemies":"Looter","floor":14,"turns":3},{"damage":73,"enemies":"Fading Forest","floor":16,"turns":11},{"damage":47,"enemies":"Shell Parasite","floor":18,"turns":6},{"damage":34,"enemies":"Spheric Guardian","floor":20,"turns":5}],"seed_played":"-6597977865626814208","potions_obtained":[{"floor":1,"key":"Weak Potion"},{"floor":2,"key":"Languid Potion"},{"floor":7,"key":"Adrenaline Potion"},{"floor":14,"key":"BloodPotion"}],"is_trial":false,"path_per_floor":["M","M","?","?","$","M","E","?","T","R","?","$","R","M","R","B",null,"M","?","M"],"character_chosen":"IRONCLAD","items_purchased":["ReplayTheSpireMod:Muscle Training","Wild Strike","Dropkick"],"campfire_rested":2,"item_purchase_floors":[5,5,12],"current_hp_per_floor":[63,63,63,63,63,64,21,10,10,34,34,34,58,51,51,12,63,30,30,0,0],"gold":306,"neow_bonus":"RANDOM_COLORLESS_2","is_daily":false,"chose_seed":false,"campfire_upgraded":0,"win_rate":0.0,"timestamp":1613332374,"path_taken":["M","M","?","?","$","M","E","?","T","R","?","?","R","M","R","BOSS","M","?","M"],"items_purchased_type":["Card","Card","Card"],"build_version":"2020-12-22","purchased_purges":0,"victory":false,"max_hp_per_floor":[80,80,80,80,80,80,80,80,80,80,80,80,80,80,80,80,80,80,80,80,80],"card_choices":[{"not_picked":["Mayhem","Metamorphosis"],"picked":"Magnetism","floor":0},{"not_picked":["Body Slam","Life Link"],"picked":"Thunderclap","floor":1},{"not_picked":["ReplayTheSpireMod:Strike From Hell","Thunderclap"],"picked":"Pommel Strike","floor":2},{"not_picked":["Body Slam","ReplayTheSpireMod:LeadingStrike"],"picked":"Armaments","floor":6},{"not_picked":["Flex","Clash"],"picked":"Impervious","floor":7},{"not_picked":["Wild Strike","Massacre"],"picked":"Run Through","floor":8},{"not_picked":["Headbutt","ReplayTheSpireMod:GoodbyeWorld"],"picked":"Iron Wave","floor":14},{"not_picked":["Double Tap","Barricade"],"picked":"Immolate","floor":16},{"not_picked":["Heavy Blade+1","Bloodletting+1","Sword Boomerang"],"picked":"Uppercut","floor":18}],"player_experience":906532,"relics_obtained":[{"floor":7,"key":"ReplayFunnel"},{"floor":8,"key":"Odd Mushroom"},{"floor":9,"key":"ReplayTheSpireMod:TigerMarble"}],"event_choices":[{"cards_removed":["Strike_R"],"damage_healed":0,"gold_gain":0,"player_choice":"Offered Basic","damage_taken":0,"max_hp_gain":0,"max_hp_loss":0,"event_name":"Bonfire Elementals","floor":3,"gold_loss":0},{"damage_healed":0,"gold_gain":0,"player_choice":"Take Wound","damage_taken":0,"relics_obtained":["Golden Idol"],"max_hp_gain":0,"max_hp_loss":0,"event_name":"Golden Idol","floor":4,"gold_loss":0,"cards_obtained":["Injury"]},{"damage_healed":0,"gold_gain":0,"player_choice":"Fought Mushrooms","damage_taken":0,"max_hp_gain":0,"max_hp_loss":0,"event_name":"Mushrooms","floor":8,"gold_loss":0},{"damage_healed":0,"gold_gain":99,"player_choice":"Steal","damage_taken":0,"max_hp_gain":0,"max_hp_loss":0,"event_name":"betterThird:BetterNest","floor":19,"gold_loss":0}],"is_beta":false,"boss_relics":[{"not_picked":["Sozu","Empty Cage"],"picked":"Honey Jar"}],"items_purged_floors":[],"is_endless":false,"potions_floor_spawned":[1,2,7,14],"killed_by":"Spheric Guardian","ascension_level":11}}