{"host":"bp3tm7tvk8nf4kb2","time":1613284601,"event":{"mods":["2.2 Compatiblity","AchievementEnabler","BaseMod","Bestiary","Better Match","Better Third Choice","BetterRewards","Colored Map","Colored Powertips","Curses Come First","DeckTracker","Downfall","Duelist Mod","Friendly Minions","Googly Eyes","Halation","Highlight Path","Marisa????????","Minty Spire (QoL Compilation)","Morshu Shopkeeper - ENHANCED","Permanent Neow","Quick Restart","Rare Cards Sparkle","Reorder Act Four","Replay The Spire","Shop Mod","Spicy Shops","StSLib","The Animator","TheBandit","Waifu the Spire","Wide Potions","everything is the same but u backflip on backflip"],"gold_per_floor":[109,109,121,179,198,198,212,242,314,324,347,347,14,34,34,134,134,146,146,146,346,363,363,363],"floor_reached":23,"language":"ENG","playtime":1165,"items_purged":[],"score":291,"play_id":"809f7529-cafd-4c69-9f4b-7a6009eb60ef","local_time":"20210213223641","is_ascension_mode":false,"campfire_choices":[{"data":"Loop","floor":6,"key":"SMITH"},{"data":"Self Repair","floor":12,"key":"SMITH"},{"floor":15,"key":"REST"}],"circlet_count":0,"master_deck":["Strike_B","Strike_B","Strike_B","Defend_B","Defend_B","Zap","Dualcast","Self Repair+1","Loop+1","BasicCrystalCard","FIFO Queue","Go for the Eyes","Loop","ReplayTheSpireMod:Calculation Training","Biased Cognition","Static Discharge+1","Genetic Algorithm+1","Hello World+1","Stack+1","animator:Curse_Nutcracker"],"relics":["Cracked Core","halation:EternalFortune","halation:WeightlessCrab","ReplayTheSpireMod:TigerMarble","Letter Opener","Lantern","Question Card","Astrolabe","Bag of Marbles"],"acts_visited":["Exordium","TheCity"],"potions_floor_usage":[8,16,16],"damage_taken":[{"damage":1,"enemies":"Jaw Worm","floor":1,"turns":3},{"damage":6,"enemies":"2 Louse","floor":3,"turns":2},{"damage":6,"enemies":"Cultist","floor":5,"turns":3},{"damage":33,"enemies":"Gremlin Gang","floor":7,"turns":5},{"damage":2,"enemies":"Lagavulin","floor":8,"turns":6},{"damage":12,"enemies":"Exordium Wildlife","floor":10,"turns":4},{"damage":24,"enemies":"Exordium Thugs","floor":14,"turns":5},{"damage":7,"enemies":"Fading Forest","floor":16,"turns":11},{"damage":25,"enemies":"Shell Parasite","floor":18,"turns":4},{"damage":36,"enemies":"2 Thieves","floor":22,"turns":4},{"damage":25,"enemies":"Slavers","floor":23,"turns":1}],"seed_played":"4362327720369203169","potions_obtained":[{"floor":3,"key":"SpeedPotion"},{"floor":4,"key":"Slimebound:ThreeZeroPotion"},{"floor":8,"key":"Dexterity Potion"}],"is_trial":false,"path_per_floor":["M","?","M","?","M","R","M","E","T","M","T","R","$","M","R","B",null,"M","?","?","?","M","E"],"character_chosen":"DEFECT","items_purchased":["Self Repair","Loop","Question Card"],"campfire_rested":1,"item_purchase_floors":[0,13,13],"current_hp_per_floor":[75,78,78,78,78,78,52,57,57,52,52,52,52,38,61,74,78,63,63,48,48,22,0,0],"gold":363,"neow_bonus":"","is_daily":false,"chose_seed":false,"campfire_upgraded":2,"win_rate":0.0,"timestamp":1613284601,"path_taken":["M","?","M","?","?","R","?","E","T","M","?","R","$","M","R","BOSS","M","?","?","?","?","E"],"items_purchased_type":["Card","Card","Relic"],"build_version":"2020-12-22","purchased_purges":0,"victory":false,"max_hp_per_floor":[75,78,78,78,78,78,78,78,78,78,78,78,78,78,78,78,78,78,78,83,83,83,83,83],"card_choices":[{"not_picked":["Gash","ReplayGash","Streamline"],"picked":"SKIP","floor":1},{"not_picked":["Leap","Coolheaded","Chaos"],"picked":"SKIP","floor":3},{"not_picked":["Streamline","Sweeping Beam"],"picked":"Loop","floor":4},{"not_picked":["Rebound","ReplaySolidLightProjector","Steam"],"picked":"SKIP","floor":5},{"not_picked":["Panic Button","Redo"],"picked":"BasicCrystalCard","floor":7},{"not_picked":["Coolheaded","Crystallizer"],"picked":"FIFO Queue","floor":8},{"not_picked":["Fission","Cold Snap"],"picked":"Go for the Eyes","floor":10},{"not_picked":["ReplayTheSpireMod:Reroute Power","Streamline","Coolheaded"],"picked":"ReplayTheSpireMod:Calculation Training","floor":14},{"not_picked":["Mirror Shield","Seek","Fission"],"picked":"Biased Cognition","floor":16},{"not_picked":["Go for the Eyes","Coolheaded","Rebound+1"],"picked":"Stack+1","floor":18},{"not_picked":["Hologram","Leap","Streamline","Gash"],"picked":"SKIP","floor":22}],"player_experience":53009,"relics_obtained":[{"floor":4,"key":"halation:WeightlessCrab"},{"floor":8,"key":"ReplayTheSpireMod:TigerMarble"},{"floor":9,"key":"Letter Opener"},{"floor":11,"key":"Lantern"}],"event_choices":[{"damage_healed":0,"gold_gain":0,"player_choice":"Shed Blood","damage_taken":20,"max_hp_gain":5,"max_hp_loss":0,"event_name":"Forgotten Altar","floor":20,"gold_loss":0},{"damage_healed":0,"gold_gain":250,"player_choice":"Bet on Owner","damage_taken":0,"max_hp_gain":0,"max_hp_loss":0,"event_name":"The Joust","floor":21,"gold_loss":50}],"is_beta":false,"boss_relics":[{"not_picked":["Calling Bell","Tiny House"],"picked":"Astrolabe"}],"items_purged_floors":[],"is_endless":false,"potions_floor_spawned":[3,8,14],"killed_by":"Slavers","ascension_level":0}}