{"host":"37uvkxgs6qebn1sk","time":1613281367,"event":{"mods":["BaseMod","Better Third Choice","Minty Spire (QoL Compilation)","Replay The Spire","StSLib"],"gold_per_floor":[210,3,3,14,14,14,26,60,85,85,96,96,171,71,71,143,143,153,28,42,55,55,55,55,55,97,97,145,179,208,208,123,132,132,215,274,289,289,314,339,339,339,339],"floor_reached":42,"language":"ZHS","playtime":1474,"items_purged":["Strike_P","Defend_P","Strike_P"],"score":1228,"play_id":"35cde844-20a5-41e4-b685-43cf6a487605","local_time":"20210214134247","is_ascension_mode":true,"campfire_choices":[{"data":"Eruption","floor":6.0,"key":"SMITH"},{"data":"ReplayTheSpireMod:Private Reserves","floor":10.0,"key":"SMITH"},{"data":"Vigilance","floor":12.0,"key":"SMITH"},{"floor":15.0,"key":"DIG"},{"floor":25.0,"key":"REST"},{"floor":27.0,"key":"REST"},{"data":"Collect","floor":31.0,"key":"SMITH"},{"floor":34.0,"key":"REST"}],"circlet_count":0,"master_deck":["AscendersBane","Strike_P","Defend_P","Defend_P","Eruption+1","Vigilance+1","SignatureMove","ThirdEye+1","ReplayTheSpireMod:Private Reserves+1","Swivel","FollowUp","Devotion","CutThroughFate+1","Replay:BluntJabs+1","Replay:Cycle","FearNoEvil+1","Collect+1","SpiritShield","JustLucky+1","ClearTheMind+1"],"relics":["PureWater","ReplayTheSpireMod:Lightbulb","Damaru","Replay:Purple Gloves","Empty Cage","CeramicFish","Replay:Rubber Ducky","Orichalcum","Kunai","Tiny House","Spirit Poop","Ginger"],"acts_visited":["Exordium","TheCity","TheBeyond"],"potions_floor_usage":[42],"damage_taken":[{"damage":12.0,"enemies":"Cultist","floor":1.0,"turns":3.0},{"damage":2.0,"enemies":"2 Louse","floor":4.0,"turns":2.0},{"damage":0.0,"enemies":"Small Slimes","floor":7.0,"turns":3.0},{"damage":4.0,"enemies":"3 Sentries","floor":8.0,"turns":5.0},{"damage":3.0,"enemies":"Looter","floor":11.0,"turns":3.0},{"damage":0.0,"enemies":"Slime Boss","floor":16.0,"turns":6.0},{"damage":13.0,"enemies":"2 Thieves","floor":18.0,"turns":3.0},{"damage":0.0,"enemies":"Chosen","floor":20.0,"turns":2.0},{"damage":22.0,"enemies":"Snake Plant","floor":21.0,"turns":4.0},{"damage":18.0,"enemies":"Slavers","floor":26.0,"turns":2.0},{"damage":28.0,"enemies":"Replay:Snechameleon","floor":29.0,"turns":2.0},{"damage":0.0,"enemies":"Cultist and Chosen","floor":30.0,"turns":3.0},{"damage":28.0,"enemies":"Pondfish","floor":35.0,"turns":9.0},{"damage":1.0,"enemies":"Orb Walker","floor":37.0,"turns":3.0},{"damage":24.0,"enemies":"3 Darklings","floor":39.0,"turns":6.0},{"damage":0.0,"enemies":"Mind Bloom Boss Battle","floor":40.0,"turns":4.0},{"damage":64,"enemies":"Reptomancer","floor":42,"turns":4}],"seed_played":"8361416906036825647","potions_obtained":[{"floor":1.0,"key":"Cursed Concoction"},{"floor":3.0,"key":"Doom Potion"},{"floor":3.0,"key":"EntropicBrew"},{"floor":7.0,"key":"Explosive Potion"},{"floor":18.0,"key":"Strength Potion"},{"floor":26.0,"key":"Fire Potion"},{"floor":35.0,"key":"Explosive Potion"},{"floor":36.0,"key":"SneckoOil"},{"floor":39.0,"key":"StancePotion"}],"is_trial":false,"path_per_floor":["M","$","?","M","$","R","M","E","T","R","M","R","?","$","R","B",null,"M","$","M","M","PTL","PTL","?","R","E","R","T","E","M","R","?","?","R","B",null,"M","?","M","?","?","E"],"character_chosen":"WATCHER","items_purchased":["ThirdEye+1","ReplayTheSpireMod:Private Reserves"],"campfire_rested":3,"item_purchase_floors":[2,2],"current_hp_per_floor":[49,49,49,47,47,47,47,43,43,43,40,40,29,29,29,44,62,49,49,49,27,27,27,27,47,29,49,49,21,21,21,21,21,41,13,59,58,58,34,34,60,0,0],"gold":339,"neow_bonus":"HUNDRED_GOLD","is_daily":false,"chose_seed":false,"campfire_upgraded":4,"win_rate":0.0,"timestamp":1613281367,"path_taken":["M","?","?","?","$","R","M","E","T","R","M","R","?","$","R","BOSS","M","$","M","M","PTL","PTL","?","R","E","R","T","E","?","R","?","?","R","BOSS","M","?","?","?","?","E"],"items_purchased_type":["Card","Card"],"build_version":"2020-12-22","purchased_purges":3,"victory":false,"max_hp_per_floor":[68,68,68,68,68,68,68,68,68,68,68,68,68,68,68,68,68,68,68,68,68,68,68,68,68,68,68,68,68,68,68,68,68,68,68,73,73,73,73,73,60,60,60],"card_choices":[{"not_picked":["CarveReality","ForeignInfluence"],"picked":"SignatureMove","floor":1.0},{"not_picked":["EmptyFist","LikeWater","Swivel"],"picked":"SKIP","floor":4.0},{"not_picked":["EmptyFist","LikeWater"],"picked":"Swivel","floor":4.0},{"not_picked":["Replay:ManipulateFuture","FlurryOfBlows","Halt"],"picked":"SKIP","floor":7.0},{"not_picked":["Weave","Crescendo","SashWhip"],"picked":"SKIP","floor":8.0},{"not_picked":["SashWhip","JustLucky"],"picked":"FollowUp","floor":11.0},{"not_picked":["ConjureBlade","Vault"],"picked":"Devotion","floor":16.0},{"not_picked":["EmptyBody","Tantrum"],"picked":"CutThroughFate","floor":18.0},{"not_picked":["Perseverance","Meditate"],"picked":"Replay:BluntJabs+1","floor":20.0},{"not_picked":["TalkToTheHand","BowlingBash"],"picked":"Replay:Cycle","floor":21.0},{"not_picked":["SignatureMove","Replay:Hum+1"],"picked":"FearNoEvil+1","floor":26.0},{"not_picked":["SashWhip+1","Protect","Replay:BluntJabs"],"picked":"SKIP","floor":29.0},{"not_picked":["Replay:ManipulateFuture","Omniscience"],"picked":"Collect","floor":30.0},{"not_picked":["Replay:LoomingThreat","DeusExMachina"],"picked":"SpiritShield","floor":35.0},{"not_picked":["Replay:ManipulateFuture","Replay:BluntJabs"],"picked":"JustLucky+1","floor":36.0},{"not_picked":["Vengeance","Crescendo+1","Consecrate"],"picked":"SKIP","floor":37.0},{"not_picked":["CutThroughFate","DeceiveReality"],"picked":"ClearTheMind+1","floor":39.0}],"player_experience":976540,"relics_obtained":[{"floor":8.0,"key":"ReplayTheSpireMod:Lightbulb"},{"floor":9.0,"key":"Damaru"},{"floor":15.0,"key":"Replay:Purple Gloves"},{"floor":26.0,"key":"CeramicFish"},{"floor":28.0,"key":"Replay:Rubber Ducky"},{"floor":29.0,"key":"Orichalcum"},{"floor":40.0,"key":"Ginger"}],"event_choices":[{"damage_healed":0.0,"max_hp_gain":0.0,"max_hp_loss":0.0,"gold_gain":0.0,"event_name":"Lab","player_choice":"Got Potions","floor":3.0,"gold_loss":0.0,"damage_taken":0.0},{"damage_healed":0.0,"max_hp_gain":0.0,"max_hp_loss":0.0,"gold_gain":75.0,"event_name":"betterThird:BetterGoop","player_choice":"Gold","floor":13.0,"gold_loss":0.0,"damage_taken":11.0},{"damage_healed":0.0,"max_hp_gain":0.0,"max_hp_loss":0.0,"gold_gain":0.0,"event_name":"Match and Keep!","player_choice":"0 cards matched","floor":24.0,"gold_loss":0.0,"damage_taken":0.0,"cards_obtained":[]},{"damage_healed":0.0,"max_hp_gain":0.0,"max_hp_loss":0.0,"gold_gain":0.0,"event_name":"Addict","player_choice":"Obtained Relic","floor":32.0,"gold_loss":85.0,"damage_taken":0.0,"relics_obtained":["Kunai"]},{"damage_healed":0.0,"max_hp_gain":0.0,"max_hp_loss":0.0,"gold_gain":0.0,"event_name":"Forgotten Altar","player_choice":"Smashed Altar","floor":33.0,"gold_loss":0.0,"damage_taken":0.0,"cards_obtained":["Decay"]},{"cards_removed":["Decay"],"damage_healed":0.0,"max_hp_gain":0.0,"max_hp_loss":0.0,"gold_gain":0.0,"event_name":"Bonfire Elementals","player_choice":"Offered Curse","floor":38.0,"gold_loss":0.0,"damage_taken":0.0,"relics_obtained":["Spirit Poop"]},{"damage_healed":0.0,"max_hp_gain":0.0,"max_hp_loss":0.0,"gold_gain":0.0,"event_name":"MindBloom","player_choice":"Fight","floor":40.0,"gold_loss":0.0,"damage_taken":0.0},{"damage_healed":60.0,"max_hp_gain":0.0,"max_hp_loss":13.0,"gold_gain":0.0,"event_name":"The Moai Head","player_choice":"Heal","floor":41.0,"gold_loss":0.0,"damage_taken":0.0}],"is_beta":false,"boss_relics":[{"not_picked":["Runic Pyramid","SacredBark"],"picked":"Empty Cage"},{"not_picked":["Calling Bell","Runic Dome"],"picked":"Tiny House"}],"items_purged_floors":[2,14,19],"is_endless":false,"potions_floor_spawned":[1,4,7,18,26,35,39],"killed_by":"Reptomancer","ascension_level":19}}