{"host":"rantoq7h0pygex6x","time":1613301227,"event":{"mods":["AchievementEnabler","BaseMod","BetterRewards","Minty Spire (QoL Compilation)"],"gold_per_floor":[114,114,114,77,88,88,106,138,164,164,144,162,162,173,173,250,250,266,191,191,56,74,74,74,74],"floor_reached":24,"language":"ENG","playtime":464,"items_purged":["Strike_R"],"score":613,"play_id":"1ddbdfb8-81ec-4572-b3ce-5809d33dde05","local_time":"20210214191347","is_ascension_mode":true,"campfire_choices":[{"data":"Armaments","floor":6,"key":"SMITH"},{"floor":10,"key":"DIG"},{"data":"Metallicize","floor":13,"key":"SMITH"},{"data":"Body Slam","floor":15,"key":"SMITH"},{"data":"Juggernaut","floor":23,"key":"SMITH"}],"circlet_count":0,"master_deck":["AscendersBane","Strike_R","Strike_R","Strike_R","Defend_R","Defend_R","Defend_R","Bash","Feed+1","Armaments+1","Body Slam+1","Metallicize+1","Cleave","Spot Weakness","Barricade","Inflame","Juggernaut+1","Shrug It Off"],"relics":["Burning Blood","Shuriken","Red Skull","Shovel","Regal Pillow","Bird Faced Urn","Empty Cage"],"acts_visited":["Exordium","TheCity"],"potions_floor_usage":[8,22],"damage_taken":[{"damage":7,"enemies":"Cultist","floor":1,"turns":4},{"damage":0,"enemies":"2 Louse","floor":5,"turns":2},{"damage":10,"enemies":"Small Slimes","floor":7,"turns":3},{"damage":30,"enemies":"Gremlin Nob","floor":8,"turns":4},{"damage":4,"enemies":"Looter","floor":12,"turns":3},{"damage":13,"enemies":"3 Louse","floor":14,"turns":3},{"damage":40,"enemies":"The Guardian","floor":16,"turns":11},{"damage":23,"enemies":"Chosen","floor":18,"turns":7},{"damage":24,"enemies":"2 Thieves","floor":22,"turns":4},{"damage":62,"enemies":"Book of Stabbing","floor":24,"turns":5}],"seed_played":"-5384325047411908967","potions_obtained":[{"floor":5,"key":"Ancient Potion"},{"floor":7,"key":"Fire Potion"},{"floor":11,"key":"BlessingOfTheForge"},{"floor":12,"key":"Energy Potion"}],"is_trial":false,"path_per_floor":["M","?","?","$","M","R","M","E","T","R","?","M","R","M","R","B",null,"M","?","?","$","M","R","E"],"character_chosen":"IRONCLAD","items_purchased":["Shuriken","Feed","Armaments","Metallicize","Juggernaut","Shrug It Off"],"campfire_rested":0,"item_purchase_floors":[0,0,0,4,21,21],"current_hp_per_floor":[51,51,51,51,61,61,61,41,41,41,41,49,49,48,48,16,78,65,65,65,65,57,57,0,0],"gold":74,"neow_bonus":"","is_daily":false,"chose_seed":false,"campfire_upgraded":4,"win_rate":0.0,"timestamp":1613301227,"path_taken":["M","?","?","$","M","R","M","E","T","R","?","?","R","M","R","BOSS","M","?","?","$","M","R","E"],"items_purchased_type":["Relic","Card","Card","Card","Card","Card"],"build_version":"2020-12-22","purchased_purges":1,"victory":false,"max_hp_per_floor":[79,79,79,79,83,83,87,91,91,91,91,95,95,99,99,99,99,99,99,99,99,103,103,103,103],"card_choices":[{"not_picked":["Headbutt","Disarm"],"picked":"Body Slam","floor":1},{"not_picked":["Body Slam","Carnage"],"picked":"Cleave","floor":5},{"not_picked":["Hemokinesis","Flex","Rampage"],"picked":"SKIP","floor":7},{"not_picked":["Heavy Blade","Bludgeon","Twin Strike"],"picked":"SKIP","floor":8},{"not_picked":["Warcry","Twin Strike"],"picked":"Spot Weakness","floor":12},{"not_picked":["Pommel Strike","Carnage","Sword Boomerang"],"picked":"SKIP","floor":14},{"not_picked":["Corruption","Impervious"],"picked":"Barricade","floor":16},{"not_picked":["Sword Boomerang","Sentinel","Body Slam"],"picked":"SKIP","floor":18},{"not_picked":["Headbutt","Disarm+1","Wild Strike"],"picked":"SKIP","floor":22}],"player_experience":998090,"relics_obtained":[{"floor":8,"key":"Shovel"},{"floor":9,"key":"Regal Pillow"},{"floor":10,"key":"Bird Faced Urn"}],"event_choices":[{"damage_healed":0,"gold_gain":0,"player_choice":"Grow","damage_taken":0,"max_hp_gain":0,"max_hp_loss":0,"event_name":"Living Wall","floor":2,"gold_loss":0,"cards_upgraded":["Feed"]},{"damage_healed":0,"gold_gain":0,"player_choice":"Box","damage_taken":0,"relics_obtained":["Red Skull"],"max_hp_gain":0,"max_hp_loss":0,"event_name":"Big Fish","floor":3,"gold_loss":0,"cards_obtained":["Regret"]},{"damage_healed":0,"gold_gain":0,"player_choice":"Bought 1 Potion","damage_taken":0,"max_hp_gain":0,"max_hp_loss":0,"event_name":"The Woman in Blue","floor":11,"gold_loss":0},{"cards_removed":["Defend_R"],"damage_healed":0,"gold_gain":0,"player_choice":"Gave Gold","damage_taken":0,"max_hp_gain":0,"max_hp_loss":0,"event_name":"Beggar","floor":19,"gold_loss":75},{"damage_healed":0,"gold_gain":0,"player_choice":"Read","damage_taken":0,"max_hp_gain":0,"max_hp_loss":0,"event_name":"The Library","floor":20,"gold_loss":0,"cards_obtained":["Inflame"]}],"is_beta":false,"boss_relics":[{"not_picked":["Tiny House","Runic Dome"],"picked":"Empty Cage"}],"items_purged_floors":[0],"is_endless":false,"potions_floor_spawned":[5,7,12,18],"killed_by":"Book of Stabbing","ascension_level":20}}