{"host":"wuernuywc9gl215o","time":1613284149,"event":{"mods":["2.2 Compatiblity","AchievementEnabler","BaseMod","Bestiary","Block Reminder","Displayed Cursed Tome","Highlight Path","Key Reminder","Minty Spire (QoL Compilation)","Permanent Neow","Potion Indicator Mod","Quick Restart","Rare Cards Sparkle","Relic Stats","ojb\u0027s Info Mod"],"gold_per_floor":[110,124,141,141,196,227,244,258,258,290,290,324,324,338,338,415,415,415,415,184,184,184,184,184,184,184,184,184,184,184,109,109,109,109,109,109,109,109,109,109,109,109,109,109,109,51,51,51,51,51,51,51,51,7,7,7],"floor_reached":57,"language":"ENG","playtime":5613,"items_purged":["Decay"],"score":3079,"play_id":"084f217d-d859-4ff1-b444-70587d95a510","local_time":"20210214062909","is_ascension_mode":true,"campfire_choices":[{"data":"Pommel Strike","floor":11.0,"key":"SMITH"},{"floor":13.0,"key":"REST"},{"data":"Barricade","floor":15.0,"key":"SMITH"},{"data":"Second Wind","floor":23.0,"key":"SMITH"},{"floor":27.0,"key":"REST"},{"floor":30.0,"key":"REST"},{"data":"Armaments","floor":32.0,"key":"SMITH"},{"floor":40.0,"key":"REST"},{"floor":49.0,"key":"RECALL"},{"data":"Apotheosis","floor":53,"key":"SMITH"}],"circlet_count":0,"master_deck":["AscendersBane","Uppercut+1","Rage+1","Feel No Pain","Power Through","Iron Wave+1","Disarm","Disarm","Brutality","Second Wind+1","Evolve","Battle Trance","Anger","Cleave","Pommel Strike+1","Barricade+1","Body Slam","Impervious","Clothesline","Entrench","Inflame","Shrug It Off","Necronomicurse","Body Slam+1","Impervious","Armaments+1","Exhume","Shrug It Off","Secret Technique","Apotheosis+1","Feel No Pain+1","Flame Barrier+1","Entrench+1","Shrug It Off","Whirlwind","Rupture"],"relics":["Pandora\u0027s Box","Gremlin Horn","Letter Opener","Bottled Flame","Blue Candle","Ectoplasm","Necronomicon","Boot","Mercury Hourglass","Runic Pyramid","Anchor","Nunchaku","Whetstone"],"acts_visited":["Exordium","TheCity","TheBeyond","TheEnding"],"potions_floor_usage":[55,56],"damage_taken":[{"damage":3.0,"enemies":"Small Slimes","floor":1.0,"turns":4.0},{"damage":0.0,"enemies":"Jaw Worm","floor":2.0,"turns":6.0},{"damage":0.0,"enemies":"2 Louse","floor":3.0,"turns":4.0},{"damage":0.0,"enemies":"3 Sentries","floor":6.0,"turns":10.0},{"damage":0.0,"enemies":"2 Fungi Beasts","floor":7.0,"turns":3.0},{"damage":0.0,"enemies":"Lots of Slimes","floor":8.0,"turns":2.0},{"damage":5.0,"enemies":"Lagavulin","floor":10.0,"turns":7.0},{"damage":33.0,"enemies":"Gremlin Nob","floor":12.0,"turns":4.0},{"damage":4.0,"enemies":"3 Louse","floor":14.0,"turns":3.0},{"damage":5.0,"enemies":"Slime Boss","floor":16.0,"turns":8.0},{"damage":0.0,"enemies":"Chosen","floor":18.0,"turns":5.0},{"damage":0.0,"enemies":"Shell Parasite","floor":19.0,"turns":5.0},{"damage":33.0,"enemies":"Slavers","floor":24.0,"turns":6.0},{"damage":6.0,"enemies":"3 Cultists","floor":28.0,"turns":5.0},{"damage":11.0,"enemies":"Snake Plant","floor":29.0,"turns":4.0},{"damage":25.0,"enemies":"Champ","floor":33.0,"turns":7.0},{"damage":0.0,"enemies":"3 Shapes","floor":35.0,"turns":2.0},{"damage":0.0,"enemies":"Orb Walker","floor":36.0,"turns":5.0},{"damage":10.0,"enemies":"4 Shapes","floor":38.0,"turns":3.0},{"damage":11.0,"enemies":"Jaw Worm Horde","floor":42.0,"turns":6.0},{"damage":0.0,"enemies":"Nemesis","floor":44.0,"turns":7.0},{"damage":0.0,"enemies":"Spire Growth","floor":45.0,"turns":3.0},{"damage":8.0,"enemies":"Reptomancer","floor":47.0,"turns":5.0},{"damage":4.0,"enemies":"Transient","floor":48.0,"turns":6.0},{"damage":21,"enemies":"Awakened One","floor":50,"turns":11},{"damage":0,"enemies":"Donu and Deca","floor":51,"turns":11},{"damage":0,"enemies":"Shield and Spear","floor":55,"turns":7},{"damage":21,"enemies":"The Heart","floor":56,"turns":11}],"seed_played":"-8823811136984022221","potions_obtained":[{"floor":3.0,"key":"BlessingOfTheForge"},{"floor":8.0,"key":"SkillPotion"},{"floor":12.0,"key":"BloodPotion"},{"floor":18.0,"key":"Explosive Potion"},{"floor":28.0,"key":"Swift Potion"},{"floor":36.0,"key":"AttackPotion"},{"floor":38.0,"key":"GamblersBrew"},{"floor":47.0,"key":"Energy Potion"},{"floor":55,"key":"SkillPotion"}],"is_trial":false,"path_per_floor":["M","M","M","?","?","E","M","M","T","E","R","E","R","M","R","B",null,"M","M","$","?","?","R","E","?","T","R","M","M","R","$","R","B",null,"M","M","?","M","?","R","?","M","T","E","M","$","E","M","R","B","B",null,"R","$","E","B",null],"character_chosen":"IRONCLAD","items_purchased":["Entrench","Inflame","Shrug It Off","Shrug It Off","Rupture"],"campfire_rested":4,"item_purchase_floors":[20,20,20,46,54],"current_hp_per_floor":[65,65,65,42,42,42,42,42,42,37,37,4,26,22,22,17,61,61,61,61,40,40,40,7,7,7,29,23,12,34,34,34,9,59,59,59,54,44,44,66,66,55,55,55,55,55,47,43,43,22,22,62,62,62,62,41],"gold":7,"neow_bonus":"BOSS_RELIC","is_daily":false,"chose_seed":false,"campfire_upgraded":5,"win_rate":0.0,"timestamp":1613284149,"path_taken":["M","M","M","?","?","E","M","M","T","E","R","E","R","M","R","BOSS","M","M","$","?","?","R","E","?","T","R","?","M","R","$","R","BOSS","M","M","?","M","?","R","?","?","T","E","M","?","E","M","R","BOSS","BOSS","R","$","E","BOSS"],"items_purchased_type":["Card","Card","Card","Card","Card"],"build_version":"2020-12-22","purchased_purges":1,"victory":true,"max_hp_per_floor":[75,75,75,75,75,75,75,75,75,75,75,75,75,75,75,75,75,75,75,75,75,75,75,75,75,75,75,75,75,75,75,75,75,75,75,75,75,75,75,75,75,75,75,75,75,75,75,75,75,75,75,75,75,75,75,75],"relic_stats":{"Nunchaku":[9],"Gremlin Horn":[27,30],"counters":[28,160],"Blue Candle":[3],"Pandora\u0027s Box":["Uppercut","Rage","Feel No Pain","Power Through","Iron Wave","Disarm","Disarm","Brutality","Second Wind"],"Ectoplasm":411,"Necronomicon":[40],"Letter Opener":[256],"Whetstone":["Body Slam","Uppercut"],"Boot":[41],"obtain_stats":[{"Gremlin Horn":6,"Blue Candle":12,"Letter Opener":9,"Whetstone":55,"Boot":24,"Burning Blood":0,"Mercury Hourglass":26,"keyreminder:keyreminder":43,"Bottled Flame":10,"Anchor":44,"Nunchaku":47,"Pandora\u0027s Box":0,"Ectoplasm":17,"Necronomicon":21,"Runic Pyramid":34},{"Gremlin Horn":4,"Blue Candle":8,"Letter Opener":6,"Whetstone":27,"Boot":13,"Burning Blood":0,"Mercury Hourglass":13,"keyreminder:keyreminder":20,"Bottled Flame":7,"Anchor":21,"Nunchaku":23,"Pandora\u0027s Box":0,"Ectoplasm":10,"Necronomicon":12,"Runic Pyramid":16},{"Gremlin Horn":24,"Blue Candle":40,"Letter Opener":29,"Whetstone":149,"Boot":67,"Burning Blood":0,"Mercury Hourglass":67,"keyreminder:keyreminder":99,"Bottled Flame":36,"Anchor":106,"Nunchaku":114,"Pandora\u0027s Box":0,"Ectoplasm":51,"Necronomicon":61,"Runic Pyramid":83}],"Mercury Hourglass":[353]},"card_choices":[{"not_picked":["Twin Strike","Combust"],"picked":"Evolve","floor":1.0},{"not_picked":["Clothesline","Dual Wield"],"picked":"Sword Boomerang","floor":2.0},{"not_picked":["Flex","Second Wind"],"picked":"Battle Trance","floor":3.0},{"not_picked":["Heavy Blade","Flame Barrier"],"picked":"Anger","floor":6.0},{"not_picked":["Armaments","True Grit"],"picked":"Cleave","floor":7.0},{"not_picked":["Berserk","Anger","Armaments"],"picked":"SKIP","floor":8.0},{"not_picked":["Twin Strike","Headbutt"],"picked":"Pommel Strike","floor":10.0},{"not_picked":["Sword Boomerang","Cleave"],"picked":"Barricade","floor":12.0},{"not_picked":["Bloodletting","Seeing Red"],"picked":"Body Slam","floor":14.0},{"not_picked":["Berserk","Barricade"],"picked":"Impervious","floor":16.0},{"not_picked":["Rage","Clash"],"picked":"Clothesline","floor":18.0},{"not_picked":["True Grit","Evolve","Warcry"],"picked":"SKIP","floor":19.0},{"not_picked":["Perfected Strike","Warcry"],"picked":"Body Slam","floor":24.0},{"not_picked":["Perfected Strike","Searing Blow"],"picked":"Armaments","floor":28.0},{"not_picked":["Warcry","Armaments","Body Slam"],"picked":"SKIP","floor":29.0},{"not_picked":["Barricade","Fiend Fire"],"picked":"Exhume","floor":33.0},{"not_picked":["Sever Soul","Flex","Body Slam+1"],"picked":"SKIP","floor":35.0},{"not_picked":["Feel No Pain+1","Headbutt"],"picked":"Shrug It Off","floor":36.0},{"not_picked":["PanicButton","Trip"],"picked":"Secret Technique","floor":37.0},{"not_picked":["Trip","Magnetism"],"picked":"Apotheosis","floor":37.0},{"not_picked":["Disarm+1","Warcry+1","Clash"],"picked":"SKIP","floor":38.0},{"not_picked":["Pommel Strike","Clothesline+1"],"picked":"Feel No Pain+1","floor":42.0},{"not_picked":["Corruption","Wild Strike+1"],"picked":"Flame Barrier+1","floor":44.0},{"not_picked":["Thunderclap+1","Twin Strike+1"],"picked":"Entrench+1","floor":45.0},{"not_picked":["Feel No Pain","Anger"],"picked":"Whirlwind","floor":47.0},{"not_picked":["Pommel Strike+1","Twin Strike","Armaments"],"picked":"SKIP","floor":48.0},{"not_picked":["Perfected Strike","Iron Wave+1","Reckless Charge"],"picked":"SKIP","floor":55}],"player_experience":951827,"relics_obtained":[{"floor":6.0,"key":"Gremlin Horn"},{"floor":9.0,"key":"Letter Opener"},{"floor":10.0,"key":"Bottled Flame"},{"floor":12.0,"key":"Blue Candle"},{"floor":24.0,"key":"Boot"},{"floor":26.0,"key":"Mercury Hourglass"},{"floor":44.0,"key":"Anchor"},{"floor":47.0,"key":"Nunchaku"},{"floor":55,"key":"Whetstone"}],"event_choices":[{"damage_healed":0.0,"max_hp_gain":0.0,"max_hp_loss":0.0,"gold_gain":0.0,"event_name":"Shining Light","player_choice":"Entered Light","floor":4.0,"gold_loss":0.0,"damage_taken":23.0,"cards_upgraded":["Rage","Iron Wave"]},{"damage_healed":0.0,"max_hp_gain":0.0,"max_hp_loss":0.0,"gold_gain":55.0,"event_name":"Golden Wing","player_choice":"Gained Gold","floor":5.0,"gold_loss":0.0,"damage_taken":0.0},{"damage_healed":0.0,"max_hp_gain":0.0,"max_hp_loss":0.0,"gold_gain":0.0,"event_name":"Cursed Tome","player_choice":"Obtained Book","floor":21.0,"gold_loss":0.0,"damage_taken":21.0},{"damage_healed":0.0,"max_hp_gain":0.0,"max_hp_loss":0.0,"gold_gain":0.0,"event_name":"Forgotten Altar","player_choice":"Smashed Altar","floor":22.0,"gold_loss":0.0,"damage_taken":0.0,"cards_obtained":["Decay"]},{"damage_healed":0.0,"max_hp_gain":0.0,"max_hp_loss":0.0,"gold_gain":0.0,"event_name":"Duplicator","player_choice":"Copied","floor":25.0,"gold_loss":0.0,"damage_taken":0.0,"cards_obtained":["Impervious"]},{"damage_healed":0.0,"max_hp_gain":0.0,"max_hp_loss":0.0,"gold_gain":0.0,"event_name":"SensoryStone","player_choice":"Memory 2","floor":37.0,"gold_loss":0.0,"damage_taken":5.0},{"cards_removed":["Sword Boomerang"],"damage_healed":0.0,"max_hp_gain":0.0,"max_hp_loss":0.0,"gold_gain":0.0,"event_name":"Falling","player_choice":"Removed Attack","floor":39.0,"gold_loss":0.0,"damage_taken":0.0},{"cards_removed":["Bash"],"damage_healed":0.0,"max_hp_gain":0.0,"max_hp_loss":0.0,"gold_gain":0.0,"event_name":"Purifier","player_choice":"Purged","floor":41.0,"gold_loss":0.0,"damage_taken":0.0}],"is_beta":false,"boss_relics":[{"not_picked":["SacredBark","SlaversCollar"],"picked":"Ectoplasm"},{"not_picked":["Velvet Choker","Runic Cube"],"picked":"Runic Pyramid"}],"items_purged_floors":[31],"is_endless":false,"potions_floor_spawned":[3,8,12,18,28,33,35,36,38,45,47,55],"ascension_level":20}}