{"host":"nbofzmb1hl9rnais","time":1613330175,"event":{"mods":["BaseMod","Colored Map","Hermit","Minty Spire (QoL Compilation)","StSLib","The Bug Knight"],"gold_per_floor":[111,111,111,129,142,167,178,178,178,178,178,211,211,223,223,325,325,345,357,99,110,120,120,138,138,138,138,191,201,201,201],"floor_reached":30,"language":"ENG","playtime":2136,"items_purged":["hermit:Strike_Hermit"],"score":242,"play_id":"aa20eeef-bcf0-44b9-900f-4b13cd97fac4","local_time":"20210214111615","is_ascension_mode":false,"campfire_choices":[{"floor":8,"key":"REST"},{"data":"hermit:ShadowCloak","floor":10,"key":"SMITH"},{"floor":13,"key":"REST"},{"data":"hermit:Quickdraw","floor":15,"key":"SMITH"},{"data":"hermit:Determination","floor":23,"key":"SMITH"},{"data":"hermit:ShadowCloak","floor":25,"key":"SMITH"},{"floor":27,"key":"REST"}],"circlet_count":0,"master_deck":["hermit:Strike_Hermit","hermit:Strike_Hermit","hermit:Defend_Hermit","hermit:Defend_Hermit","hermit:Defend_Hermit","hermit:Snapshot","hermit:Covet","hermit:SprayPray","hermit:HoleUp","hermit:ShadowCloak+1","hermit:GoldenBullet","hermit:EyeOfTheStorm","hermit:Brawl","hermit:Quickdraw+1","hermit:RoundhouseKick","hermit:Reprieve","hermit:Showdown","hermit:Determination+1","hermit:ShadowCloak+1","hermit:LowProfile","hermit:BodyArmor+1"],"relics":["hermit:ClaspedLocket","NeowsBlessing","Tiny Chest","Darkstone Periapt","Oddly Smooth Stone","Bottled Lightning","Lee\u0027s Waffle","Happy Flower"],"acts_visited":["Exordium","TheCity"],"potions_floor_usage":[7,14,16],"damage_taken":[{"damage":0,"enemies":"Jaw Worm","floor":1,"turns":1},{"damage":0,"enemies":"Small Slimes","floor":4,"turns":1},{"damage":0,"enemies":"Cultist","floor":5,"turns":1},{"damage":70,"enemies":"Gremlin Nob","floor":6,"turns":11},{"damage":0,"enemies":"Blue Slaver","floor":7,"turns":3},{"damage":21,"enemies":"3 Sentries","floor":12,"turns":6},{"damage":0,"enemies":"2 Fungi Beasts","floor":14,"turns":3},{"damage":12,"enemies":"The Guardian","floor":16,"turns":15},{"damage":32,"enemies":"Spheric Guardian","floor":18,"turns":9},{"damage":22,"enemies":"Shell Parasite","floor":19,"turns":8},{"damage":28,"enemies":"Snake Plant","floor":21,"turns":6},{"damage":16,"enemies":"Snecko","floor":22,"turns":7},{"damage":27,"enemies":"Chosen and Byrds","floor":24,"turns":9},{"damage":37,"enemies":"Shelled Parasite and Fungi","floor":29,"turns":7},{"damage":5,"enemies":"Slavers","floor":30,"turns":1}],"seed_played":"-5912731070070746391","potions_obtained":[{"floor":4,"key":"SneckoOil"},{"floor":12,"key":"DistilledChaos"},{"floor":14,"key":"DistilledChaos"},{"floor":22,"key":"BlessingOfTheForge"}],"is_trial":false,"path_per_floor":["M","?","?","M","M","E","M","R","T","R","?","E","R","M","R","B",null,"M","M","$","M","M","R","M","R","T","R","T","M","E"],"character_chosen":"HERMIT","items_purchased":["Lee\u0027s Waffle","hermit:ShadowCloak"],"campfire_rested":3,"item_purchase_floors":[20,20],"current_hp_per_floor":[75,75,72,72,72,2,2,24,24,24,24,3,25,25,25,13,75,47,25,82,58,42,42,15,15,15,39,39,2,0,0],"gold":201,"neow_bonus":"THREE_ENEMY_KILL","is_daily":false,"chose_seed":false,"campfire_upgraded":4,"win_rate":0.0,"timestamp":1613330175,"path_taken":["M","?","?","?","M","E","M","R","T","R","?","E","R","M","R","BOSS","M","?","$","M","M","R","M","R","T","R","?","M","E"],"items_purchased_type":["Relic","Card"],"build_version":"2020-12-22","purchased_purges":1,"victory":false,"max_hp_per_floor":[75,75,75,75,75,75,75,75,75,75,75,75,75,75,75,75,75,75,75,82,82,82,82,82,82,82,82,82,82,82,82],"card_choices":[{"not_picked":["hermit:Manifest","hermit:Misfire"],"picked":"hermit:SprayPray","floor":1},{"not_picked":["hermit:HighCaliber","hermit:Manifest"],"picked":"hermit:ShadowCloak","floor":4},{"not_picked":["hermit:Feint","hermit:CalledShot"],"picked":"hermit:GoldenBullet","floor":5},{"not_picked":["hermit:Misfire","hermit:Coalescence"],"picked":"hermit:EyeOfTheStorm","floor":6},{"not_picked":["hermit:Manifest","hermit:Snipe"],"picked":"hermit:Brawl","floor":7},{"not_picked":["hermit:Manifest","hermit:Glare"],"picked":"hermit:Quickdraw","floor":12},{"not_picked":["hermit:NoHoldsBarred","hermit:Gestalt"],"picked":"hermit:RoundhouseKick","floor":14},{"not_picked":["hermit:RoundhouseKick","hermit:Roughhouse"],"picked":"hermit:Reprieve","floor":16},{"not_picked":["hermit:TrackingShot","hermit:Glare"],"picked":"hermit:Showdown","floor":18},{"not_picked":["hermit:Misfire+1","hermit:SprayPray"],"picked":"hermit:Determination","floor":19},{"not_picked":["hermit:WideOpen","hermit:Snipe"],"picked":"hermit:LowProfile","floor":21},{"not_picked":["hermit:Shortfuse+1","hermit:ItchyTrigger","hermit:Reprieve"],"picked":"SKIP","floor":22},{"not_picked":["hermit:Manifest","hermit:Roulette"],"picked":"hermit:BodyArmor+1","floor":24},{"not_picked":["hermit:NoHoldsBarred","hermit:Horror","hermit:ItchyTrigger"],"picked":"SKIP","floor":29}],"player_experience":112007,"relics_obtained":[{"floor":6,"key":"Darkstone Periapt"},{"floor":9,"key":"Oddly Smooth Stone"},{"floor":12,"key":"Bottled Lightning"},{"floor":28,"key":"Happy Flower"}],"event_choices":[{"damage_healed":0,"gold_gain":0,"cards_transformed":["hermit:Strike_Hermit"],"player_choice":"Change","damage_taken":0,"max_hp_gain":0,"max_hp_loss":0,"event_name":"Living Wall","floor":2,"gold_loss":0,"cards_obtained":["hermit:HoleUp"]},{"damage_healed":0,"gold_gain":0,"player_choice":"Success","damage_taken":3,"relics_obtained":["Tiny Chest"],"max_hp_gain":0,"max_hp_loss":0,"event_name":"Scrap Ooze","floor":3,"gold_loss":0},{"cards_removed":["hermit:Defend_Hermit"],"damage_healed":0,"gold_gain":0,"player_choice":"Offered Basic","damage_taken":0,"max_hp_gain":0,"max_hp_loss":0,"event_name":"Bonfire Elementals","floor":11,"gold_loss":0}],"is_beta":false,"boss_relics":[{"not_picked":["Busted Crown","Ectoplasm"],"picked":"hermit:ClaspedLocket"}],"items_purged_floors":[20],"is_endless":false,"potions_floor_spawned":[4,12,14,22],"killed_by":"Slavers","ascension_level":0}}