{"host":"82qk6ob05uum3zoi","time":1613283296,"event":{"mods":["BaseMod","BetterRewards","Minty Spire (QoL Compilation)","Reliquary","StSLib","The Bladedancer","The Cursed","The Disciple","The Servant 0.9.4","The Trickster"],"gold_per_floor":[114,132,307,307,324,324,358,358,358,358,372,398,411,20,20,121,121,141,141,90,90,90,90,118,33,33,45,56,76,76,28,28,129,129,143,0,0,12,26,26,26,26],"floor_reached":41,"language":"ENG","playtime":1693,"items_purged":[],"score":541,"play_id":"3e2d2ad2-a2b0-4146-8842-4eba2abbe445","local_time":"20210214191456","is_ascension_mode":true,"campfire_choices":[{"floor":6,"key":"RECALL"},{"floor":10,"key":"REST"},{"floor":15,"key":"REST"},{"data":"Establishment","floor":23,"key":"SMITH"},{"floor":30,"key":"REST"},{"floor":32,"key":"REST"},{"floor":40,"key":"REST"}],"circlet_count":0,"master_deck":["Strike_P+1","Strike_P+1","Strike_P+1","Strike_P+1","Defend_P+1","Defend_P+1","Defend_P+1","Defend_P+1","Eruption","Vigilance+1","EmptyFist","Swivel+1","SignatureMove","MentalFortress","ReachHeaven","FollowUp","Dramatic Entrance","Establishment+1","Protect+1","CrushJoints","Consecrate","Protect","Protect+1","Halt","LessonLearned+1","SandsOfTime+1","FlyingSleeves+1","PathToVictory+1"],"relics":["HolyWater","Unceasing Top","Pear","Question Card","TungstenRod","War Paint","Darkstone Periapt","Black Star","ClockworkSouvenir"],"acts_visited":["Exordium","TheCity","TheBeyond"],"potions_floor_usage":[7,16,16,33,33,33,33,33,33],"damage_taken":[{"damage":0,"enemies":"Cultist","floor":1,"turns":2},{"damage":2,"enemies":"2 Louse","floor":2,"turns":3},{"damage":14,"enemies":"Jaw Worm","floor":5,"turns":3},{"damage":16,"enemies":"Gremlin Nob","floor":7,"turns":4},{"damage":9,"enemies":"Looter","floor":11,"turns":2},{"damage":1,"enemies":"Lagavulin","floor":12,"turns":8},{"damage":9,"enemies":"3 Louse","floor":13,"turns":4},{"damage":0,"enemies":"Slime Boss","floor":16,"turns":7},{"damage":21,"enemies":"3 Byrds","floor":18,"turns":4},{"damage":2,"enemies":"Gremlin Leader","floor":24,"turns":5},{"damage":11,"enemies":"2 Thieves","floor":27,"turns":4},{"damage":0,"enemies":"Cultist and Chosen","floor":28,"turns":4},{"damage":33,"enemies":"Snake Plant","floor":29,"turns":4},{"damage":28,"enemies":"Champ","floor":33,"turns":7},{"damage":22,"enemies":"3 Darklings","floor":35,"turns":7},{"damage":10,"enemies":"Orb Walker","floor":38,"turns":5},{"damage":33,"enemies":"4 Shapes","floor":39,"turns":6},{"damage":65,"enemies":"Reptomancer","floor":41,"turns":3}],"seed_played":"7389783380459745668","potions_obtained":[{"floor":1,"key":"BlessingOfTheForge"},{"floor":5,"key":"Ambrosia"},{"floor":12,"key":"AttackPotion"},{"floor":13,"key":"Ancient Potion"},{"floor":18,"key":"EntropicBrew"},{"floor":27,"key":"Strength Potion"},{"floor":39,"key":"SpeedPotion"}],"is_trial":false,"path_per_floor":["M","M","?","?","M","R","E","?","T","R","M","E","M","$","R","B",null,"M","?","$","?","?","R","E","?","T","M","M","M","R","$","R","B",null,"M","$","?","M","M","R","E"],"character_chosen":"WATCHER","items_purchased":["Dramatic Entrance","TungstenRod","CrushJoints","Halt","ClockworkSouvenir"],"campfire_rested":5,"item_purchase_floors":[14,14,20,31,36],"current_hp_per_floor":[79,77,77,77,63,63,47,47,57,83,74,73,64,64,89,89,89,68,52,52,52,52,52,50,50,50,39,39,6,34,34,62,34,94,72,72,72,62,29,57,0,0],"gold":26,"neow_bonus":"TEN_PERCENT_HP_BONUS","is_daily":false,"chose_seed":false,"campfire_upgraded":1,"win_rate":0.0,"timestamp":1613283296,"path_taken":["M","?","?","?","M","R","E","?","T","R","M","E","M","$","R","BOSS","M","?","$","?","?","R","E","?","T","M","M","M","R","?","R","BOSS","M","$","?","?","M","R","E"],"items_purchased_type":["Card","Relic","Card","Card","Relic"],"build_version":"2020-12-22","purchased_purges":0,"victory":false,"max_hp_per_floor":[79,79,79,79,79,79,79,79,89,89,89,89,89,89,89,89,89,89,94,94,94,94,94,94,94,94,94,94,94,94,94,94,94,94,94,94,94,94,94,94,94,94],"card_choices":[{"not_picked":["Study","ThirdEye","Weave"],"picked":"SKIP","floor":1},{"not_picked":["BowlingBash","DeceiveReality"],"picked":"EmptyFist","floor":2},{"not_picked":["FlyingSleeves","ThirdEye"],"picked":"Swivel","floor":5},{"not_picked":["Crescendo","Indignation"],"picked":"SignatureMove","floor":7},{"not_picked":["EmptyFist","Meditate"],"picked":"MentalFortress","floor":11},{"not_picked":["Worship","Tantrum"],"picked":"ReachHeaven","floor":12},{"not_picked":["JustLucky","Vengeance","SashWhip"],"picked":"FollowUp","floor":13},{"not_picked":["Scrawl","Alpha","ConjureBlade"],"picked":"Establishment","floor":16},{"not_picked":["BowlingBash+1","Swivel","ThirdEye"],"picked":"Protect+1","floor":18},{"not_picked":["Blasphemy","ClearTheMind","Evaluate"],"picked":"Consecrate","floor":24},{"not_picked":["JustLucky","CrushJoints","EmptyFist"],"picked":"Protect","floor":27},{"not_picked":["Meditate+1","Crescendo+1","WaveOfTheHand"],"picked":"Protect+1","floor":28},{"not_picked":["ThirdEye","EmptyFist+1","WreathOfFlame+1","SignatureMove"],"picked":"SKIP","floor":29},{"not_picked":["Establishment","Scrawl","SpiritShield"],"picked":"LessonLearned","floor":33},{"not_picked":["Halt+1","EmptyBody+1","Nirvana"],"picked":"SandsOfTime+1","floor":35},{"not_picked":["Halt+1","EmptyBody+1","Collect+1"],"picked":"FlyingSleeves+1","floor":38},{"not_picked":["InnerPeace+1","Meditate","FlyingSleeves"],"picked":"PathToVictory+1","floor":39}],"player_experience":424886,"relics_obtained":[{"floor":7,"key":"Unceasing Top"},{"floor":9,"key":"Pear"},{"floor":12,"key":"Question Card"},{"floor":24,"key":"War Paint"}],"event_choices":[{"damage_healed":0,"gold_gain":175,"player_choice":"AGREE","damage_taken":0,"max_hp_gain":0,"max_hp_loss":0,"event_name":"Liars Game","floor":3,"gold_loss":0,"cards_obtained":["Doubt"]},{"damage_healed":0,"gold_gain":0,"player_choice":"Ignored","damage_taken":0,"max_hp_gain":0,"max_hp_loss":0,"event_name":"Golden Wing","floor":4,"gold_loss":0},{"cards_removed":["Doubt"],"damage_healed":0,"gold_gain":0,"player_choice":"Forget","damage_taken":0,"max_hp_gain":0,"max_hp_loss":0,"event_name":"Living Wall","floor":8,"gold_loss":0},{"damage_healed":0,"gold_gain":0,"player_choice":"Shed Blood","damage_taken":22,"max_hp_gain":5,"max_hp_loss":0,"event_name":"Forgotten Altar","floor":19,"gold_loss":0},{"damage_healed":0,"gold_gain":0,"player_choice":"Simplicity","damage_taken":0,"max_hp_gain":0,"max_hp_loss":0,"event_name":"Back to Basics","floor":21,"gold_loss":0,"cards_upgraded":["Strike_P","Strike_P","Strike_P","Strike_P","Defend_P","Defend_P","Defend_P","Defend_P"]},{"damage_healed":0,"gold_gain":0,"player_choice":"Ignored","damage_taken":0,"max_hp_gain":0,"max_hp_loss":0,"event_name":"Beggar","floor":22,"gold_loss":0},{"damage_healed":0,"gold_gain":0,"player_choice":"Obtained Relic","damage_taken":0,"relics_obtained":["Darkstone Periapt"],"max_hp_gain":0,"max_hp_loss":0,"event_name":"Addict","floor":25,"gold_loss":85},{"damage_healed":0,"gold_gain":0,"player_choice":"Ignored","damage_taken":0,"max_hp_gain":0,"max_hp_loss":0,"event_name":"SecretPortal","floor":37,"gold_loss":0}],"is_beta":false,"boss_relics":[{"not_picked":["Snecko Eye","Fusion Hammer"],"picked":"HolyWater"},{"not_picked":["Astrolabe","reliquary:RedPaperclip"],"picked":"Black Star"}],"items_purged_floors":[],"is_endless":false,"potions_floor_spawned":[1,5,12,13,18,27,29,39],"killed_by":"Reptomancer","ascension_level":2}}