{"host":"prxrhpgaxnj4om9r","time":1613307007,"event":{"mods":["AchievementEnabler","BaseMod","Colored Map","DeckTracker","Minty Spire (QoL Compilation)"],"gold_per_floor":[119,119,138,151,165,165,177,34,34,34,61,61,73,105,105,203,203,217,132,132,112,127,127,157,170,222,236,236,236],"floor_reached":28,"language":"KOR","playtime":1398,"items_purged":["Pain"],"score":300,"play_id":"2783eea8-8d1f-469d-91a0-a9b59d11a458","local_time":"20210214215007","is_ascension_mode":true,"campfire_choices":[{"data":"Dark Embrace","floor":6.0,"key":"SMITH"},{"data":"Battle Trance","floor":10.0,"key":"SMITH"},{"floor":12,"key":"REST"},{"floor":15,"key":"REST"},{"data":"Fire Breathing","floor":23,"key":"SMITH"}],"circlet_count":0,"master_deck":["Strike_R","Strike_R","Strike_R","Strike_R","Strike_R","Defend_R","Defend_R","Defend_R","Defend_R","Bash","Ghostly Armor","Cleave","Dark Embrace+1","Spot Weakness","Flex","Battle Trance+1","Feed","Infernal Blade","Rage","Offering","Fire Breathing+1","Bludgeon","Wild Strike"],"relics":["Burning Blood","NeowsBlessing","WarpedTongs","Thread and Needle","Champion Belt","HornCleat","Mark of Pain","Pantograph","Nilry\u0027s Codex","Dream Catcher","Regal Pillow"],"acts_visited":["Exordium","TheCity"],"potions_floor_usage":[18,22,24,25],"damage_taken":[{"damage":0.0,"enemies":"Jaw Worm","floor":1.0,"turns":1.0},{"damage":0.0,"enemies":"Cultist","floor":3.0,"turns":1.0},{"damage":0.0,"enemies":"2 Louse","floor":4.0,"turns":1.0},{"damage":21.0,"enemies":"Exordium Wildlife","floor":5.0,"turns":3.0},{"damage":26.0,"enemies":"Large Slime","floor":7.0,"turns":8.0},{"damage":20.0,"enemies":"Lagavulin","floor":11.0,"turns":5.0},{"damage":13,"enemies":"Red Slaver","floor":13,"turns":3},{"damage":27,"enemies":"Gremlin Nob","floor":14,"turns":5},{"damage":20,"enemies":"Slime Boss","floor":16,"turns":11},{"damage":13,"enemies":"Shell Parasite","floor":18,"turns":6},{"damage":0,"enemies":"Chosen","floor":22,"turns":4},{"damage":39,"enemies":"Slavers","floor":24,"turns":4},{"damage":6,"enemies":"Snake Plant","floor":25,"turns":4},{"damage":6,"enemies":"Cultist and Chosen","floor":27,"turns":6},{"damage":38,"enemies":"Book of Stabbing","floor":28,"turns":4}],"seed_played":"-7489446571731539462","potions_obtained":[{"floor":4.0,"key":"SkillPotion"},{"floor":11.0,"key":"EssenceOfSteel"},{"floor":16,"key":"Weak Potion"},{"floor":21,"key":"FearPotion"},{"floor":22,"key":"SkillPotion"},{"floor":27,"key":"Ancient Potion"}],"is_trial":false,"path_per_floor":["M","?","M","M","M","R","M","$","T","R","E","R","M","E","R","B",null,"M","?","?","?","M","R","E","M","T","M","E"],"character_chosen":"IRONCLAD","items_purchased":["Battle Trance"],"campfire_rested":2,"item_purchase_floors":[8],"current_hp_per_floor":[80,80,80,80,65,65,45,45,45,45,31,55,48,27,51,40,83,76,76,60,60,66,66,33,33,33,33,0,0],"gold":236,"neow_bonus":"THREE_ENEMY_KILL","is_daily":false,"chose_seed":false,"campfire_upgraded":3,"win_rate":0.0,"timestamp":1613307007,"path_taken":["M","?","M","?","M","R","?","$","T","R","E","R","?","E","R","BOSS","M","?","?","?","M","R","E","M","T","?","E"],"items_purchased_type":["Card"],"build_version":"2020-12-22","purchased_purges":1,"victory":false,"max_hp_per_floor":[80,80,80,80,80,80,80,80,80,80,80,80,80,80,80,83,83,83,83,83,83,83,83,83,83,83,83,83,83],"card_choices":[{"not_picked":["Havoc","Perfected Strike"],"picked":"Ghostly Armor","floor":1.0},{"not_picked":["Iron Wave","Clothesline"],"picked":"Cleave","floor":3.0},{"not_picked":["Clothesline","Disarm"],"picked":"Dark Embrace","floor":4.0},{"not_picked":["Heavy Blade","Cleave"],"picked":"Spot Weakness","floor":5.0},{"not_picked":["Heavy Blade","Uppercut"],"picked":"Flex","floor":7.0},{"not_picked":["Pummel","Searing Blow"],"picked":"Feed","floor":11.0},{"not_picked":["Clothesline","Dual Wield"],"picked":"Infernal Blade","floor":13},{"not_picked":["Flex","Ghostly Armor"],"picked":"Rage","floor":14},{"not_picked":["Brutality","Exhume"],"picked":"Offering","floor":16},{"not_picked":["Ghostly Armor","Twin Strike+1","Body Slam"],"picked":"SKIP","floor":18},{"not_picked":["Seeing Red","Heavy Blade"],"picked":"Fire Breathing","floor":22},{"not_picked":["Anger","Twin Strike+1"],"picked":"Bludgeon","floor":24},{"not_picked":["Havoc","Sword Boomerang","Pommel Strike"],"picked":"SKIP","floor":25},{"not_picked":["Double Tap","Anger"],"picked":"Wild Strike","floor":27}],"player_experience":449590,"relics_obtained":[{"floor":9.0,"key":"Thread and Needle"},{"floor":11.0,"key":"Champion Belt"},{"floor":14,"key":"HornCleat"},{"floor":20,"key":"Nilry\u0027s Codex"},{"floor":24,"key":"Dream Catcher"},{"floor":26,"key":"Regal Pillow"}],"event_choices":[{"damage_healed":0.0,"max_hp_gain":0.0,"max_hp_loss":0.0,"gold_gain":0.0,"event_name":"Accursed Blacksmith","player_choice":"Rummage","floor":2.0,"gold_loss":0.0,"damage_taken":0.0,"relics_obtained":["WarpedTongs"],"cards_obtained":["Pain"]},{"damage_healed":0,"gold_gain":0,"player_choice":"Obtained Relic","damage_taken":0,"relics_obtained":["Pantograph"],"max_hp_gain":0,"max_hp_loss":0,"event_name":"Addict","floor":19,"gold_loss":85},{"damage_healed":0,"gold_gain":0,"player_choice":"Obtained Book","damage_taken":16,"max_hp_gain":0,"max_hp_loss":0,"event_name":"Cursed Tome","floor":20,"gold_loss":0},{"damage_healed":0,"gold_gain":0,"player_choice":"Bought 1 Potion","damage_taken":0,"max_hp_gain":0,"max_hp_loss":0,"event_name":"The Woman in Blue","floor":21,"gold_loss":0}],"is_beta":false,"boss_relics":[{"not_picked":["Pandora\u0027s Box","Black Blood"],"picked":"Mark of Pain"}],"items_purged_floors":[8],"is_endless":false,"potions_floor_spawned":[4,11,16,22,27],"killed_by":"Book of Stabbing","ascension_level":4}}