{"host":"avfk0uqadyfnr875","time":1613282539,"event":{"mods":["2.2 Compatiblity","Act Like it!","BaseMod","Chen","Colored Powertips","Downfall","Gensokyo","Koishi","KomeijiMod","Marisa（F雨　魔理沙）","Minty Spire (QoL Compilation)","Pale of the Ancients","Quick Restart","READ ME - Guardian Mod","Reimu（博丽灵梦）","Shop Mod","StSLib","The Animator","Yakumo Yukari mod","[功能]功能增强和修复MOD"],"gold_per_floor":[133,133,133,12,30,56,56,56,56,85,85,85,85,3,3,104,0,20,120,136,148,163,191,191,530,530,530,564,241,241,142,142,239,239,259,259,2,102,2,31,48,48,48,48,74,84,114,114,114,114,114,114,837,887,942,942,1169,981,1056,1136,1136,963,1058,1133,1133,931,1046,1046,1046],"floor_reached":70,"language":"ZHS","playtime":5573,"items_purged":["Injury","AT_purpleEX","AT_purpleEX","Defend_purpleEX","Defend_purpleEX","AT_purpleEX","AT_purpleEX","Defend_purpleEX","Defend_purpleEX","Writhe","Poor:ReiMu","Regret","downfall:Haunted","downfall:Haunted","animator:Curse_GriefSeed","Apotheosis+1","LoveAcrossDimensions_purple","Fantasy_PerpetualMotionMachine_purple","Charmbait_purple","Metamorphosis+1"],"score":1506,"play_id":"421deb3e-194f-484b-9058-77baeae20e16","local_time":"20210214140219","is_ascension_mode":false,"campfire_choices":[{"data":"Theboundaryofcreation_purpleEX","floor":8,"key":"SMITH"},{"data":"Yakumo_Ran_purple","floor":12,"key":"SMITH"},{"floor":15,"key":"RECALL"},{"data":"ProofOfUnderstanding_purple","floor":24,"key":"SMITH"},{"data":"SharpContractionReality_purple","floor":27,"key":"SMITH"},{"data":"Mayhem","floor":32,"key":"SMITH"},{"data":"Know_ledgeAbilityRealm_purple","floor":42,"key":"SMITH"},{"data":"Observe_purple_2","floor":49,"key":"SMITH"},{"floor":52,"key":"REST"},{"data":"Mirror_TwoAndThreeElementRealm_purple","floor":68,"key":"SMITH"}],"circlet_count":0,"master_deck":["Observe_purple_2+1","Yakumo_Ran_purple+1","Charmbait_purple+1","SharpContractionReality_purple+1","DarkRealmRedLine_purple+1","D_absorption_purple+1","RealityDreamConfluencek_purple+1","DimensionStaggered_purple+1","DarkRealmRedLine_purple+1","Fantasy_PerpetualMotionMachine_purple+1","ProofOfUnderstanding_purple+1","Know_ledgeAbilityRealm_purple+1","Mayhem+1","MeetDecomposer_purple+1","Good Instincts+1","DimensionStaggered_purple+1","UniverseChoice_purple+1","Theboundaryofcreation_purpleEX+1","DimensionStaggered_purple+1","Shallow_ocean_purpleEX+1","WatchEChange_purple+1","RuptureOfTimeAndSpace_purple+1","ExistenceContinue_purple+1","MNeedle_purple+1","Mirror_TwoAndThreeElementRealm_purple+1","MonsterNeedle_purple+1","Theboundaryofcreation_purpleEX+1","WangLiang_OokamiKakushi_purple+1","Mirror_FourBoundary_purple+1","MeetDecomposer_purple+1","Line_surface_state_purple+1","MeetDecomposer_purple+1","Panacea+1","Panache+1","Madness+1","Madness+1","DimensionStaggered_purple+1","Nest_LightFlightworm_purple+1","CommonSense_AntiCommonSense_purple+1","Mirror_TwoAndThreeElementRealm_purple+1"],"relics":["animator:TheEruzaStone","Boundary_crack","Memoryfragments_purpleEX","animator:AncientMedallion"],"acts_visited":["Gensokyo:Gensokyo","Gensokyo:Gensokyoer","Gensokyo:Gensokyoest","TheEnding","EYB:TheUnnamedReign"],"potions_floor_usage":[19,60,67,69,69,69],"damage_taken":[{"damage":0,"enemies":"Gensokyo:Gryphon","floor":1,"turns":1},{"damage":0,"enemies":"Gensokyo:3_Fairies","floor":5,"turns":2},{"damage":23,"enemies":"Gensokyo:Aya","floor":6,"turns":1},{"damage":21,"enemies":"Gensokyo:Mamizou","floor":10,"turns":7},{"damage":3,"enemies":"Gensokyo:Kokoro","floor":16,"turns":8},{"damage":0,"enemies":"Gensokyo:Chomper","floor":18,"turns":3},{"damage":0,"enemies":"Gensokyo:Chomper","floor":19,"turns":7},{"damage":2,"enemies":"Gensokyo:AngelMirror","floor":20,"turns":3},{"damage":0,"enemies":"Gensokyo:Chomper_and_Gloop","floor":21,"turns":3},{"damage":12,"enemies":"Gensokyo:Mirror_and_Dog","floor":22,"turns":3},{"damage":11,"enemies":"Gensokyo:Tenshi","floor":23,"turns":5},{"damage":31,"enemies":"Gensokyo:Koishi","floor":25,"turns":6},{"damage":28,"enemies":"Gensokyo:Tenshi","floor":28,"turns":4},{"damage":0,"enemies":"Gensokyo:Eternal_Rivals","floor":33,"turns":5},{"damage":0,"enemies":"Gensokyo:AncientGuardian","floor":35,"turns":3},{"damage":18,"enemies":"Gensokyo:Kasen","floor":40,"turns":3},{"damage":1,"enemies":"Gensokyo:3_Bats","floor":41,"turns":2},{"damage":0,"enemies":"Gensokyo:Doremy","floor":45,"turns":3},{"damage":0,"enemies":"Gensokyo:Dusk_and_Dawn","floor":46,"turns":2},{"damage":1,"enemies":"Gensokyo:Marisa","floor":47,"turns":3},{"damage":0,"enemies":"Gensokyo:Yuyuko","floor":50,"turns":2},{"damage":44,"enemies":"animator:UNNAMED_HAT","floor":54,"turns":8},{"damage":8,"enemies":"animator:UNNAMED_CULTIST_1","floor":55,"turns":7},{"damage":18,"enemies":"animator:TRIPLE_LAGAVULIN","floor":59,"turns":5},{"damage":23,"enemies":"animator:LARGE_WISP","floor":60,"turns":7},{"damage":0,"enemies":"animator:ULTIMATE_CRYSTAL","floor":63,"turns":4},{"damage":0,"enemies":"animator:ULTIMATE_WISP","floor":67,"turns":3}],"seed_played":"2878607947206997038","potions_obtained":[{"floor":1,"key":"Swift Potion"},{"floor":5,"key":"JyouchiReiPotion"},{"floor":5,"key":"Block Potion"},{"floor":21,"key":"PanachePotion"},{"floor":54,"key":"animator:FalseLifePotion"},{"floor":55,"key":"animator:FalseLifePotion"},{"floor":55,"key":"animator:FalseLifePotion"},{"floor":60,"key":"animator:FalseLifePotion"},{"floor":67,"key":"animator:FalseLifePotion"}],"is_trial":false,"path_per_floor":["M","?","?","$","M","E","T","R","T","E","?","R","?","$","R","B",null,"M","?","M","M","M","E","R","E","T","R","E","$","?","$","R","B",null,"M","?","$","?","$","E","M","R","T","?","E","M","E","?","R","B",null,"R","??","M","M","T","?","$","M","M","?","$","E","T","?","$","E","R","B",null],"character_chosen":"Youkari","items_purchased":["TheEssenceOfRealm","MealTicket","Bronze Scales","Charmbait_purple","Toxic Egg 2","D_absorption_purple+1","Mummified Hand","Mayhem","Sling","MeetDecomposer_purple+1","Bottled Flame","Metamorphosis+1","Good Instincts+1","HandDrill","Whetstone","Lantern","DimensionStaggered_purple+1","Charmbait_purple","Fantasy_PerpetualMotionMachine_purple","Chemical X","Frozen Egg 2","Molten Egg 2","Theboundaryofcreation_purpleEX+1","Apotheosis+1","animator:AncientMedallion","Mirror_TwoAndThreeElementRealm_purple","animator:AncientMedallion","animator:AncientMedallion","animator:AncientMedallion","Mirror_FourBoundary_purple","MeetDecomposer_purple","Line_surface_state_purple","animator:AncientMedallion","animator:AncientMedallion","Madness","animator:AncientMedallion","DimensionStaggered_purple","Nest_LightFlightworm_purple","animator:AncientMedallion","CommonSense_AntiCommonSense_purple","animator:AncientMedallion"],"campfire_rested":1,"item_purchase_floors":[4,4,4,4,14,14,29,29,29,29,29,29,29,31,31,31,31,31,31,37,37,37,39,39,58,58,58,58,62,62,62,62,62,62,66,66,66,66,66,66,66],"current_hp_per_floor":[70,76,76,76,76,53,53,53,53,34,19,19,19,34,34,31,76,76,76,74,76,64,62,62,37,47,47,26,41,47,62,62,72,98,98,98,98,133,133,115,114,114,114,114,118,123,123,123,123,123,123,125,92,48,40,40,40,40,38,59,59,59,92,92,82,82,92,92,92],"gold":1046,"neow_bonus":"THREE_ENEMY_KILL","is_daily":false,"chose_seed":false,"campfire_upgraded":8,"win_rate":0.0,"timestamp":1613282539,"path_taken":["M","?","?","$","?","E","?","R","T","E","?","R","?","?","R","BOSS","M","?","?","M","?","E","R","E","T","R","E","?","?","$","R","BOSS","M","?","$","?","?","E","?","R","T","?","E","M","E","?","R","BOSS","R","??","M","M","T","?","$","M","M","?","$","E","T","?","$","E","R","BOSS"],"items_purchased_type":["Relic","Relic","Relic","Card","Relic","Card","Relic","Card","Relic","Card","Relic","Card","Card","Relic","Relic","Relic","Card","Card","Card","Relic","Relic","Relic","Card","Card","Relic","Card","Relic","Relic","Relic","Card","Card","Card","Relic","Relic","Card","Relic","Card","Card","Relic","Card","Relic"],"build_version":"2020-12-22","purchased_purges":20,"victory":true,"max_hp_per_floor":[70,76,76,76,76,76,76,76,76,76,76,76,76,76,76,76,76,76,76,76,76,76,76,76,76,86,86,86,86,92,92,92,92,98,98,98,98,133,133,133,133,133,133,123,123,123,123,123,123,123,123,125,92,92,92,92,92,92,92,92,92,92,92,92,92,92,92,92,92],"card_choices":[{"not_picked":["Bait_Toxicbait_purple","StateErode_purple"],"picked":"Yakumo_Ran_purple","floor":1},{"not_picked":["StateDuplicate_purple","SfantasyHide_purple"],"picked":"SharpContractionReality_purple","floor":5},{"not_picked":["StateDuplicate_purple","Photoelasticity_Doppler_Effect_purple"],"picked":"Theboundaryofcreation_purpleEX","floor":6},{"not_picked":["Boundary_of_Extermination_purpleEX","Anti_communist_purple"],"picked":"DarkRealmRedLine_purple","floor":10},{"not_picked":["UniverseChoice_purple","WangLiang_LineAndCurveDreams_purple"],"picked":"ProofOfUnderstanding_purple","floor":16},{"not_picked":["Erosivefilter_purple+1","WatchEChange_purple+1"],"picked":"RealityDreamConfluencek_purple+1","floor":18},{"not_picked":["Worldmountain_purple+1","WingOfChimera_purple+1"],"picked":"DimensionStaggered_purple+1","floor":19},{"not_picked":["SharpContractionReality_purple","DimensionStaggered_purple+1"],"picked":"DarkRealmRedLine_purple","floor":20},{"not_picked":["Nest_LightFlightworm_purple","PurpleNeedle_purple+1"],"picked":"Fantasy_PerpetualMotionMachine_purple+1","floor":21},{"not_picked":["StateDuplicate_purple+1","Bait_Toxicbait_purple+1","Realm_recovery_purpleEX+1"],"picked":"SKIP","floor":22},{"not_picked":["Computing_the_future_purpleEX","DarkRealmRedLine_purple"],"picked":"ProofOfUnderstanding_purple","floor":23},{"not_picked":["OmniscientAndOmnipotent_Monster_purple","Mirror_Drifter_purple"],"picked":"AdvanceAttack_purple+1","floor":25},{"not_picked":["Charmbait_purple+1","Realm_recovery_purpleEX+1"],"picked":"Know_ledgeAbilityRealm_purple","floor":28},{"not_picked":["GluttonyofRealm_purpleEX","Fancifulhole_purple"],"picked":"LoveAcrossDimensions_purple","floor":33},{"not_picked":["Line_surface_state_purple+1","Worldmountain_purple","SfantasyHide_purple+1"],"picked":"SKIP","floor":35},{"not_picked":["SharpContractionReality_purple+1","ExistenceContinue_purple+1"],"picked":"DimensionStaggered_purple+1","floor":40},{"not_picked":["OmniscientAndOmnipotent_Monster_purple+1","WatchEChange_purple+1"],"picked":"Shallow_ocean_purpleEX+1","floor":41},{"not_picked":["ExistenceContinue_purple+1","Umbrella_purple+1"],"picked":"WatchEChange_purple+1","floor":45},{"not_picked":["Yakumo_Ran_purple+1","Boundary_LightAndDark_purple+1"],"picked":"RuptureOfTimeAndSpace_purple+1","floor":46},{"not_picked":["StateDuplicate_purple+1","WingOfChimera_purple+1"],"picked":"ExistenceContinue_purple+1","floor":47},{"not_picked":["LoveAcrossDimensions_purple+1","AdvanceAttack_purple+1","Shallow_ocean_purpleEX+1"],"picked":"Singing Bowl","floor":52},{"not_picked":["SharpContractionReality_purple","Boundary_ObjectiveBoundary_purple","MonsterNeedle_purple"],"picked":"SKIP","floor":54},{"not_picked":["MeetDecomposer_purple","Umbrella_purple+1"],"picked":"MNeedle_purple+1","floor":55},{"not_picked":["Line_surface_state_purple","OmniscientAndOmnipotent_Monster_purple"],"picked":"MonsterNeedle_purple+1","floor":59},{"not_picked":["WatchEChange_purple","Worldmountain_purple+1"],"picked":"Theboundaryofcreation_purpleEX","floor":60},{"not_picked":["D_absorption_purple+1","Price_of_realm_purpleEX+1"],"picked":"WangLiang_OokamiKakushi_purple+1","floor":61},{"not_picked":["Shallow_ocean_purpleEX","Worldmountain_purple"],"picked":"MeetDecomposer_purple+1","floor":63},{"not_picked":["HandOfGreedLower","ThoughtExtend"],"picked":"Panacea","floor":65},{"not_picked":["Magnetism","Forethought"],"picked":"Panache","floor":65},{"not_picked":["HandOfGreedLower","Bandage Up"],"picked":"Madness","floor":65},{"not_picked":["Mirror_WaveAndshot_purple+1","Charmbait_purple"],"picked":"Mirror_TwoAndThreeElementRealm_purple","floor":67}],"player_experience":407391,"relics_obtained":[{"floor":6,"key":"Matryoshka"},{"floor":7,"key":"Dream Catcher"},{"floor":7,"key":"CrazyTorch:ReiMu"},{"floor":9,"key":"Gremlin Horn"},{"floor":10,"key":"Blue Candle"},{"floor":16,"key":"Gensokyo:OccultBall"},{"floor":19,"key":"StoneCalendar"},{"floor":19,"key":"CaptainsWheel"},{"floor":23,"key":"HornCleat"},{"floor":25,"key":"Gensokyo:OccultBall"},{"floor":25,"key":"The Courier"},{"floor":26,"key":"Pear"},{"floor":28,"key":"Gensokyo:OccultBall"},{"floor":28,"key":"Happy Flower"},{"floor":33,"key":"Gensokyo:OccultBall"},{"floor":34,"key":"Smiling Mask"},{"floor":34,"key":"Shuriken"},{"floor":34,"key":"Calipers"},{"floor":40,"key":"Mastiff:ReiMu"},{"floor":41,"key":"Gensokyo:OccultBall"},{"floor":43,"key":"Incense Burner"},{"floor":45,"key":"Singing Bowl"},{"floor":47,"key":"Juzu Bracelet"},{"floor":53,"key":"animator:TheEruzaStone"},{"floor":56,"key":"animator:AncientMedallion"},{"floor":63,"key":"animator:AncientMedallion"},{"floor":64,"key":"animator:AncientMedallion"},{"floor":67,"key":"animator:AncientMedallion"}],"event_choices":[{"damage_healed":0,"gold_gain":0,"player_choice":"Memory 3","damage_taken":10,"max_hp_gain":0,"max_hp_loss":0,"event_name":"SensoryStone","floor":65,"gold_loss":0}],"is_beta":false,"boss_relics":[{"not_picked":["Sozu","SacredBark"],"picked":"EctoplasmExtend"},{"not_picked":["Empty Cage","Fusion Hammer"],"picked":"Calling Bell"}],"items_purged_floors":[4,4,4,4,4,29,29,29,29,31,39,39,39,39,39,39,39,39,39,58],"is_endless":false,"potions_floor_spawned":[1,5,5,6,10,16,18,21,21,22,23,23,25,25,28,33,33,35,40,40,40,45,45,46,47,47,47,54,55,55,59,59,60,60,63],"ascension_level":0}}