{"host":"nwtxriuk34b069je","time":1613281336,"event":{"mods":["AchievementEnabler","BaseMod","Better Skull","Colored Map","Colored Powertips","Hermit","Minty Spire (QoL Compilation)","Relic Stats","StSLib"],"gold_per_floor":[113,128,140,50,67,67,77,92,139,165,21,35,35,35,35,35,35],"floor_reached":16,"language":"ENG","playtime":454,"items_purged":[],"score":140,"play_id":"3c16480a-ee2e-4258-a3f2-6c584c1a5a59","local_time":"20210213234216","is_ascension_mode":true,"campfire_choices":[{"data":"Noxious Fumes","floor":6,"key":"SMITH"},{"data":"Caltrops","floor":15,"key":"SMITH"}],"circlet_count":0,"master_deck":["Strike_G","Strike_G","Strike_G","Strike_G","Strike_G","Defend_G","Defend_G","Defend_G","Defend_G","Defend_G","Survivor","Neutralize","Noxious Fumes+1","Dodge and Roll","Dagger Spray","Caltrops+1","Poisoned Stab","Leg Sweep","Deadly Poison","Corpse Explosion+1","Blur"],"relics":["Coffee Dripper","Lantern","MealTicket","Snake Skull","Gremlin Horn"],"acts_visited":["Exordium"],"potions_floor_usage":[],"damage_taken":[{"damage":3,"enemies":"Cultist","floor":1,"turns":4},{"damage":0,"enemies":"Small Slimes","floor":2,"turns":3},{"damage":0,"enemies":"2 Louse","floor":3,"turns":3},{"damage":12,"enemies":"Lots of Slimes","floor":5,"turns":4},{"damage":1,"enemies":"Looter","floor":7,"turns":4},{"damage":1,"enemies":"Red Slaver","floor":8,"turns":3},{"damage":12,"enemies":"Lagavulin","floor":10,"turns":6},{"damage":1,"enemies":"Gremlin Gang","floor":12,"turns":3},{"damage":53,"enemies":"Slime Boss","floor":16,"turns":6}],"seed_played":"7579334452323580854","potions_obtained":[{"floor":1,"key":"SteroidPotion"},{"floor":3,"key":"Dexterity Potion"},{"floor":8,"key":"Strength Potion"}],"is_trial":false,"path_per_floor":["M","M","M","$","M","R","M","M","T","E","$","M","T","?","R","B"],"character_chosen":"THE_SILENT","items_purchased":["Caltrops","Poisoned Stab","Snake Skull"],"campfire_rested":0,"item_purchase_floors":[4,4,11],"current_hp_per_floor":[60,60,60,60,48,48,47,46,46,34,49,48,48,48,48,0,0],"gold":35,"neow_bonus":"BOSS_RELIC","is_daily":false,"chose_seed":false,"campfire_upgraded":2,"win_rate":0.0,"timestamp":1613281336,"path_taken":["M","M","?","$","?","R","M","M","T","E","$","M","?","?","R","BOSS"],"items_purchased_type":["Card","Card","Relic"],"build_version":"2020-12-22","purchased_purges":0,"victory":false,"max_hp_per_floor":[70,70,70,70,70,70,70,70,70,70,70,70,70,70,70,70,70],"relic_stats":{"Gremlin Horn":[0,0],"counters":[9,36],"MealTicket":15,"Snake Skull":[19],"obtain_stats":[{"Lantern":9,"Gremlin Horn":13,"MealTicket":10,"Snake Skull":11,"Coffee Dripper":0,"Ring of the Snake":0},{"Lantern":6,"Gremlin Horn":8,"MealTicket":7,"Snake Skull":7,"Coffee Dripper":0,"Ring of the Snake":0},{"Lantern":21,"Gremlin Horn":30,"MealTicket":27,"Snake Skull":27,"Coffee Dripper":0,"Ring of the Snake":0}]},"card_choices":[{"not_picked":["Prepared","Cloak And Dagger"],"picked":"Noxious Fumes","floor":1},{"not_picked":["Deflect","Cloak And Dagger"],"picked":"Dodge and Roll","floor":2},{"not_picked":["Deadly Poison","Expertise"],"picked":"Dagger Spray","floor":3},{"not_picked":["Die Die Die","Deadly Poison"],"picked":"Leg Sweep","floor":5},{"not_picked":["Acrobatics","Dagger Throw"],"picked":"Deadly Poison","floor":7},{"not_picked":["Flying Knee","Blade Dance","Acrobatics"],"picked":"SKIP","floor":8},{"not_picked":["Venomology","PiercingWail"],"picked":"Corpse Explosion","floor":10},{"not_picked":["Poisoned Stab","Prepared"],"picked":"Blur","floor":12}],"player_experience":552208,"relics_obtained":[{"floor":9,"key":"Lantern"},{"floor":10,"key":"MealTicket"},{"floor":13,"key":"Gremlin Horn"}],"event_choices":[{"damage_healed":0,"gold_gain":0,"player_choice":"Upgraded","damage_taken":0,"max_hp_gain":0,"max_hp_loss":0,"event_name":"Upgrade Shrine","floor":14,"gold_loss":0,"cards_upgraded":["Corpse Explosion"]}],"is_beta":false,"boss_relics":[],"items_purged_floors":[],"is_endless":false,"potions_floor_spawned":[1,3,8],"killed_by":"Slime Boss","ascension_level":7}}