{"host":"36t3qd3wjvajtu1z","time":1613282034,"event":{"mods":["2.2 Compatiblity","AchievementEnabler","BaseMod","Bestiary","Block Reminder","Colored Powertips","Curses Come First","Highlight Path","Minty Spire (QoL Compilation)","Permanent Neow","Quick Restart","Random Character Button","Rare Cards Sparkle","Relic Stats","Slay-I","StSLib","Unknown Chances"],"gold_per_floor":[115,46,7,7,23,54,70,70,124,136,152,152,152,182,182,279,279,279,299,313,313,238,238,238],"floor_reached":23,"language":"ENG","playtime":760,"items_purged":[],"score":350,"play_id":"4b65c4e0-b726-4146-b7a0-bc5d962baf7b","local_time":"20210213215354","is_ascension_mode":true,"campfire_choices":[{"data":"Sunder","floor":8.0,"key":"SMITH"},{"data":"Doom and Gloom","floor":12.0,"key":"SMITH"},{"data":"Conserve Battery","floor":15.0,"key":"SMITH"}],"circlet_count":0,"master_deck":["AscendersBane","Strike_B","Defend_B","Defend_B","Defend_B","Defend_B","Zap","Dualcast","Go for the Eyes","Core Surge","Loop+1","Ball Lightning","Sunder+1","Doom and Gloom+1","Glacier","Conserve Battery+1","Core Surge","Leap+1","Glacier"],"relics":["Cracked Core","NeowsBlessing","Nunchaku","Boot","Tiny Chest","Ornamental Fan","Empty Cage","Nilry\u0027s Codex"],"acts_visited":["Exordium","TheCity"],"potions_floor_usage":[18],"damage_taken":[{"damage":0.0,"enemies":"Cultist","floor":1.0,"turns":1.0},{"damage":0.0,"enemies":"2 Louse","floor":5.0,"turns":1.0},{"damage":0.0,"enemies":"Gremlin Nob","floor":6.0,"turns":1.0},{"damage":4.0,"enemies":"Jaw Worm","floor":7.0,"turns":3.0},{"damage":8.0,"enemies":"Red Slaver","floor":10.0,"turns":3.0},{"damage":4.0,"enemies":"Blue Slaver","floor":11.0,"turns":2.0},{"damage":16.0,"enemies":"3 Sentries","floor":14.0,"turns":4.0},{"damage":29,"enemies":"The Guardian","floor":16,"turns":9},{"damage":0,"enemies":"3 Byrds","floor":18,"turns":1},{"damage":7,"enemies":"Chosen","floor":19,"turns":4},{"damage":15,"enemies":"Snecko","floor":20,"turns":5},{"damage":21,"enemies":"Book of Stabbing","floor":23,"turns":6}],"seed_played":"-7076207152349245326","potions_obtained":[{"floor":5.0,"key":"SkillPotion"},{"floor":11.0,"key":"LiquidBronze"},{"floor":14.0,"key":"Ancient Potion"},{"floor":16,"key":"SmokeBomb"},{"floor":20,"key":"DuplicationPotion"}],"is_trial":false,"path_per_floor":["M","$","$","?","M","E","M","R","T","M","M","R","?","E","R","B",null,"M","M","M","?","?","E"],"character_chosen":"DEFECT","items_purchased":["Core Surge","Loop"],"campfire_rested":0,"item_purchase_floors":[2,3],"current_hp_per_floor":[68,68,68,68,68,68,64,64,64,56,52,52,52,36,36,7,58,58,51,36,20,20,0,0],"gold":238,"neow_bonus":"THREE_ENEMY_KILL","is_daily":false,"chose_seed":false,"campfire_upgraded":3,"win_rate":0.0,"timestamp":1613282034,"path_taken":["M","?","$","?","M","E","?","R","T","M","M","R","?","E","R","BOSS","M","M","M","?","?","E"],"items_purchased_type":["Card","Card"],"build_version":"2020-12-22","purchased_purges":0,"victory":false,"max_hp_per_floor":[75,75,75,75,75,75,75,75,75,75,75,75,75,75,75,75,75,75,75,75,75,75,75,75],"relic_stats":{"Nunchaku":[5],"counters":[12,40],"Ornamental Fan":[4],"Tiny Chest":0,"Boot":[20],"obtain_stats":[{"Nunchaku":6,"NeowsBlessing":0,"Ornamental Fan":14,"Nilry\u0027s Codex":21,"Tiny Chest":13,"Cracked Core":0,"Boot":9,"Empty Cage":17},{"Nunchaku":3,"NeowsBlessing":0,"Ornamental Fan":7,"Nilry\u0027s Codex":11,"Tiny Chest":6,"Cracked Core":0,"Boot":4,"Empty Cage":8},{"Nunchaku":3,"NeowsBlessing":0,"Ornamental Fan":15,"Nilry\u0027s Codex":34,"Tiny Chest":11,"Cracked Core":0,"Boot":6,"Empty Cage":24}]},"card_choices":[{"not_picked":["Sweeping Beam","Leap"],"picked":"Go for the Eyes","floor":1.0},{"not_picked":["Capacitor","Redo"],"picked":"Ball Lightning","floor":5.0},{"not_picked":["Ball Lightning","Coolheaded"],"picked":"Sunder","floor":6.0},{"not_picked":["Consume","Gash","Compile Driver"],"picked":"SKIP","floor":7.0},{"not_picked":["Gash","Double Energy"],"picked":"Doom and Gloom","floor":10.0},{"not_picked":["Rainbow","Barrage"],"picked":"Glacier","floor":11.0},{"not_picked":["Steam","Rebound"],"picked":"Conserve Battery","floor":14.0},{"not_picked":["Thunder Strike","Reboot"],"picked":"Core Surge","floor":16},{"not_picked":["Streamline","Redo"],"picked":"Leap+1","floor":19},{"not_picked":["Ball Lightning+1","Fusion"],"picked":"Glacier","floor":20}],"player_experience":524309,"relics_obtained":[{"floor":6.0,"key":"Nunchaku"},{"floor":9.0,"key":"Boot"},{"floor":14.0,"key":"Ornamental Fan"},{"floor":21,"key":"Nilry\u0027s Codex"}],"event_choices":[{"damage_healed":0.0,"max_hp_gain":0.0,"max_hp_loss":0.0,"gold_gain":0.0,"event_name":"Accursed Blacksmith","player_choice":"Forge","floor":4.0,"gold_loss":0.0,"damage_taken":0.0,"cards_upgraded":["Loop"]},{"damage_healed":0.0,"max_hp_gain":0.0,"max_hp_loss":0.0,"gold_gain":0.0,"event_name":"WeMeetAgain","player_choice":"Gave Potion","floor":13.0,"gold_loss":0.0,"damage_taken":0.0,"relics_obtained":["Tiny Chest"]},{"damage_healed":0,"gold_gain":0,"player_choice":"Obtained Book","damage_taken":16,"max_hp_gain":0,"max_hp_loss":0,"event_name":"Cursed Tome","floor":21,"gold_loss":0},{"cards_removed":["Strike_B"],"damage_healed":0,"gold_gain":0,"player_choice":"Gave Gold","damage_taken":0,"max_hp_gain":0,"max_hp_loss":0,"event_name":"Beggar","floor":22,"gold_loss":75}],"is_beta":false,"boss_relics":[{"not_picked":["Black Star","Coffee Dripper"],"picked":"Empty Cage"}],"items_purged_floors":[],"is_endless":false,"potions_floor_spawned":[5,11,14,16,20],"killed_by":"Book of Stabbing","ascension_level":11}}