{"host":"u0qetpmu4y58k1tf","time":1613287838,"event":{"mods":["100% Spire Juice","AchievementEnabler","Act Like it!","BaseMod","CapriCore","Colored Map","Colored Powertips","Hermit","Koishi","Marisa£¨Ùöéë¡¡Øª×âÞÞ£©","Minty Spire (QoL Compilation)","Quick Restart","Reliquary","Replay The Spire","StSLib","Td1madao Mod","The Bug Knight","The Cursed","The Dragon Tamer","The Gatherer","The Hierophant","The Immortal","The Jungle","The Runesmith","WarShipGirlsR/??á´Ò³R mod"],"gold_per_floor":[115,115,130,68,343,343,357,373,373,392,392,410,424,456,456,555,555,571,571,571,587,598,598,598],"floor_reached":23,"language":"KOR","playtime":1659,"items_purged":["Hallucinations"],"score":195,"play_id":"35e44e94-14bd-4743-b79e-32336862c625","local_time":"20210214163038","is_ascension_mode":false,"campfire_choices":[{"data":"HollowMod:Hiveblood","floor":6,"key":"SMITH"},{"data":"HollowMod:NewGlowingWomb","floor":11,"key":"SMITH"},{"data":"HollowMod:SlysStrikes","floor":15,"key":"SMITH"}],"circlet_count":0,"master_deck":["HollowMod:NailStrikeStart","HollowMod:NailStrikeStart","HollowMod:QuickDashStart","HollowMod:QuickDashStart","HollowMod:QuickDashStart","HollowMod:QuickDashStart","HollowMod:FocusHealStart","HollowMod:PogoStrike","HollowMod:SoulMaster","HollowMod:Hiveblood+1","Regret","HollowMod:CloakDash","HollowMod:NewGlowingWomb+1","HollowMod:VengefulSpirit","HollowMod:SoulShaman","HollowMod:SlysStrikes+1","HollowMod:CloakDash","HollowMod:MothsMistake","HollowMod:Hiveblood+1","HollowMod:PerfectDash","HollowMod:SoulSplash","HollowMod:DreamGate+1","HollowMod:CloakDash"],"relics":["HollowMod:VesselMask","ReplayTheSpireMod:CursedCoin","Prayer Wheel","Incense Burner","Black Star"],"acts_visited":["Exordium","TheCity"],"potions_floor_usage":[14,22,22],"damage_taken":[{"damage":5.0,"enemies":"2 Louse","floor":1.0,"turns":3.0},{"damage":5,"enemies":"Jaw Worm","floor":3,"turns":5},{"damage":35,"enemies":"Cultist","floor":7,"turns":5},{"damage":25,"enemies":"3 Louse","floor":8,"turns":6},{"damage":31,"enemies":"Lots of Slimes","floor":10,"turns":8},{"damage":61,"enemies":"Exordium Wildlife","floor":12,"turns":7},{"damage":38,"enemies":"2 Fungi Beasts","floor":13,"turns":5},{"damage":47,"enemies":"Lagavulin","floor":14,"turns":9},{"damage":67,"enemies":"Fading Forest","floor":16,"turns":11},{"damage":51,"enemies":"Shell Parasite","floor":18,"turns":7},{"damage":92,"enemies":"Chosen","floor":21,"turns":9},{"damage":73,"enemies":"3 Cultists","floor":22,"turns":7},{"damage":125,"enemies":"Book of Stabbing","floor":23,"turns":10}],"seed_played":"-6849176727842547651","potions_obtained":[{"floor":8,"key":"Milkshake"},{"floor":10,"key":"Dexterity Potion"},{"floor":14,"key":"Explosive Potion"},{"floor":16,"key":"Explosive Potion"}],"is_trial":false,"path_per_floor":["M","?","M","$","?","R","M","M","T","M","R","M","M","E","R","B",null,"M","?","?","M","M","E"],"character_chosen":"THE_BUGKNIGHT","items_purchased":["ReplayTheSpireMod:CursedCoin","HollowMod:Hiveblood"],"campfire_rested":0,"item_purchase_floors":[4,4],"current_hp_per_floor":[70,70,71,71,71,71,64,71,71,73,73,49,43,30,30,7,75,69,55,55,47,42,0,0],"gold":598,"neow_bonus":"TRANSFORM_CARD","is_daily":false,"chose_seed":false,"campfire_upgraded":3,"win_rate":0.0,"timestamp":1613287838,"path_taken":["M","?","M","$","?","R","M","M","T","M","R","?","M","E","R","BOSS","M","?","?","?","M","E"],"items_purchased_type":["Relic","Card"],"build_version":"2020-12-22","purchased_purges":1,"victory":false,"max_hp_per_floor":[75,75,75,75,75,75,75,75,75,75,75,75,75,75,75,75,75,75,80,80,80,80,80,80],"card_choices":[{"not_picked":["HollowMod:NewLittleFool","HollowMod:InfectedCysts","HollowMod:ShadowDash"],"picked":"SKIP","floor":1.0},{"not_picked":["HollowMod:MonarchWings","HollowMod:GoodIntentions","HollowMod:DesolateDive"],"picked":"SKIP","floor":3},{"not_picked":["HollowMod:TaintedHusks","HollowMod:GreatSlash"],"picked":"HollowMod:CloakDash","floor":7},{"not_picked":["HollowMod:HeavyBlow","HollowMod:CornifersMapStart"],"picked":"HollowMod:NewGlowingWomb","floor":8},{"not_picked":["HollowMod:SoulStrike","HollowMod:CornifersMapStart"],"picked":"HollowMod:VengefulSpirit","floor":10},{"not_picked":["HollowMod:NewJinnsSoul","HollowMod:GreatSlash","HollowMod:InfectionAssault"],"picked":"SKIP","floor":10},{"not_picked":["HollowMod:CornifersMapStart","HollowMod:VengefulVoid"],"picked":"HollowMod:SoulShaman","floor":12},{"not_picked":["HollowMod:GoodIntentions","HollowMod:DoubleDash"],"picked":"HollowMod:SlysStrikes","floor":12},{"not_picked":["HollowMod:HuntersJournal","HollowMod:ChannelNail"],"picked":"HollowMod:CloakDash","floor":13},{"not_picked":["HollowMod:NewJinnsSoul","HollowMod:InfectedAttack","HollowMod:CrystalDash"],"picked":"SKIP","floor":13},{"not_picked":["HollowMod:CloakDash","HollowMod:SoulMaster"],"picked":"HollowMod:MothsMistake","floor":14},{"not_picked":["HollowMod:theNailsmith","HollowMod:ZotesMagnificence"],"picked":"HollowMod:Hiveblood","floor":16},{"not_picked":["HollowMod:SharpenedShadows+1","HollowMod:ShadowDash+1"],"picked":"HollowMod:PerfectDash","floor":18},{"not_picked":["HollowMod:WraithStrike","HollowMod:ShapeofUnn","HollowMod:FallenFury+1"],"picked":"SKIP","floor":18},{"not_picked":["HollowMod:DoubleDash","HollowMod:CycloneSlash+1"],"picked":"HollowMod:SoulSplash","floor":21},{"not_picked":["HollowMod:DoubleDash","HollowMod:InfectedAttack","HollowMod:NewJinnsSoul"],"picked":"SKIP","floor":21},{"not_picked":["HollowMod:AwokenDreamNail","HollowMod:SoulSplash"],"picked":"HollowMod:DreamGate+1","floor":22},{"not_picked":["HollowMod:GrimmsGift","HollowMod:HeavyBlow+1"],"picked":"HollowMod:CloakDash","floor":22}],"player_experience":150919,"relics_obtained":[{"floor":9,"key":"Prayer Wheel"},{"floor":14,"key":"Incense Burner"}],"event_choices":[{"damage_healed":0,"gold_gain":275,"player_choice":"Desecrate","damage_taken":0,"max_hp_gain":0,"max_hp_loss":0,"event_name":"Golden Shrine","floor":5,"gold_loss":0,"cards_obtained":["Regret"]},{"damage_healed":0,"gold_gain":0,"player_choice":"Shed Blood","damage_taken":19,"max_hp_gain":5,"max_hp_loss":0,"event_name":"Forgotten Altar","floor":19,"gold_loss":0},{"damage_healed":0,"gold_gain":0,"player_choice":"Upgraded","damage_taken":0,"max_hp_gain":0,"max_hp_loss":0,"event_name":"Upgrade Shrine","floor":20,"gold_loss":0,"cards_upgraded":["HollowMod:Hiveblood"]}],"is_beta":false,"boss_relics":[{"not_picked":["ChewingGum","SacredBark"],"picked":"Black Star"}],"items_purged_floors":[4],"is_endless":false,"potions_floor_spawned":[8,10,14,16],"killed_by":"Book of Stabbing","ascension_level":0}}