{"host":"27tk4xseidcli2mr","time":1613336170,"event":{"mods":["2.2 Compatiblity","AchievementEnabler","Aspiration","BaseMod","Better Third Choice","Conspire","Custom Start","Downfall","GungeonMod","Hubris","Infinite Spire","Jorbs\u0027s Wanderer Trilogy","Minty Spire (QoL Compilation)","Replay The Spire","StSLib","SuperFastMode","[IsaacMod]????"],"gold_per_floor":[111,126,126,136,153,186,198,198,198,198,227,242,273,15,15,110,110,130,147,166,176,33,62,62,73,73,73,101,101,134,134,134,240,240,275,275,275,275,312,367,367,449,529,592,163,204,255,297,297,459,459,520,520,571,640,437,512,512,564,644,644,716,716,716,773,773,794,794],"floor_reached":67,"language":"ENG","playtime":4067,"items_purged":["Strike_P","Strike_P","Defend_P"],"score":1551,"play_id":"bf1d3973-5d23-4881-92d2-68b8203f4a0f","local_time":"20210214215610","is_ascension_mode":true,"campfire_choices":[{"floor":8.0,"key":"REST"},{"data":"Adaptation","floor":15.0,"key":"SMITH"},{"floor":24.0,"key":"REST"},{"data":"Adaptation","floor":29.0,"key":"SMITH"},{"data":"Eruption","floor":32.0,"key":"SMITH"},{"data":"ReplayTheSpireMod:Omega Cannon","floor":41.0,"key":"SMITH"},{"data":"Omniscience","floor":49.0,"key":"SMITH"},{"data":"ReplayTheSpireMod:Private Reserves","floor":58.0,"key":"SMITH"},{"data":"Panacea","floor":64.0,"key":"SMITH"},{"data":"DeusExMachina","floor":66.0,"key":"SMITH"}],"circlet_count":0,"master_deck":["Strike_P","Strike_P","Defend_P+1","Defend_P","Eruption+1","Vigilance","EmptyFist","Adaptation+1","EmptyFist","Scrawl+1","Adaptation+1","Tantrum","Indignation","BattleHymn","EmptyBody","DeusExMachina+1","Meditate","Indignation","FlurryOfBlows","Protect","Omniscience+1","Replay:Vibes","Cold Snap+1","ReplayTheSpireMod:Omega Cannon+1","FlurryOfBlows+1","ReplayTheSpireMod:Private Reserves+1","ReplayRNGCard+1","Omniscience+1","Panacea+1"],"relics":["PureWater","HushsDoor","GuppysTail","aspiration:Nostalgia","champ:ChampionCrown","Smiling Mask","aspiration:DSix","DemoMod:PartiallyEatenCheese","PunchingBag","hubris:TenFootPole","DemoMod:GnawedKey","Lee\u0027s Waffle","Lantern","hubris:PeanutButter","aspiration:FetidBarrel","hubris:Towel","Lizard Tail","Simple Rune","Blue Candle","infinitespire:EvilPickle","aspiration:DefectSkillbook","ReplayTheSpireMod:Lightbulb","hubris:SphereOfDissonance","hubris:Metronome","Replay:Bandana","DemoMod:MeatBun","infinitespire:Beetle Shell","Runic Pyramid","PrismaticShard","Damaru","Golden Egg","Akabeko","Guide Book","Blood Vial"],"acts_visited":["Exordium","TheCity","TheBeyond","Exordium"],"potions_floor_usage":[67],"damage_taken":[{"damage":0.0,"enemies":"conspire:RoseBush","floor":1.0,"turns":5.0},{"damage":0.0,"enemies":"Cultist","floor":2.0,"turns":3.0},{"damage":0.0,"enemies":"Jaw Worm","floor":4.0,"turns":1.0},{"damage":2.0,"enemies":"Blue Slaver","floor":5.0,"turns":3.0},{"damage":25.0,"enemies":"Lagavulin","floor":6.0,"turns":7.0},{"damage":12.0,"enemies":"Exordium Thugs","floor":7.0,"turns":6.0},{"damage":0.0,"enemies":"Replay:BlueRogue","floor":11.0,"turns":3.0},{"damage":2.0,"enemies":"Exordium Wildlife","floor":12.0,"turns":3.0},{"damage":0.0,"enemies":"Lagavulin","floor":13.0,"turns":4.0},{"damage":17.0,"enemies":"The Guardian","floor":16.0,"turns":12.0},{"damage":3.0,"enemies":"3 Byrds","floor":18.0,"turns":5.0},{"damage":25.0,"enemies":"conspire:FuzzyDice","floor":19.0,"turns":6.0},{"damage":5.0,"enemies":"Snecko","floor":20.0,"turns":4.0},{"damage":1.0,"enemies":"Snake Plant","floor":21.0,"turns":3.0},{"damage":37.0,"enemies":"Nightmare","floor":23.0,"turns":6.0},{"damage":0.0,"enemies":"Centurion and Healer","floor":25.0,"turns":3.0},{"damage":0.0,"enemies":"conspire:SneckoGhost","floor":28.0,"turns":3.0},{"damage":0.0,"enemies":"Slavers","floor":30.0,"turns":3.0},{"damage":15.0,"enemies":"Pondfish","floor":33.0,"turns":10.0},{"damage":32.0,"enemies":"3 Shapes","floor":35.0,"turns":7.0},{"damage":0.0,"enemies":"Orb Walker","floor":39.0,"turns":2.0},{"damage":2.0,"enemies":"R_Hoarder","floor":40.0,"turns":7.0},{"damage":0.0,"enemies":"Reptomancer","floor":44.0,"turns":2.0},{"damage":0.0,"enemies":"Jaw Worm Horde","floor":46.0,"turns":2.0},{"damage":0.0,"enemies":"Maw","floor":47.0,"turns":2.0},{"damage":0.0,"enemies":"Writhing Mass","floor":48.0,"turns":2.0},{"damage":55.0,"enemies":"infinitespire:MassOfShapes","floor":50.0,"turns":6.0},{"damage":0.0,"enemies":"Small Slimes","floor":52.0,"turns":1.0},{"damage":0.0,"enemies":"Cultist","floor":54.0,"turns":2.0},{"damage":0.0,"enemies":"2 Louse","floor":55.0,"turns":1.0},{"damage":0.0,"enemies":"Gremlin Nob","floor":57.0,"turns":1.0},{"damage":0.0,"enemies":"Large Slime","floor":59.0,"turns":2.0},{"damage":0.0,"enemies":"Replay:BlueRogue","floor":62.0,"turns":1.0},{"damage":53.0,"enemies":"Nightmare","floor":65.0,"turns":4.0},{"damage":104,"enemies":"Delirium","floor":67,"turns":2}],"seed_played":"-7073586671057389728","potions_obtained":[{"floor":1.0,"key":"Energy Potion"},{"floor":5.0,"key":"champ:CounterPotion"},{"floor":6.0,"key":"LifebloodPotion"},{"floor":13.0,"key":"Regen Potion"},{"floor":20.0,"key":"FearPotion"},{"floor":21.0,"key":"SkillPotion"},{"floor":28.0,"key":"AttackPotion"},{"floor":30.0,"key":"bronze:BurnAndBuffPotion"},{"floor":35.0,"key":"ColorlessPotion"},{"floor":44.0,"key":"ColorlessPotion"},{"floor":50.0,"key":"Swift Potion"},{"floor":54.0,"key":"conspire:TimeTravelPotion"},{"floor":55.0,"key":"DemoMod:LeadSkinPotion"},{"floor":59.0,"key":"PowerPotion"}],"is_trial":false,"path_per_floor":["M","M","?","M","M","E","M","R","T","?","E","M","E","$","R","B",null,"M","M","M","M","$","NM","R","M","T","?","E","R","E","?","R","B",null,"M","?","?","?","M","E","R","T","T","E","$","M","M","M","R","B",null,"M","?","M","M","$","E","R","M","T","?","E","AVR","R","NM","R","B"],"character_chosen":"WATCHER","items_purchased":["DemoMod:GnawedKey","Lee\u0027s Waffle","Lantern","DemoMod:MeatBun","ReplayTheSpireMod:Private Reserves","infinitespire:Beetle Shell","PrismaticShard"],"campfire_rested":2,"item_purchase_floors":[14,14,22,45,45,45,56],"current_hp_per_floor":[72,72,57,57,55,30,18,39,39,44,44,42,42,84,84,67,84,81,56,51,50,50,25,50,50,50,50,50,50,50,48,48,33,84,52,52,52,52,52,52,52,52,52,52,66,66,66,66,66,11,86,86,86,86,86,86,86,86,86,86,86,86,86,86,33,33,0,0],"gold":794,"neow_bonus":"NOSTALGIA","is_daily":false,"chose_seed":false,"campfire_upgraded":8,"win_rate":0.0,"timestamp":1613336170,"path_taken":["M","M","?","M","M","E","M","R","T","?","E","M","E","$","R","BOSS","M","?","M","M","$","NM","R","?","T","?","E","R","E","?","R","BOSS","M","?","?","?","M","E","R","?","T","E","$","M","?","M","R","BOSS","M","?","M","M","$","E","R","M","T","?","E","AVR","R","NM","R","BOSS"],"items_purchased_type":["Relic","Relic","Relic","Relic","Card","Relic","Relic"],"build_version":"2020-12-22","purchased_purges":3,"victory":false,"max_hp_per_floor":[72,72,72,72,72,72,72,72,72,77,77,77,77,84,84,84,84,84,84,84,84,84,84,84,84,84,84,84,84,84,84,84,84,84,84,84,84,84,84,86,86,86,86,86,86,86,86,86,86,86,86,86,86,86,86,86,86,86,86,86,86,86,86,86,86,86,86,86],"card_choices":[{"not_picked":["MentalFortress","EmptyMind"],"picked":"EmptyFist","floor":1.0},{"not_picked":["Meditate","WreathOfFlame"],"picked":"Adaptation","floor":2.0},{"not_picked":["JustLucky","WaveOfTheHand"],"picked":"EmptyFist","floor":4.0},{"not_picked":["SashWhip","FlyingSleeves"],"picked":"Scrawl","floor":5.0},{"not_picked":["Pray","ThirdEye"],"picked":"Adaptation","floor":6.0},{"not_picked":["TalkToTheHand","SpiritShield"],"picked":"Tantrum","floor":7.0},{"not_picked":["PathToVictory","Fasting2"],"picked":"Indignation","floor":11.0},{"not_picked":["CutThroughFate","EmptyFist"],"picked":"BattleHymn","floor":12.0},{"not_picked":["BowlingBash","CutThroughFate"],"picked":"EmptyBody","floor":13.0},{"not_picked":["ConjureBlade","Establishment"],"picked":"DeusExMachina","floor":16.0},{"not_picked":["CrushJoints","EmptyBody","BowlingBash"],"picked":"SKIP","floor":18.0},{"not_picked":["Evaluate","FlyingSleeves","Replay:BluntJabs"],"picked":"SKIP","floor":19.0},{"not_picked":["CrushJoints","Nirvana+1","Scrawl"],"picked":"SKIP","floor":20.0},{"not_picked":["CutThroughFate","Prostrate"],"picked":"Meditate","floor":21.0},{"not_picked":["Sanctity","SashWhip"],"picked":"Indignation","floor":23.0},{"not_picked":["Replay:Battleflow","Evaluate"],"picked":"FlurryOfBlows","floor":25.0},{"not_picked":["Crescendo","ConjureBlade"],"picked":"Protect","floor":28.0},{"not_picked":["Indignation","Prostrate","SashWhip"],"picked":"SKIP","floor":30.0},{"not_picked":["MasterReality","Devotion"],"picked":"Omniscience","floor":33.0},{"not_picked":["Panic Button","Wireheading","Beam Cell"],"picked":"Replay:Vibes","floor":35.0},{"not_picked":["Scrawl","JustLucky+1","Stack"],"picked":"Cold Snap+1","floor":39.0},{"not_picked":["Study+1","Redo+1","BasicCrystalCard+1"],"picked":"ReplayTheSpireMod:Omega Cannon","floor":40.0},{"not_picked":["CarveReality","WindmillStrike+1","PathToVictory"],"picked":"FlurryOfBlows+1","floor":44.0},{"not_picked":["FlurryOfBlows+1","EmptyBody+1","Panic Button+1","Heatsinks"],"picked":"SKIP","floor":46.0},{"not_picked":["Go for the Eyes+1","FlurryOfBlows+1","Barrage+1"],"picked":"ReplayRNGCard","floor":47.0},{"not_picked":["Blasphemy","Barrage","Coolheaded+1","Wireheading+1"],"picked":"SKIP","floor":48.0},{"not_picked":["Rainbow","Establishment","Judgement"],"picked":"Omniscience","floor":50.0},{"not_picked":["Barrage","Go for the Eyes","CutThroughFate","hubris:Prefetch"],"picked":"SKIP","floor":52.0},{"not_picked":["ClearTheMind","Consecrate","SandsOfTime","Steam"],"picked":"SKIP","floor":54.0},{"not_picked":["aspiration:Polymerization","Hologram","Stack","Storm"],"picked":"SKIP","floor":55.0},{"not_picked":["Guardian:FuturePlans","bronze:OilSpill","Poisoned Stab","Headbutt"],"picked":"SKIP","floor":57.0},{"not_picked":["aspiration:Polymerization","Run Through","champ:PerfectedStrike","Slimebound:GoopSpray"],"picked":"SKIP","floor":59.0},{"not_picked":["champ:AdrenalArmor","bronze:Invalidate","champ:SteelEdge"],"picked":"Panacea","floor":62.0},{"not_picked":["Slimebound:LivingWall","Melter","Guardian:RevengeProtocol","ReplayTheSpireMod:Strike From Hell"],"picked":"SKIP","floor":65.0}],"player_experience":1337835,"relics_obtained":[{"floor":6.0,"key":"aspiration:DSix"},{"floor":9.0,"key":"DemoMod:PartiallyEatenCheese"},{"floor":11.0,"key":"PunchingBag"},{"floor":13.0,"key":"hubris:TenFootPole"},{"floor":23.0,"key":"hubris:PeanutButter"},{"floor":26.0,"key":"aspiration:FetidBarrel"},{"floor":28.0,"key":"Lizard Tail"},{"floor":30.0,"key":"Simple Rune"},{"floor":40.0,"key":"ReplayTheSpireMod:Lightbulb"},{"floor":42.0,"key":"hubris:SphereOfDissonance"},{"floor":43.0,"key":"hubris:Metronome"},{"floor":44.0,"key":"Replay:Bandana"},{"floor":57.0,"key":"Damaru"},{"floor":60.0,"key":"Golden Egg"},{"floor":62.0,"key":"Akabeko"},{"floor":65.0,"key":"Blood Vial"}],"event_choices":[{"damage_healed":0.0,"max_hp_gain":5.0,"max_hp_loss":0.0,"gold_gain":0.0,"event_name":"Big Fish","player_choice":"Donut","floor":10.0,"gold_loss":0.0,"damage_taken":0.0},{"damage_healed":0.0,"max_hp_gain":0.0,"max_hp_loss":0.0,"gold_gain":0.0,"event_name":"Upgrade Shrine","player_choice":"Upgraded","floor":38.0,"gold_loss":0.0,"damage_taken":0.0,"cards_upgraded":["Scrawl"]},{"cards_removed":["Defend_P"],"damage_healed":0.0,"max_hp_gain":0.0,"max_hp_loss":0.0,"gold_gain":0.0,"event_name":"Purifier","player_choice":"Purged","floor":53.0,"gold_loss":0.0,"damage_taken":0.0}],"is_beta":false,"boss_relics":[{"not_picked":["Calling Bell","conspire:SlowCooker","Busted Crown"]},{"not_picked":["Cursed Key","Astrolabe"],"picked":"aspiration:DefectSkillbook"},{"not_picked":[]},{"not_picked":["infinitespire:Cupcake","Philosopher\u0027s Stone"],"picked":"Runic Pyramid"},{"not_picked":[]}],"items_purged_floors":[45,56,63],"is_endless":true,"potions_floor_spawned":[1,5,6,13,20,21,28,30,35,44,50,54,55,59],"killed_by":"Delirium","ascension_level":4}}