{"host":"130ffvgv8p5oaa45","time":1613314690,"event":{"mods":["BaseMod","Bestiary","Block Reminder","Colored Powertips","Minty Spire (QoL Compilation)","Relic Stats","Slay-I","Weighted Paths"],"gold_per_floor":[211,222,237,247,66,98,98,133,183,209,224,224,224,242,242,340,340,358,376,376,36,48,74,74,93,120,150,150,150],"floor_reached":28,"language":"DEU","playtime":2811,"items_purged":["Strike_G"],"score":364,"play_id":"d220c19b-8a13-4eb2-a149-1c8af9436fe1","local_time":"20210214155810","is_ascension_mode":true,"campfire_choices":[{"data":"Survivor","floor":7.0,"key":"SMITH"},{"floor":12.0,"key":"REST"},{"data":"Neutralize","floor":15.0,"key":"SMITH"}],"circlet_count":0,"master_deck":["Strike_G","Strike_G","Strike_G","Defend_G","Defend_G","Defend_G","Defend_G","Defend_G","Survivor+1","Neutralize+1","Backstab","Bouncing Flask","Deadly Poison","Well Laid Plans","Bane","Deflect","PanicButton","Venomology","Backflip","Skewer","Adrenaline","PiercingWail","Deflect","Noxious Fumes","Poisoned Stab","Footwork","Terror+1"],"relics":["Ring of the Snake","Boot","The Courier","Akabeko","Blood Vial","SacredBark","Strange Spoon","Bag of Preparation","Bottled Lightning"],"acts_visited":["Exordium","TheCity"],"potions_floor_usage":[19,22,23,23,27,27,28],"damage_taken":[{"damage":0.0,"enemies":"2 Louse","floor":1.0,"turns":3.0},{"damage":0.0,"enemies":"Cultist","floor":2.0,"turns":4.0},{"damage":0.0,"enemies":"Small Slimes","floor":3.0,"turns":3.0},{"damage":4.0,"enemies":"Looter","floor":4.0,"turns":3.0},{"damage":5.0,"enemies":"Gremlin Nob","floor":6.0,"turns":4.0},{"damage":37.0,"enemies":"3 Sentries","floor":8.0,"turns":14.0},{"damage":15.0,"enemies":"Lagavulin","floor":10.0,"turns":5.0},{"damage":0.0,"enemies":"Large Slime","floor":11.0,"turns":4.0},{"damage":0.0,"enemies":"2 Fungi Beasts","floor":14.0,"turns":2.0},{"damage":36.0,"enemies":"Slime Boss","floor":16.0,"turns":14.0},{"damage":26,"enemies":"3 Byrds","floor":18,"turns":7},{"damage":0,"enemies":"Chosen","floor":19,"turns":4},{"damage":0,"enemies":"Snake Plant","floor":22,"turns":4},{"damage":7,"enemies":"Book of Stabbing","floor":23,"turns":7},{"damage":0,"enemies":"Centurion and Healer","floor":25,"turns":9},{"damage":15,"enemies":"Slavers","floor":27,"turns":7},{"damage":18,"enemies":"Cultist and Chosen","floor":28,"turns":5}],"seed_played":"1736347858915855811","potions_obtained":[{"floor":1.0,"key":"DuplicationPotion"},{"floor":2.0,"key":"SteroidPotion"},{"floor":10.0,"key":"FairyPotion"},{"floor":16.0,"key":"Weak Potion"},{"floor":18,"key":"Swift Potion"}],"is_trial":false,"path_per_floor":["M","M","M","M","$","E","R","E","T","E","M","R","?","M","R","B",null,"M","M","?","$","M","E","$","M","T","E","M"],"character_chosen":"THE_SILENT","items_purchased":["Bane","Deflect","PanicButton","Noxious Fumes","Poisoned Stab","Footwork","Strange Spoon"],"campfire_rested":1,"item_purchase_floors":[5,5,5,21,21,21,21],"current_hp_per_floor":[63,63,63,59,59,54,54,17,17,2,4,25,25,27,27,21,58,34,36,30,30,32,27,27,29,29,16,0,0],"gold":150,"neow_bonus":"HUNDRED_GOLD","is_daily":false,"chose_seed":false,"campfire_upgraded":2,"win_rate":0.0,"timestamp":1613314690,"path_taken":["M","M","M","M","$","E","R","E","T","E","M","R","?","M","R","BOSS","M","?","?","$","M","E","$","M","T","E","M"],"items_purchased_type":["Card","Card","Card","Card","Card","Card","Relic"],"build_version":"2020-12-22","purchased_purges":1,"victory":false,"max_hp_per_floor":[70,70,70,70,70,70,70,70,70,70,70,70,70,70,70,70,70,70,70,70,70,70,70,70,70,70,70,70,70],"relic_stats":{"Blood Vial":20,"Strange Spoon":[11],"counters":[17,99],"Bag of Preparation":[6],"Boot":[38],"obtain_stats":[{"Blood Vial":10,"Strange Spoon":21,"SacredBark":17,"The Courier":8,"Bag of Preparation":23,"Bottled Lightning":27,"Boot":6,"Akabeko":9,"Ring of the Snake":0},{"Blood Vial":7,"Strange Spoon":12,"SacredBark":10,"The Courier":6,"Bag of Preparation":14,"Bottled Lightning":16,"Boot":5,"Akabeko":6,"Ring of the Snake":0},{"Blood Vial":36,"Strange Spoon":67,"SacredBark":56,"The Courier":31,"Bag of Preparation":78,"Bottled Lightning":94,"Boot":17,"Akabeko":31,"Ring of the Snake":0}],"Ring of the Snake":[34]},"card_choices":[{"not_picked":["Prepared","Backflip"],"picked":"Backstab","floor":1.0},{"not_picked":["Dagger Spray","Outmaneuver"],"picked":"Bouncing Flask","floor":2.0},{"not_picked":["Calculated Gamble","Slice"],"picked":"Deadly Poison","floor":3.0},{"not_picked":["Reflex","Tactician"],"picked":"Well Laid Plans","floor":4.0},{"not_picked":["Phantasmal Killer","Bane"],"picked":"Venomology","floor":6.0},{"not_picked":["Outmaneuver","Heel Hook"],"picked":"Backflip","floor":8.0},{"not_picked":["Cloak And Dagger","Acrobatics","Flechettes"],"picked":"SKIP","floor":10.0},{"not_picked":["Underhanded Strike","Accuracy"],"picked":"Skewer","floor":11.0},{"not_picked":["Outmaneuver","Acrobatics","Deflect"],"picked":"SKIP","floor":14.0},{"not_picked":["Envenom","Doppelganger"],"picked":"Adrenaline","floor":16.0},{"not_picked":["Escape Plan","Caltrops"],"picked":"PiercingWail","floor":18},{"not_picked":["Riddle With Holes","Dagger Spray"],"picked":"Deflect","floor":19},{"not_picked":["Tools of the Trade","Cloak And Dagger","Dagger Throw"],"picked":"SKIP","floor":22},{"not_picked":["Deadly Poison","Bane","Flying Knee"],"picked":"SKIP","floor":23},{"not_picked":["Bane","Infinite Blades","Prepared"],"picked":"SKIP","floor":25},{"not_picked":["Crippling Poison","Deadly Poison"],"picked":"Terror+1","floor":27}],"player_experience":274714,"relics_obtained":[{"floor":6.0,"key":"Boot"},{"floor":8.0,"key":"The Courier"},{"floor":9.0,"key":"Akabeko"},{"floor":10.0,"key":"Blood Vial"},{"floor":23,"key":"Bag of Preparation"},{"floor":27,"key":"Bottled Lightning"}],"event_choices":[{"cards_removed":["Strike_G"],"damage_healed":0.0,"max_hp_gain":0.0,"max_hp_loss":0.0,"gold_gain":0.0,"event_name":"Purifier","player_choice":"Purged","floor":13.0,"gold_loss":0.0,"damage_taken":0.0},{"damage_healed":0,"gold_gain":0,"player_choice":"","damage_taken":6,"max_hp_gain":0,"max_hp_loss":0,"event_name":"Knowing Skull","floor":20,"potions_obtained":[],"gold_loss":0,"cards_obtained":[]}],"is_beta":false,"boss_relics":[{"not_picked":["Calling Bell","Pandora\u0027s Box"],"picked":"SacredBark"}],"items_purged_floors":[21],"is_endless":false,"potions_floor_spawned":[1,2,10,16,18,25],"killed_by":"Cultist and Chosen","ascension_level":6}}