{"host":"k7udt7atmcuzf6l0","time":1613294012,"event":{"mods":["AchievementEnabler","Act Like it!","BaseMod","BetterRewards","Colored Map","Colored Powertips","Highlight Path","Minty Spire (QoL Compilation)","Quick Restart","Rare Cards Sparkle","StSLib","UnlockEverythingMod"],"gold_per_floor":[117,117,117,30,42,42,65,109,132,132,207,233,141,168,168,168,168],"floor_reached":16,"language":"ZHS","playtime":280,"items_purged":[],"score":100,"play_id":"2b6d005b-272a-4bdc-8ba1-5bf10ff4a350","local_time":"20210214171332","is_ascension_mode":false,"campfire_choices":[{"data":"Whirlwind","floor":6,"key":"SMITH"},{"data":"Uppercut","floor":10,"key":"SMITH"},{"data":"Body Slam","floor":15,"key":"SMITH"}],"circlet_count":0,"master_deck":["Strike_R","Strike_R","Strike_R","Strike_R","Strike_R","Defend_R","Defend_R","Defend_R","Defend_R","Bash","Second Wind","Whirlwind+1","Sword Boomerang","Uppercut+1","Spot Weakness","Power Through","Body Slam+1","Madness","Havoc"],"relics":["Burning Blood","Ginger","CeramicFish","Juzu Bracelet","Omamori"],"acts_visited":["Exordium"],"potions_floor_usage":[7,8,16],"damage_taken":[{"damage":5,"enemies":"Small Slimes","floor":1,"turns":3},{"damage":3,"enemies":"2 Louse","floor":5,"turns":2},{"damage":8,"enemies":"Jaw Worm","floor":7,"turns":4},{"damage":19,"enemies":"Gremlin Nob","floor":8,"turns":4},{"damage":16,"enemies":"Exordium Wildlife","floor":12,"turns":2},{"damage":10,"enemies":"Looter","floor":14,"turns":3},{"damage":24,"enemies":"The Guardian","floor":16,"turns":5}],"seed_played":"-4187219362171805241","potions_obtained":[{"floor":1,"key":"ColorlessPotion"},{"floor":7,"key":"Weak Potion"},{"floor":12,"key":"SpeedPotion"},{"floor":14,"key":"Weak Potion"}],"is_trial":false,"path_per_floor":["M","?","?","$","M","R","M","E","T","R","?","M","$","M","R","B"],"character_chosen":"IRONCLAD","items_purchased":["Whirlwind","Sword Boomerang","Body Slam","Madness"],"campfire_rested":0,"item_purchase_floors":[4,4,13,13],"current_hp_per_floor":[72,77,59,59,62,62,60,47,47,47,36,26,26,22,22,0,0],"gold":168,"neow_bonus":"ONE_RARE_RELIC","is_daily":false,"chose_seed":false,"campfire_upgraded":3,"win_rate":0.0,"timestamp":1613294012,"path_taken":["M","?","?","?","?","R","M","E","T","R","?","M","$","M","R","BOSS"],"items_purchased_type":["Card","Card","Card","Card"],"build_version":"2020-12-22","purchased_purges":0,"victory":false,"max_hp_per_floor":[72,77,77,77,77,77,77,77,77,77,77,77,77,77,77,77,77],"card_choices":[{"not_picked":["Battle Trance","Perfected Strike"],"picked":"Second Wind","floor":1},{"not_picked":["Searing Blow","Thunderclap","Twin Strike"],"picked":"SKIP","floor":5},{"not_picked":["Fire Breathing","Feel No Pain"],"picked":"Uppercut","floor":7},{"not_picked":["True Grit","Whirlwind"],"picked":"Spot Weakness","floor":8},{"not_picked":["Thunderclap","Body Slam"],"picked":"Power Through","floor":12},{"not_picked":["Wild Strike","Fire Breathing"],"picked":"Havoc","floor":14}],"player_experience":120671,"relics_obtained":[{"floor":8,"key":"Juzu Bracelet"},{"floor":9,"key":"Omamori"}],"event_choices":[{"damage_healed":0,"gold_gain":0,"player_choice":"Donut","damage_taken":0,"max_hp_gain":5,"max_hp_loss":0,"event_name":"Big Fish","floor":2,"gold_loss":0},{"damage_healed":0,"gold_gain":0,"player_choice":"Success","damage_taken":18,"relics_obtained":["CeramicFish"],"max_hp_gain":0,"max_hp_loss":0,"event_name":"Scrap Ooze","floor":3,"gold_loss":0},{"damage_healed":0,"gold_gain":75,"player_choice":"Gather Gold","damage_taken":11,"max_hp_gain":0,"max_hp_loss":0,"event_name":"World of Goop","floor":11,"gold_loss":0}],"is_beta":false,"boss_relics":[],"items_purged_floors":[],"is_endless":false,"potions_floor_spawned":[1,7,12,14],"killed_by":"The Guardian","ascension_level":0}}