{"host":"wk46m6kgjezp23jj","time":1613336784,"event":{"mods":["AchievementEnabler","BaseMod","Beaked The Cultist","Bestiary","Colored Map","Colored Powertips","Downfall","Hermit","Minty Spire (QoL Compilation)","Replay The Spire","StSLib","The Bladedancer","The Construct","The Cursed"],"gold_per_floor":[110,110,110,126,201,235,247,276,276,288,28,56,56,56,56,154,154,167,167,167,92,111,146,146,166,192,208,20,20,20,0,0,95,95,110,28,46,56,67,67,67,67,99,116,116,116,116,144,160,191,191,191],"floor_reached":53,"language":"ENG","playtime":4483,"items_purged":["Looming Evil"],"score":1106,"play_id":"4fd43683-3c01-49ce-ba6d-577721db7025","local_time":"20210214160624","is_ascension_mode":true,"campfire_choices":[{"floor":15,"key":"REST"},{"data":"1","floor":24,"key":"LIFT"},{"data":"2","floor":29,"key":"LIFT"},{"data":"3","floor":42,"key":"LIFT"}],"circlet_count":0,"master_deck":["Strike_G","Strike_G","Strike_G","Defend_G","Defend_G","Defend_G","Defend_G","Defend_G","Survivor","Neutralize","Blur","Crippling Poison","Crippling Poison","Deadly Poison","Burst+1","Infinite Blades+1","Atom Bomb+1","CurseOfTheBell","Sneak Up","Hidden Blade","Dodge and Roll","Necronomicurse","Dodge and Roll","Poisoned Stab","Backflip","Footwork+1","Pot Of Greed","Pot Of Greed","Pot Of Greed","Sneak Up+1","Apotheosis+1","After Image+1","Bane+1","Terror+1","Choke+1","Noxious Fumes+1","Flechettes","Calculated Gamble","Pot Of Greed","Calculated Gamble+1","Noxious Fumes+1","Panacea","Metamorphosis+1","Replay:BasicMightCard"],"relics":["NeowsBlessing","Ring of Panic","ReplayTheSpireMod:Ring of Addiction","Toy Ornithopter","Chameleon Ring","Matryoshka","Paper Crane","Torii","Blood Vial","Golden Egg","HandDrill","PreservedInsect","Sizzling Blood","Calling Bell","Nunchaku","Eternal Feather","Girya","Necronomicon","Pen Nib","Ancient Tea Set","Grinning Jar","Snecko Eye","Meat on the Bone","Smiling Mask","Replay:Rubber Ducky","Replay:Wax Seal","Byrd Skull"],"acts_visited":["Exordium","TheCity","TheBeyond"],"potions_floor_usage":[7,10,16,18,27,33,33,43,49,52],"damage_taken":[{"damage":0,"enemies":"Small Slimes","floor":1,"turns":1},{"damage":0,"enemies":"Jaw Worm","floor":4,"turns":1},{"damage":0,"enemies":"Gremlin Nob","floor":6,"turns":1},{"damage":0,"enemies":"2 Louse","floor":7,"turns":1},{"damage":16,"enemies":"Replay:BlueRogue","floor":8,"turns":7},{"damage":2,"enemies":"Exordium Wildlife","floor":10,"turns":4},{"damage":0,"enemies":"3 Sentries","floor":12,"turns":6},{"damage":11,"enemies":"Fading Forest","floor":16,"turns":11},{"damage":8,"enemies":"Shell Parasite","floor":18,"turns":8},{"damage":0,"enemies":"2 Thieves","floor":21,"turns":5},{"damage":9,"enemies":"Sentry and Sphere","floor":22,"turns":4},{"damage":0,"enemies":"Gremlin Leader","floor":23,"turns":1},{"damage":2,"enemies":"Snake Plant","floor":25,"turns":3},{"damage":0,"enemies":"Centurion and Healer","floor":27,"turns":4},{"damage":53,"enemies":"Pondfish","floor":33,"turns":6},{"damage":0,"enemies":"3 Shapes","floor":35,"turns":2},{"damage":5,"enemies":"3 Darklings","floor":37,"turns":4},{"damage":0,"enemies":"Transient","floor":38,"turns":5},{"damage":0,"enemies":"Writhing Mass","floor":39,"turns":5},{"damage":0,"enemies":"Giant Head","floor":43,"turns":4},{"damage":1,"enemies":"Maw","floor":44,"turns":6},{"damage":0,"enemies":"Reptomancer","floor":48,"turns":2},{"damage":0,"enemies":"3 Darklings","floor":49,"turns":4},{"damage":0,"enemies":"beaked:SuperParasite","floor":50,"turns":3},{"damage":0,"enemies":"Donu and Deca","floor":52,"turns":5}],"seed_played":"7733532589057249068","potions_obtained":[{"floor":2,"key":"ColorlessPotion"},{"floor":2,"key":"BlessingOfTheForge"},{"floor":2,"key":"sneckomod:MuddlingPotion"},{"floor":8,"key":"AttackPotion"},{"floor":12,"key":"Block Potion"},{"floor":22,"key":"Milkshake"},{"floor":27,"key":"Weak Potion"},{"floor":33,"key":"SteroidPotion"},{"floor":35,"key":"Poison Potion"},{"floor":39,"key":"EntropicBrew"},{"floor":47,"key":"GhostInAJar"},{"floor":49,"key":"Venom Potion"}],"is_trial":false,"path_per_floor":["M","?","?","M","?","E","M","E","T","M","$","E","?","?","R","B",null,"M","?","?","M","M","E","R","M","T","M","$","R","$","?","R_BF","B",null,"M","?","M","M","M","PTL","PTL","R","E","M","T","?","R","E","M","E","R_BF","B",null],"character_chosen":"THE_SILENT","items_purchased":["HandDrill","Infinite Blades","Apotheosis"],"campfire_rested":1,"item_purchase_floors":[11,11,28],"current_hp_per_floor":[70,70,58,58,47,47,52,36,36,41,41,43,47,47,68,63,70,66,66,50,56,53,59,68,66,66,66,66,66,66,64,64,25,64,64,64,61,62,62,60,60,60,58,58,58,58,56,56,56,56,46,56],"gold":191,"neow_bonus":"THREE_ENEMY_KILL","is_daily":false,"chose_seed":false,"campfire_upgraded":0,"win_rate":0.0,"timestamp":1613336784,"path_taken":["M","?","?","M","?","E","M","E","T","M","$","E","?","?","R","BOSS","M","?","?","M","M","E","R","?","T","M","?","R","$","?","R_BF","BOSS","M","?","M","?","M","PTL","PTL","R","E","M","T","?","R","E","M","E","R_BF","BOSS"],"items_purchased_type":["Relic","Card","Card"],"build_version":"2020-12-22","purchased_purges":1,"victory":true,"max_hp_per_floor":[70,70,70,70,70,68,68,68,68,68,68,68,72,70,70,70,70,70,70,70,70,68,68,68,66,66,66,66,66,66,64,64,64,64,64,64,62,62,62,60,60,60,58,58,58,58,56,56,56,56,56,56],"card_choices":[{"not_picked":["Bane","Slice"],"picked":"Quick Slash","floor":1},{"not_picked":["Poisoned Stab","Deflect"],"picked":"Blur","floor":4},{"not_picked":["Unload","PiercingWail"],"picked":"Crippling Poison","floor":6},{"not_picked":["Deadly Poison","Prepared"],"picked":"Crippling Poison","floor":7},{"not_picked":["Sucker Punch","Prepared"],"picked":"Deadly Poison","floor":8},{"not_picked":["Blade Dance","Draining Mist"],"picked":"Burst","floor":10},{"not_picked":["Endless Agony","ReplayTheSpireMod:Shiv Toss","Choke"],"picked":"SKIP","floor":12},{"not_picked":["Die Die Die","Replay:Bag of Tricks"],"picked":"Atom Bomb","floor":16},{"not_picked":["Backstab","Dagger Throw"],"picked":"Sneak Up","floor":18},{"not_picked":["Draining Mist","Expertise"],"picked":"Dodge and Roll","floor":21},{"not_picked":["Deadly Poison","Backflip"],"picked":"Poisoned Stab","floor":22},{"not_picked":["Sucker Punch","Flying Knee"],"picked":"Backflip","floor":23},{"not_picked":["Dagger Spray+1","Bouncing Flask+1"],"picked":"Footwork+1","floor":25},{"not_picked":["Underhanded Strike+1","Blur"],"picked":"Sneak Up+1","floor":27},{"not_picked":["Phantasmal Killer","Tools of the Trade"],"picked":"After Image","floor":33},{"not_picked":["Dagger Spray+1","Expertise"],"picked":"Bane+1","floor":35},{"not_picked":["Sucker Punch","Deadly Poison","Bane"],"picked":"SKIP","floor":37},{"not_picked":["Dagger Spray","Acrobatics"],"picked":"Terror+1","floor":38},{"not_picked":["Calculated Gamble","Dagger Throw"],"picked":"Choke+1","floor":39},{"not_picked":["Terror+1","Reflex+1"],"picked":"Noxious Fumes+1","floor":43},{"not_picked":["Masterful Stab","ReplayTheSpireMod:Exploit Weakness"],"picked":"Flechettes","floor":44},{"not_picked":["Outmaneuver+1","ReplayTheSpireMod:Scrap Shanks"],"picked":"Calculated Gamble","floor":48},{"not_picked":["Hidden Blade+1","Masterful Stab+1"],"picked":"Calculated Gamble+1","floor":49},{"not_picked":["Riddle With Holes+1","Sucker Punch+1"],"picked":"Noxious Fumes+1","floor":50},{"not_picked":["Master of Strategy","Transmutation"],"picked":"Panacea","floor":51},{"not_picked":["Survey Options","Crow Ritual"],"picked":"Metamorphosis","floor":51},{"not_picked":["ReplayTheSpireMod:Trickstab","Mayhem"],"picked":"Replay:BasicMightCard","floor":51}],"player_experience":29436,"relics_obtained":[{"floor":2,"key":"Ring of Panic"},{"floor":2,"key":"ReplayTheSpireMod:Ring of Addiction"},{"floor":2,"key":"Toy Ornithopter"},{"floor":2,"key":"Chameleon Ring"},{"floor":6,"key":"Paper Crane"},{"floor":8,"key":"Torii"},{"floor":9,"key":"Blood Vial"},{"floor":9,"key":"Golden Egg"},{"floor":12,"key":"PreservedInsect"},{"floor":17,"key":"Nunchaku"},{"floor":17,"key":"Eternal Feather"},{"floor":17,"key":"Girya"},{"floor":20,"key":"Necronomicon"},{"floor":23,"key":"Pen Nib"},{"floor":26,"key":"Ancient Tea Set"},{"floor":26,"key":"Grinning Jar"},{"floor":43,"key":"Smiling Mask"},{"floor":45,"key":"Replay:Rubber Ducky"},{"floor":48,"key":"Replay:Wax Seal"},{"floor":50,"key":"Byrd Skull"}],"event_choices":[{"damage_healed":0,"gold_gain":0,"player_choice":"Success","damage_taken":12,"relics_obtained":["Matryoshka"],"max_hp_gain":0,"max_hp_loss":0,"event_name":"Scrap Ooze","floor":3,"gold_loss":0},{"damage_healed":0,"gold_gain":75,"player_choice":"Gather Gold","damage_taken":11,"max_hp_gain":0,"max_hp_loss":0,"event_name":"World of Goop","floor":5,"gold_loss":0},{"damage_healed":0,"gold_gain":0,"player_choice":"Ignored","damage_taken":0,"max_hp_gain":0,"max_hp_loss":0,"event_name":"Shining Light","floor":14,"gold_loss":0},{"damage_healed":0,"gold_gain":0,"cards_transformed":["Strike_G","Strike_G"],"player_choice":"Became Test Subject","damage_taken":0,"max_hp_gain":0,"max_hp_loss":0,"event_name":"Drug Dealer","floor":19,"gold_loss":0,"cards_obtained":["Hidden Blade","Dodge and Roll"]},{"damage_healed":0,"gold_gain":0,"player_choice":"Obtained Book","damage_taken":16,"max_hp_gain":0,"max_hp_loss":0,"event_name":"Cursed Tome","floor":20,"gold_loss":0},{"damage_healed":0,"gold_gain":0,"player_choice":"Paid Fearfully","damage_taken":0,"max_hp_gain":0,"max_hp_loss":0,"event_name":"Masked Bandits","floor":31,"gold_loss":20},{"damage_healed":0,"gold_gain":0,"player_choice":"Ignored","damage_taken":0,"max_hp_gain":0,"max_hp_loss":0,"event_name":"Ghosts","floor":32,"gold_loss":0},{"damage_healed":0,"gold_gain":0,"player_choice":"Paid Gold","damage_taken":0,"relics_obtained":["Meat on the Bone"],"max_hp_gain":0,"max_hp_loss":0,"event_name":"WeMeetAgain","floor":36,"gold_loss":82},{"cards_removed":["Quick Slash"],"damage_healed":0,"gold_gain":0,"player_choice":"Removed Attack","damage_taken":0,"max_hp_gain":0,"max_hp_loss":0,"event_name":"Falling","floor":46,"gold_loss":0},{"damage_healed":0,"gold_gain":0,"player_choice":"Memory 3","damage_taken":10,"max_hp_gain":0,"max_hp_loss":0,"event_name":"SensoryStone","floor":51,"gold_loss":0}],"is_beta":false,"boss_relics":[{"not_picked":["Coffee Dripper","HoveringKite"],"picked":"Calling Bell"},{"not_picked":["Busted Crown","Sozu"],"picked":"Snecko Eye"}],"items_purged_floors":[11],"is_endless":false,"potions_floor_spawned":[6,8,12,22,27,33,35,39,49],"ascension_level":1}}