{"host":"ix07nhfx4o3nf6kx","time":1613301256,"event":{"mods":["BaseMod","Hermit","Minty Spire (QoL Compilation)","StSLib","The Bug Knight","The Cursed","The Dragon Tamer","The Hierophant","The Jungle","The Runesmith"],"gold_per_floor":[116,128,187,4,23,23,23,38,38,38,52,52,52,70,70,191,191,206,222,266,266,172,190,228,78,78,92,92,92],"floor_reached":28,"language":"KOR","playtime":4227,"items_purged":[],"score":255,"play_id":"ce7188e5-f878-485a-be30-d64d21547cb2","local_time":"20210214201416","is_ascension_mode":false,"campfire_choices":[{"data":"HollowMod:HuntersJournal","floor":6.0,"key":"SMITH"},{"data":"HollowMod:DesolateDive","floor":10.0,"key":"SMITH"},{"data":"HollowMod:HowlingWraiths","floor":15.0,"key":"SMITH"}],"circlet_count":0,"master_deck":["HollowMod:NailStrikeStart","HollowMod:NailStrikeStart","HollowMod:NailStrikeStart","HollowMod:QuickDashStart","HollowMod:QuickDashStart","HollowMod:QuickDashStart","HollowMod:QuickDashStart","HollowMod:FocusHealStart","HollowMod:PogoStrike","HollowMod:HuntersJournal+1","HollowMod:HowlingWraiths+1","HollowMod:LifebloodCocoon","HollowMod:DoubleDash","HollowMod:MantisMark","HollowMod:DesolateDive+1","HollowMod:PerfectDash","HollowMod:QuirrelsAssistance","HollowMod:SlysStrikes+1","HollowMod:BaldurShell+1","HollowMod:PerfectDash+1","Regret","HollowMod:LifebloodCore","Enlightenment","HollowMod:AwokenDreamNail","HollowMod:QuirrelsAssistance","HollowMod:HowlingWraiths"],"relics":["HollowMod:KingsSoulRelic","Gambling Chip","Bag of Marbles","Frozen Egg 2","Golden Idol","HollowMod:GreatKnightMask","Bird Faced Urn","HollowMod:PaleOreRelic","Unceasing Top"],"acts_visited":["Exordium","TheCity"],"potions_floor_usage":[28],"damage_taken":[{"damage":5.0,"enemies":"Jaw Worm","floor":1.0,"turns":4.0},{"damage":9.0,"enemies":"Small Slimes","floor":2.0,"turns":4.0},{"damage":0.0,"enemies":"2 Louse","floor":5.0,"turns":1.0},{"damage":0.0,"enemies":"2 Fungi Beasts","floor":8.0,"turns":3.0},{"damage":3.0,"enemies":"Blue Slaver","floor":11.0,"turns":4.0},{"damage":0.0,"enemies":"Large Slime","floor":14.0,"turns":3.0},{"damage":44.0,"enemies":"The Guardian","floor":16.0,"turns":14.0},{"damage":21.0,"enemies":"3 Byrds","floor":18.0,"turns":4.0},{"damage":8.0,"enemies":"Shell Parasite","floor":19.0,"turns":7.0},{"damage":0.0,"enemies":"HollowMod:Zote","floor":20.0,"turns":2.0},{"damage":35.0,"enemies":"Centurion and Healer","floor":23.0,"turns":8.0},{"damage":33.0,"enemies":"Slavers","floor":24.0,"turns":5.0},{"damage":14,"enemies":"Shelled Parasite and Fungi","floor":27,"turns":6},{"damage":5,"enemies":"Chosen and Byrds","floor":28,"turns":1}],"seed_played":"-1299635218118375378","potions_obtained":[{"floor":2.0,"key":"Ancient Potion"},{"floor":14.0,"key":"BlessingOfTheForge"},{"floor":18.0,"key":"Weak Potion"},{"floor":27,"key":"LiquidBronze"}],"is_trial":false,"path_per_floor":["M","M","?","$","M","R","?","M","T","R","M","$","?","M","R","B",null,"M","M","?","?","$","M","E","$","T","M","M"],"character_chosen":"THE_BUGKNIGHT","items_purchased":["Bag of Marbles","HollowMod:LifebloodCocoon","Enlightenment","HollowMod:PaleOreRelic"],"campfire_rested":0,"item_purchase_floors":[4,4,22,25],"current_hp_per_floor":[55,56,56,56,56,56,56,62,62,62,65,65,65,71,71,33,75,60,62,62,62,62,39,6,6,6,2,0,0],"gold":92,"neow_bonus":"ONE_RARE_RELIC","is_daily":false,"chose_seed":false,"campfire_upgraded":3,"win_rate":0.0,"timestamp":1613301256,"path_taken":["M","M","?","$","M","R","?","M","T","R","M","$","?","M","R","BOSS","M","M","?","?","$","M","E","$","T","M","M"],"items_purchased_type":["Relic","Card","Card","Relic"],"build_version":"2020-12-22","purchased_purges":0,"victory":false,"max_hp_per_floor":[75,75,75,75,75,75,75,75,75,75,75,75,75,75,75,75,75,75,75,75,75,75,75,75,75,75,75,75,75],"card_choices":[{"not_picked":["HollowMod:SoulStrike","HollowMod:HeavyBlow"],"picked":"HollowMod:HuntersJournal","floor":1.0},{"not_picked":["HollowMod:CloakDash","HollowMod:ShadowDash"],"picked":"HollowMod:HowlingWraiths","floor":2.0},{"not_picked":["HollowMod:SoulVessel","HollowMod:ShadowDash"],"picked":"HollowMod:DoubleDash","floor":5.0},{"not_picked":["HollowMod:SoulShaman","HollowMod:AbyssShriek"],"picked":"HollowMod:DesolateDive","floor":8.0},{"not_picked":["HollowMod:InfectedCysts","HollowMod:InfectedAttack"],"picked":"HollowMod:PerfectDash","floor":11.0},{"not_picked":["HollowMod:DoubleDash","HollowMod:AbyssShriek"],"picked":"HollowMod:QuirrelsAssistance","floor":14.0},{"not_picked":["HollowMod:ElderbugsWisdom+1","HollowMod:SoulMaster+1"],"picked":"HollowMod:SlysStrikes+1","floor":16.0},{"not_picked":["HollowMod:SharpenedNail","HollowMod:CycloneSlash+1"],"picked":"HollowMod:BaldurShell+1","floor":18.0},{"not_picked":["HollowMod:InfectedCysts","HollowMod:RecoilStrike"],"picked":"HollowMod:PerfectDash+1","floor":19.0},{"not_picked":["HollowMod:ShadowDash","HollowMod:NewLittleFool"],"picked":"HollowMod:GrimmsGift","floor":20.0},{"not_picked":["HollowMod:InfectedCysts","HollowMod:LifebloodCocoon"],"picked":"HollowMod:AwokenDreamNail","floor":23.0},{"not_picked":["HollowMod:ChannelNail","HollowMod:InfectedCysts+1"],"picked":"HollowMod:QuirrelsAssistance","floor":24.0},{"not_picked":["HollowMod:NewLittleFool","HollowMod:GoodIntentions"],"picked":"HollowMod:HowlingWraiths","floor":27}],"player_experience":301554,"relics_obtained":[{"floor":9.0,"key":"Frozen Egg 2"},{"floor":20.0,"key":"HollowMod:GreatKnightMask"},{"floor":24.0,"key":"Bird Faced Urn"},{"floor":26.0,"key":"Unceasing Top"}],"event_choices":[{"damage_healed":0.0,"max_hp_gain":0.0,"max_hp_loss":0.0,"gold_gain":59.0,"event_name":"Golden Wing","player_choice":"Gained Gold","floor":3.0,"gold_loss":0.0,"damage_taken":0.0},{"damage_healed":0.0,"max_hp_gain":0.0,"max_hp_loss":0.0,"gold_gain":0.0,"cards_transformed":["HollowMod:NailStrikeStart"],"event_name":"Living Wall","player_choice":"Change","floor":7.0,"gold_loss":0.0,"damage_taken":0.0,"cards_obtained":["HollowMod:MantisMark"]},{"damage_healed":0.0,"max_hp_gain":0.0,"max_hp_loss":0.0,"gold_gain":0.0,"event_name":"Golden Idol","player_choice":"Take Wound","floor":13.0,"gold_loss":0.0,"damage_taken":0.0,"relics_obtained":["Golden Idol"],"cards_obtained":["Injury"]},{"damage_healed":0.0,"max_hp_gain":0.0,"max_hp_loss":0.0,"gold_gain":0.0,"cards_transformed":["Injury","HollowMod:GrimmsGift"],"event_name":"Drug Dealer","player_choice":"Became Test Subject","floor":21.0,"gold_loss":0.0,"damage_taken":0.0,"cards_obtained":["Regret","HollowMod:LifebloodCore"]}],"is_beta":false,"boss_relics":[{"not_picked":["Black Star","Runic Pyramid"],"picked":"HollowMod:KingsSoulRelic"}],"items_purged_floors":[],"is_endless":false,"potions_floor_spawned":[2,14,18,27],"killed_by":"Chosen and Byrds","ascension_level":0}}