{"host":"phapnj0danpxvjlm","time":1613262375,"event":{"mods":["BaseMod","Better Note","Better Third Choice","BetterRewards","Bossed Relics","Colored Powertips","Downfall","Hermit","Minty Spire (QoL Compilation)","Permanent Neow","Quick Restart","Rare Cards Sparkle","Spire Arcade","StSLib","The Animator","The Necromancer","The Wild Card"],"gold_per_floor":[99,112,72,82,67,67,67,67,100,100,113,138,156,175,194,289,289,289,303,316,330,170,170,170,170],"floor_reached":23,"language":"ENG","playtime":1247,"items_purged":[],"score":228,"play_id":"53284251-aaa8-43c6-8b08-c20c5de52a66","local_time":"20210214012615","is_ascension_mode":false,"campfire_choices":[{"data":"hexamod:GhostflameInferno","floor":1.0,"key":"SMITH"},{"floor":18,"key":"RECALL"}],"circlet_count":0,"master_deck":["hexamod:Strike","hexamod:Strike","hexamod:Strike","hexamod:Strike","hexamod:Defend","hexamod:Defend","hexamod:Defend","hexamod:Defend","hexamod:Sear","hexamod:Float","hexamod:GhostflameInferno+1","hexamod:SpectersWail","hexamod:NecessarySacrifice","hexamod:SwordOfDarkness","hexamod:GhostflameInferno+1","hexamod:Firestarter","hexamod:ChargedBarrage+1","hexamod:FastForward+1","hexamod:ExtraCrispy","hexamod:BurningTouch+1","hexamod:SoulSteal+1","hexamod:VolcanoVisage","hexamod:Hexaguard+1","hexamod:Firestarter+1"],"relics":["hexamod:SpiritBrand","Toxic Egg 2","Potion Belt","Bronze Scales","hexamod:MatchstickCase"],"acts_visited":["Exordium","TheCity"],"potions_floor_usage":[22,23,23],"damage_taken":[{"damage":0.0,"enemies":"2 Louse","floor":2.0,"turns":3.0},{"damage":0.0,"enemies":"downfall:FleeingMerchant","floor":3.0,"turns":4.0},{"damage":0.0,"enemies":"Small Slimes","floor":4.0,"turns":2.0},{"damage":0.0,"enemies":"downfall:FleeingMerchant","floor":5.0,"turns":4.0},{"damage":28.0,"enemies":"Gremlin Nob","floor":9.0,"turns":4.0},{"damage":1.0,"enemies":"Cultist","floor":11.0,"turns":3.0},{"damage":26.0,"enemies":"Lagavulin","floor":12.0,"turns":6.0},{"damage":3.0,"enemies":"Red Slaver","floor":13.0,"turns":2.0},{"damage":9.0,"enemies":"Gremlin Gang","floor":14.0,"turns":2.0},{"damage":14.0,"enemies":"Blue Slaver","floor":15.0,"turns":3.0},{"damage":13.0,"enemies":"SI_SHIV_ARCHETYPE","floor":16.0,"turns":6.0},{"damage":0,"enemies":"Chosen","floor":19,"turns":3},{"damage":20,"enemies":"downfall:LooterAlt2","floor":20,"turns":3},{"damage":24,"enemies":"Centurion and Healer","floor":21,"turns":6},{"damage":3,"enemies":"downfall:FleeingMerchant","floor":22,"turns":4},{"damage":27,"enemies":"Shelled Parasite and Fungi","floor":23,"turns":4}],"seed_played":"8745757822420878061","potions_obtained":[{"floor":4.0,"key":"SpeedPotion"},{"floor":9.0,"key":"hexamod:InfernoChargePotion"},{"floor":11.0,"key":"EssenceOfSteel"},{"floor":13.0,"key":"Dexterity Potion"},{"floor":20,"key":"Dexterity Potion"},{"floor":21,"key":"AttackPotion"}],"is_trial":false,"path_per_floor":["R","M","$","M","$","?","T","?","E","?","M","E","M","M","M","B",null,"R","M","M","M","$","M"],"character_chosen":"THE_SPIRIT","items_purchased":["hexamod:SwordOfDarkness","hexamod:MatchstickCase"],"campfire_rested":0,"item_purchase_floors":[3,22],"current_hp_per_floor":[70,70,70,70,70,70,70,70,42,70,69,43,40,31,17,4,70,70,70,50,26,23,0,0,0],"gold":170,"neow_bonus":"ONE_RANDOM_RARE_CARD","is_daily":false,"chose_seed":false,"campfire_upgraded":1,"win_rate":0.0,"timestamp":1613262375,"path_taken":["R","M","$","M","$","?","T","?","E","?","M","E","M","M","M","BOSS","BOSS","R","M","M","?","$","M"],"items_purchased_type":["Card","Relic"],"build_version":"2020-12-22","purchased_purges":0,"victory":false,"max_hp_per_floor":[70,70,70,70,70,70,70,70,70,70,70,70,70,70,70,70,70,70,70,70,70,70,70,70,70],"card_choices":[{"not_picked":["hexamod:BacktrackSmack","hexamod:SkipABeat"],"picked":"hexamod:SpectersWail","floor":2.0},{"not_picked":["hexamod:InspiringFlames","hexamod:NightmareStrike"],"picked":"hexamod:NecessarySacrifice","floor":3.0},{"not_picked":["hexamod:Incineration","hexamod:HauntingEcho","hexamod:NightmareGuise"],"picked":"SKIP","floor":4.0},{"not_picked":["hexamod:GhostLash","hexamod:NightmareGuise"],"picked":"hexamod:GhostflameInferno","floor":5.0},{"not_picked":["hexamod:DynamicBlow","hexamod:SwordOfDarkness"],"picked":"hexamod:Firestarter","floor":9.0},{"not_picked":["hexamod:InspiringFlames+1","hexamod:SpectersWail"],"picked":"hexamod:ChargedBarrage+1","floor":11.0},{"not_picked":["hexamod:BacktrackSmack","hexamod:HauntingEcho"],"picked":"hexamod:FastForward+1","floor":12.0},{"not_picked":["hexamod:ShieldOfDarkness+1","hexamod:SecondSeal"],"picked":"hexamod:ExtraCrispy","floor":13.0},{"not_picked":["hexamod:FastForward+1","hexamod:EtherealExpedition+1"],"picked":"hexamod:BurningTouch+1","floor":14.0},{"not_picked":["hexamod:RecurringNightmare+1","hexamod:BurningTouch+1"],"picked":"hexamod:SoulSteal+1","floor":15.0},{"not_picked":["hexamod:GhostflameInferno+1","hexamod:TimeWarp"],"picked":"hexamod:VolcanoVisage","floor":16},{"not_picked":["hexamod:BurningTouch+1","hexamod:BacktrackSmack","hexamod:HauntingEcho"],"picked":"SKIP","floor":19},{"not_picked":["hexamod:Firestarter","hexamod:AdvancingGuard+1"],"picked":"hexamod:Hexaguard+1","floor":20},{"not_picked":["hexamod:ThermalTransfer","hexamod:HauntingEcho"],"picked":"hexamod:Firestarter+1","floor":21},{"not_picked":["hexamod:ThirdSeal","hexamod:HauntingEcho","hexamod:GhostLash"],"picked":"SKIP","floor":22}],"player_experience":551772,"relics_obtained":[{"floor":7.0,"key":"Toxic Egg 2"},{"floor":9.0,"key":"Potion Belt"},{"floor":12.0,"key":"Bronze Scales"}],"event_choices":[{"damage_healed":0.0,"max_hp_gain":0.0,"max_hp_loss":0.0,"gold_gain":0.0,"event_name":"Living Wall","player_choice":"Grow","floor":8.0,"gold_loss":0.0,"damage_taken":0.0,"cards_upgraded":["hexamod:GhostflameInferno"]},{"damage_healed":28.0,"max_hp_gain":0.0,"max_hp_loss":0.0,"gold_gain":0.0,"event_name":"Wheel of Change","player_choice":"Full Heal","floor":10.0,"gold_loss":0.0,"damage_taken":0.0}],"is_beta":false,"boss_relics":[{"not_picked":["Calling Bell","Velvet Choker","Runic Dome"]}],"items_purged_floors":[],"is_endless":false,"potions_floor_spawned":[4,9,11,13,20,21],"killed_by":"Shelled Parasite and Fungi","ascension_level":0}}