{"host":"tf5skwcwe0vlu2md","time":1613309984,"event":{"mods":["BaseMod","Downfall","Highlight Path","Minty Spire (QoL Compilation)","Quick Restart","StSLib","The Hierophant"],"gold_per_floor":[114,134,150,118,49,75,75,75,99,109,109,109,143,155,155,155,155],"floor_reached":16,"playtime":618,"items_purged":[],"score":121,"play_id":"07d2a9cb-4513-4656-8862-24bf01f77d1c","local_time":"20210215003944","is_ascension_mode":true,"campfire_choices":[{"floor":7,"key":"REST"},{"data":"Crippling Poison","floor":11,"key":"SMITH"},{"data":"Caltrops","floor":15,"key":"SMITH"}],"circlet_count":0,"master_deck":["Strike_G","Strike_G","Strike_G","Strike_G","Strike_G","Defend_G","Defend_G","Defend_G","Defend_G","Survivor","Neutralize","Riddle With Holes","Caltrops+1","Crippling Poison+1","Catalyst","Catalyst","Catalyst","Prepared","Quick Slash"],"relics":["Ring of the Snake","Bronze Scales","Omamori","MealTicket","Snake Skull"],"acts_visited":["Exordium"],"potions_floor_usage":[13,13,16],"damage_taken":[{"damage":1,"enemies":"Cultist","floor":1,"turns":3},{"damage":0,"enemies":"2 Louse","floor":2,"turns":2},{"damage":5,"enemies":"Jaw Worm","floor":3,"turns":4},{"damage":49,"enemies":"Gremlin Nob","floor":6,"turns":6},{"damage":8,"enemies":"3 Louse","floor":10,"turns":3},{"damage":20,"enemies":"3 Sentries","floor":13,"turns":8},{"damage":6,"enemies":"Exordium Wildlife","floor":14,"turns":4},{"damage":25,"enemies":"Slime Boss","floor":16,"turns":3}],"seed_played":"6768750475785801323","potions_obtained":[{"floor":1,"key":"LiquidBronze"},{"floor":3,"key":"FearPotion"},{"floor":10,"key":"hexamod:EctoCoolerPotion"}],"is_trial":false,"path_per_floor":["M","M","M","?","$","E","R","?","T","M","R","$","E","M","R","B"],"character_chosen":"THE_SILENT","items_purchased":["Catalyst"],"campfire_rested":1,"item_purchase_floors":[5],"current_hp_per_floor":[69,69,64,64,64,15,36,36,36,28,28,43,23,17,17,0,0],"gold":155,"neow_bonus":"RANDOM_COMMON_RELIC","is_daily":false,"chose_seed":false,"campfire_upgraded":2,"win_rate":0.0,"timestamp":1613309984,"path_taken":["M","M","M","?","$","E","R","?","T","?","R","$","E","M","R","BOSS"],"items_purchased_type":["Card"],"build_version":"2020-12-13","purchased_purges":0,"victory":false,"max_hp_per_floor":[70,70,70,70,70,70,70,70,70,70,70,70,70,70,70,70,70],"card_choices":[{"not_picked":["Distraction","Dodge and Roll"],"picked":"Riddle With Holes","floor":1},{"not_picked":["Blur","Footwork"],"picked":"Caltrops","floor":2},{"not_picked":["Calculated Gamble","Dash"],"picked":"Crippling Poison","floor":3},{"not_picked":["Acrobatics","Outmaneuver"],"picked":"Catalyst","floor":6},{"not_picked":["Dodge and Roll","Sucker Punch"],"picked":"Catalyst","floor":10},{"not_picked":["Riddle With Holes","Storm of Steel"],"picked":"Prepared","floor":13},{"not_picked":["Dagger Throw","Footwork"],"picked":"Quick Slash","floor":14}],"player_experience":242118,"relics_obtained":[{"floor":6,"key":"Omamori"},{"floor":9,"key":"MealTicket"},{"floor":13,"key":"Snake Skull"}],"event_choices":[{"damage_healed":0,"gold_gain":0,"player_choice":"Left Gold","damage_taken":0,"max_hp_gain":0,"max_hp_loss":0,"event_name":"World of Goop","floor":4,"gold_loss":32},{"cards_removed":["Defend_G"],"damage_healed":0,"gold_gain":0,"player_choice":"Purged","damage_taken":0,"max_hp_gain":0,"max_hp_loss":0,"event_name":"Purifier","floor":8,"gold_loss":0}],"is_beta":false,"boss_relics":[],"items_purged_floors":[],"is_endless":false,"potions_floor_spawned":[1,3,10],"killed_by":"Slime Boss","ascension_level":2}}