{"host":"jou5gy8et5i77wvo","time":1613270136,"event":{"mods":["AchievementEnabler","BaseMod","Colored Map","Colored Powertips","Downfall","Highlight Path","Minty Spire (QoL Compilation)","Quick Restart","StSLib"],"gold_per_floor":[110,123,123,123,41,41,53,53,107,182,194,206,233,233,233,336,336,351,361,210,210,210],"floor_reached":21,"language":"ENG","playtime":1154,"items_purged":[],"score":179,"play_id":"08720890-b7b0-4aaf-8e85-c3bf655bb032","local_time":"20210213183536","is_ascension_mode":false,"campfire_choices":[{"data":"Searing Blow","floor":6.0,"key":"SMITH"},{"data":"Searing Blow+1","floor":8.0,"key":"SMITH"},{"data":"Searing Blow+2","floor":15.0,"key":"SMITH"}],"circlet_count":0,"master_deck":["Strike_R","Strike_R","Strike_R","Strike_R","Defend_R","Defend_R","Defend_R","Defend_R","Bash","Body Slam","Searing Blow+3","Doom and Gloom","Whirlwind","Cleave","Anger","Perfected Strike","Parasite","Flex"],"relics":["Black Blood","Boot","Question Card","Anchor"],"acts_visited":[],"potions_floor_usage":[],"damage_taken":[{"damage":5.0,"enemies":"Cultist","floor":1.0,"turns":4.0},{"damage":0.0,"enemies":"2 Louse","floor":2.0,"turns":2.0},{"damage":11.0,"enemies":"Jaw Worm","floor":7.0,"turns":5.0},{"damage":0.0,"enemies":"3 Louse","floor":11.0,"turns":2.0},{"damage":13.0,"enemies":"Red Slaver","floor":12.0,"turns":3.0},{"damage":27.0,"enemies":"3 Sentries","floor":13.0,"turns":4.0},{"damage":66.0,"enemies":"Hexaghost","floor":16.0,"turns":9.0},{"damage":5.0,"enemies":"Chosen","floor":18.0,"turns":4.0},{"damage":44.0,"enemies":"Shell Parasite","floor":19.0,"turns":7.0},{"damage":59,"enemies":"3 Cultists","floor":21,"turns":5}],"seed_played":"734498988505088275","potions_obtained":[{"floor":7.0,"key":"Strength Potion"},{"floor":16.0,"key":"Ancient Potion"},{"floor":18.0,"key":"EssenceOfSteel"},{"floor":19.0,"key":"DistilledChaos"}],"is_trial":false,"path_per_floor":["M","M","$","?","$","R","M","R","T","?","M","M","E","?","R","B",null,"M","M","$","M"],"character_chosen":"IRONCLAD","items_purchased":["Whirlwind","Anchor"],"campfire_rested":0,"item_purchase_floors":[5,20],"current_hp_per_floor":[88,88,88,88,88,88,83,83,83,72,78,71,50,72,72,12,88,88,56,56,0,0],"gold":210,"neow_bonus":"TEN_PERCENT_HP_BONUS","is_daily":false,"chose_seed":false,"campfire_upgraded":3,"win_rate":0.0,"timestamp":1613270136,"path_taken":["M","M","$","?","?","R","M","R","T","?","?","M","E","?","R","BOSS","M","M","$","M"],"items_purchased_type":["Card","Relic"],"build_version":"2020-12-22","purchased_purges":0,"victory":false,"max_hp_per_floor":[88,88,88,88,88,88,88,88,88,88,88,88,88,88,88,88,88,88,88,88,88,88],"card_choices":[{"not_picked":["Reckless Charge","Fire Breathing"],"picked":"Body Slam","floor":1.0},{"not_picked":["Dropkick","True Grit"],"picked":"Searing Blow","floor":2.0},{"not_picked":["Dark Embrace","Warcry"],"picked":"Cleave","floor":7.0},{"not_picked":["Dark Embrace","Twin Strike"],"picked":"Anger","floor":11.0},{"not_picked":["Warcry","Offering"],"picked":"Perfected Strike","floor":12.0},{"not_picked":["Dual Wield","Twin Strike","Body Slam"],"picked":"SKIP","floor":13.0},{"not_picked":["True Grit","Armaments","Twin Strike","Pommel Strike"],"picked":"SKIP","floor":18.0},{"not_picked":["Anger","Body Slam","Thunderclap"],"picked":"Flex","floor":19.0}],"player_experience":48737,"relics_obtained":[{"floor":9.0,"key":"Boot"},{"floor":13.0,"key":"Question Card"}],"event_choices":[{"cards_removed":["Strike_R"],"damage_healed":0.0,"max_hp_gain":0.0,"max_hp_loss":0.0,"gold_gain":0.0,"event_name":"NoteForYourself","player_choice":"Took Card","floor":4.0,"gold_loss":0.0,"damage_taken":0.0,"cards_obtained":["Doom and Gloom"]},{"damage_healed":0.0,"max_hp_gain":0.0,"max_hp_loss":0.0,"gold_gain":75.0,"event_name":"World of Goop","player_choice":"Gather Gold","floor":10.0,"gold_loss":0.0,"damage_taken":11.0},{"damage_healed":22.0,"max_hp_gain":0.0,"max_hp_loss":0.0,"gold_gain":0.0,"event_name":"Mushrooms","player_choice":"Healed and dodged fight","floor":14.0,"gold_loss":0.0,"damage_taken":0.0,"cards_obtained":["Parasite"]}],"is_beta":false,"boss_relics":[{"not_picked":["Astrolabe","Runic Cube"],"picked":"Black Blood"}],"items_purged_floors":[],"is_endless":false,"potions_floor_spawned":[7,16,18,19],"killed_by":"3 Cultists","ascension_level":0}}