{"host":"2q4w55ev63ot6isg","time":1613288132,"event":{"mods":["Aspiration","BaseMod","Downfall","Hubris","Marisa????????","Minty Spire (QoL Compilation)","Replay The Spire","StSLib","The Cursed","The Jungle","The Servant 0.9.4"],"gold_per_floor":[99,118,118,132,132,132,132,132,142,156,172,172,26,57,76,177,177,277,277,292,312,312,312,362,387,387,367,387,420,420,420,481,481,481,481],"floor_reached":33,"language":"ENG","playtime":1232,"items_purged":[],"score":363,"play_id":"63721f1b-bc8e-48fe-b31e-1f16a4210849","local_time":"20210213233532","is_ascension_mode":true,"campfire_choices":[{"data":"bronze:Goto","floor":1,"key":"SMITH"},{"data":"bronze:Separator","floor":6,"key":"SMITH"},{"data":"bronze:Replicate","floor":8,"key":"SMITH"},{"floor":12,"key":"REST"},{"data":"bronze:ChildClass","floor":23,"key":"SMITH"},{"data":"bronze:Repair","floor":26,"key":"SMITH"}],"circlet_count":0,"master_deck":["bronze:Strike","bronze:Strike","bronze:Strike","bronze:Defend","bronze:Defend","bronze:Defend","bronze:Defend","bronze:Replicate+1","bronze:Goto+1","bronze:ForceShield","bronze:Separator+1","Injury","bronze:NullPointer+1","bronze:BronzeOrb+1","bronze:Mutator","bronze:ChildClass+1","expansioncontent:GuardianWhirl+1","bronze:DelayedGuard","bronze:NullPointer+1","bronze:Branch+1","bronze:ShipIt+1","bronze:Overheat+1","bronze:Overheat+1","bronze:Repair+1","bronze:Flail+1","bronze:Invalidate+1","Normality","RitualDagger+1"],"relics":["bronze:BronzeCore","sneckomod:BlankCard","Molten Egg 2","hubris:DeckOfHolding","Anchor","bronze:ElectromagneticCoil","hubris:Icosahedron","Toy Ornithopter","bronze:Mallet","Boot","Pear","ReplayTheSpireMod:Ring of Exchange","ReplayTheSpireMod:Ring of Challenge"],"acts_visited":["Exordium","TheCity"],"potions_floor_usage":[11,11,27,27,33,33],"damage_taken":[{"damage":0,"enemies":"Jaw Worm","floor":2,"turns":5},{"damage":0,"enemies":"2 Louse","floor":4,"turns":3},{"damage":0,"enemies":"Small Slimes","floor":9,"turns":2},{"damage":11,"enemies":"Exordium Thugs","floor":10,"turns":4},{"damage":23,"enemies":"Gremlin Gang","floor":11,"turns":7},{"damage":0,"enemies":"downfall:FleeingMerchant","floor":13,"turns":4},{"damage":5,"enemies":"Gremlin Nob","floor":14,"turns":3},{"damage":0,"enemies":"Red Slaver","floor":15,"turns":4},{"damage":1,"enemies":"SI_SHIV_ARCHETYPE","floor":16,"turns":6},{"damage":12,"enemies":"3 Byrds","floor":20,"turns":6},{"damage":7,"enemies":"Cultist and Chosen","floor":21,"turns":5},{"damage":1,"enemies":"Replay:Snechameleon","floor":25,"turns":5},{"damage":5,"enemies":"Gremlin Leader","floor":27,"turns":7},{"damage":0,"enemies":"Shelled Parasite and Fungi","floor":28,"turns":2},{"damage":0,"enemies":"Replay:Snechameleon","floor":29,"turns":4},{"damage":9,"enemies":"Snecko","floor":32,"turns":3},{"damage":108,"enemies":"IC_MUSHROOM_ARCHETYPE","floor":33,"turns":11}],"seed_played":"-4639721065510439083","potions_obtained":[{"floor":2,"key":"Adrenaline Potion"},{"floor":9,"key":"bronze:BurnAndBuffPotion"},{"floor":11,"key":"AttackPotion"},{"floor":25,"key":"ColorlessPotion"},{"floor":29,"key":"Explosive Potion"},{"floor":32,"key":"hexamod:SoulburnPotion"}],"is_trial":false,"path_per_floor":["R","M","?","M","?","R","T","R","M","M","M","R","$","E","M","B",null,"R","?","M","M","?","R","T","E","R","E","M","E","?","?","M","B"],"character_chosen":"THE_AUTOMATON","items_purchased":["expansioncontent:GuardianWhirl","bronze:DelayedGuard"],"campfire_rested":1,"item_purchase_floors":[13,13],"current_hp_per_floor":[70,70,70,70,70,70,70,70,70,59,36,57,57,52,52,51,70,70,70,58,51,51,51,51,50,50,55,55,65,65,59,62,0,0,0],"gold":481,"neow_bonus":"RANDOM_COMMON_RELIC","is_daily":false,"chose_seed":false,"campfire_upgraded":5,"win_rate":0.0,"timestamp":1613288132,"path_taken":["R","M","?","M","?","R","T","R","?","M","M","R","$","E","M","BOSS","R","?","M","M","?","R","T","E","R","E","M","E","?","?","M","BOSS"],"items_purchased_type":["Card","Card"],"build_version":"2020-12-22","purchased_purges":0,"victory":false,"max_hp_per_floor":[70,70,70,70,70,70,70,70,70,70,70,70,70,70,70,70,70,70,70,70,70,70,70,70,70,70,70,70,80,80,80,80,80,80,80],"card_choices":[{"not_picked":["bronze:Refactor","bronze:Overheat"],"picked":"bronze:ForceShield","floor":2},{"not_picked":["bronze:FineTuning","bronze:Philosophize"],"picked":"bronze:Separator","floor":4},{"not_picked":["bronze:MaxOutput","bronze:BugBarrage+1"],"picked":"bronze:NullPointer+1","floor":9},{"not_picked":["bronze:Overheat+1","bronze:Flail+1"],"picked":"bronze:BronzeOrb+1","floor":10},{"not_picked":["bronze:CloningBeam+1","bronze:Invalidate"],"picked":"bronze:Mutator","floor":11},{"not_picked":["bronze:Break+1","bronze:Shield"],"picked":"bronze:ChildClass","floor":13},{"not_picked":["bronze:Shell","bronze:BuggyMess"],"picked":"bronze:NullPointer+1","floor":14},{"not_picked":["bronze:FineTuning","bronze:Overload"],"picked":"bronze:Branch+1","floor":15},{"not_picked":["bronze:Break+1","bronze:HyperBeam+1"],"picked":"bronze:ShipIt+1","floor":16},{"not_picked":["bronze:ChildClass","bronze:Branch+1"],"picked":"bronze:Overheat+1","floor":20},{"not_picked":["bronze:ClassDefault","bronze:OilSpill+1"],"picked":"bronze:Overheat+1","floor":21},{"not_picked":["bronze:Constructor+1","bronze:ItsAFeature"],"picked":"bronze:Repair","floor":25},{"not_picked":["bronze:BugBarrage+1","bronze:Deprecate","bronze:CloningBeam+1"],"picked":"SKIP","floor":27},{"not_picked":["bronze:FollowUp+1","bronze:CutThrough+1"],"picked":"bronze:Flail+1","floor":28},{"not_picked":["bronze:WildBeam+1","bronze:Deprecate+1"],"picked":"bronze:Invalidate+1","floor":29},{"not_picked":["bronze:FindAndReplace","bronze:WildBeam+1","bronze:Turbo"],"picked":"SKIP","floor":32}],"player_experience":252112,"relics_obtained":[{"floor":7,"key":"hubris:DeckOfHolding"},{"floor":14,"key":"Anchor"},{"floor":24,"key":"Toy Ornithopter"},{"floor":25,"key":"bronze:Mallet"},{"floor":27,"key":"Boot"},{"floor":29,"key":"Pear"},{"floor":30,"key":"ReplayTheSpireMod:Ring of Exchange"},{"floor":30,"key":"ReplayTheSpireMod:Ring of Challenge"}],"event_choices":[],"is_beta":false,"boss_relics":[{"not_picked":["Honey Jar","Tiny House"],"picked":"bronze:ElectromagneticCoil"}],"items_purged_floors":[],"is_endless":false,"potions_floor_spawned":[2,9,11,25,29,32],"killed_by":"IC_MUSHROOM_ARCHETYPE","ascension_level":2}}