{"host":"67z713vnjolu4670","time":1613311371,"event":{"mods":["Act Like it!","Arknights","BaseMod","BetterRewards","Colored Map","Colored Powertips","Downfall","Gensokyo","Koishi","Minty Spire (QoL Compilation)","Quick Restart","Rare Cards Sparkle","Replay The Spire","StSLib","The Jungle","[IsaacMod]ÒÔÈö¼âËþ"],"gold_per_floor":[27,42,11,186,201,227,227,241,241,294,17,17,27,27,27,132,132,147,147,47,76,95,129,54,68,94,129,141,141,65,82,82,182,182,193,49,64,64,78,103,103,132,132,60,60,78,78,92,92,92],"floor_reached":51,"language":"ZHS","playtime":5249,"items_purged":["Doubt","ats:Strike S","Delirium"],"score":1045,"play_id":"48bde332-74ce-4a7b-82a0-62005e0b2e90","local_time":"20210214220251","is_ascension_mode":false,"campfire_choices":[{"floor":7,"key":"REST"},{"floor":15,"key":"REST"},{"data":"ats:Absolute Focus","floor":29,"key":"SMITH"},{"data":"ats:Emotion Absorption","floor":32,"key":"SMITH"},{"floor":41,"key":"REST"},{"floor":47,"key":"REST"},{"floor":49,"key":"REST"}],"circlet_count":0,"master_deck":["ats:Armor Crushing Shot","ats:Defend","ats:Defend","ats:Defend","ats:Defend","ats:Emotion Absorption+1","EpicFetus","ats:Support Order+1","ats:Closed Bolt Burst Fire","ats:Roar Of Ursus+1","ats:Ignite","ats:Very Hot Blade","ats:Shadow Assault+1","ats:Guard Mode","ats:Volcano","ats:Hammer On","ats:Defend Order","ats:Spore Proliferation","ats:Soul Absorption","ats:Hammer On+1","ats:Absolute Focus+1","ats:Ignite+1","ats:Assault Order+1","ats:Closed Bolt Burst Fire+1","ats:Assault Order","ats:Volcano","ats:Durian","ats:Healing Drone+1","Violence+1","Parasite","ats:Leaping Hammer+1","ats:Apocalypse+1","ats:Thorns","ats:Flame Of Heaven+1","ats:Fractured Body"],"relics":["ats:Sanity","HushsDoor","PillsDrop","ats:Originium","Pet Ghost","Ancient Tea Set","Pen Nib","Guide Book","MagicMushroom","Red Mask","Potion Belt","ReplayFunnel","Gremlin Food","ReplayTheSpireMod:CursedCoin","Fusion Hammer","ats:Defend","UnicornStump","TheBible","Replay:Accelerometer"],"acts_visited":["Exordium","TheCity","TheBeyond"],"potions_floor_usage":[6,8,16,16,33,33,33,33,33,33,33,33,33,33,39,48,50,50],"damage_taken":[{"damage":0.0,"enemies":"Cultist","floor":1.0,"turns":2.0},{"damage":15.0,"enemies":"Small Slimes","floor":2.0,"turns":2.0},{"damage":11.0,"enemies":"2 Louse","floor":5.0,"turns":4.0},{"damage":28,"enemies":"Lagavulin","floor":6,"turns":6},{"damage":2,"enemies":"2 Fungi Beasts","floor":8,"turns":3},{"damage":0,"enemies":"Lots of Slimes","floor":13,"turns":1},{"damage":43,"enemies":"Fading Forest","floor":16,"turns":11},{"damage":11,"enemies":"3 Byrds","floor":18,"turns":4},{"damage":13,"enemies":"Masked Bandits","floor":21,"turns":5},{"damage":0,"enemies":"Shell Parasite","floor":22,"turns":6},{"damage":9,"enemies":"Replay:Snechameleon","floor":23,"turns":6},{"damage":17,"enemies":"Sentry and Sphere","floor":25,"turns":7},{"damage":8,"enemies":"Gremlin Leader","floor":27,"turns":5},{"damage":13,"enemies":"Centurion and Healer","floor":28,"turns":8},{"damage":0,"enemies":"3 Cultists","floor":31,"turns":5},{"damage":0,"enemies":"Pondfish","floor":33,"turns":8},{"damage":10,"enemies":"3 Shapes","floor":35,"turns":3},{"damage":2,"enemies":"3 Darklings","floor":37,"turns":4},{"damage":20,"enemies":"Writhing Mass","floor":39,"turns":5},{"damage":35,"enemies":"Nemesis","floor":40,"turns":9},{"damage":0,"enemies":"Reptomancer","floor":42,"turns":5},{"damage":21,"enemies":"4 Shapes","floor":46,"turns":2},{"damage":22,"enemies":"Spire Growth","floor":48,"turns":5},{"damage":55,"enemies":"Donu and Deca","floor":50,"turns":9}],"seed_played":"-5177627806739919381","potions_obtained":[{"floor":2.0,"key":"Energy Potion"},{"floor":6,"key":"AttackPotion"},{"floor":13,"key":"Death Potion"},{"floor":16,"key":"ats:Burn Small Potion"},{"floor":23,"key":"ats:Emergency Sanity Potion"},{"floor":25,"key":"PowerPotion"},{"floor":31,"key":"ats:Top Emergency Sanity Potion"},{"floor":33,"key":"GamblersBrew"},{"floor":40,"key":"Fire Potion"},{"floor":42,"key":"Regen Potion"}],"is_trial":false,"path_per_floor":["M","M","?","?","M","E","R","M","T","T","$","?","M","?","R","B",null,"M","?","$","?","M","E","?","M","T","E","M","R","$","M","R","B",null,"M","$","M","?","M","E","R","E","T","$","?","M","R","M","R","B",null],"character_chosen":"DOCTOR_CLASS","items_purchased":["ats:Support Order","ats:Closed Bolt Burst Fire","Guide Book","Dexterity Potion","ats:Volcano","ReplayTheSpireMod:CursedCoin","EntropicBrew","ats:Durian","ats:Defend","bronze:BurnAndBuffPotion"],"campfire_rested":5,"item_purchase_floors":[0,0,11,11,17,30,30,34,36,44],"current_hp_per_floor":[64,49,49,49,38,10,30,28,28,28,28,28,28,28,48,27,70,62,62,62,50,51,43,43,27,27,20,11,11,11,12,12,25,67,57,57,56,56,37,11,31,46,46,46,46,26,46,39,59,31],"gold":92,"neow_bonus":"","is_daily":false,"chose_seed":false,"campfire_upgraded":2,"win_rate":0.0,"timestamp":1613311371,"path_taken":["M","?","?","?","?","E","R","M","T","?","$","?","M","?","R","BOSS","M","?","?","?","M","E","?","M","T","E","M","R","$","?","R","BOSS","M","$","M","?","M","E","R","E","T","?","?","?","R","M","R","BOSS"],"items_purchased_type":["Card","Card","Relic","Potion","Card","Relic","Potion","Card","Card","Potion"],"build_version":"2020-12-22","purchased_purges":3,"victory":true,"max_hp_per_floor":[72,72,72,72,67,67,67,67,67,67,67,67,67,67,67,67,70,73,73,73,73,73,73,73,73,73,68,71,71,71,71,71,71,67,67,67,67,67,67,67,67,67,67,67,67,67,67,67,67,67],"card_choices":[{"not_picked":[],"picked":"EpicFetus","floor":0.0},{"not_picked":["ats:Hammer On","ats:Assault Order"],"picked":"ats:Roar Of Ursus","floor":1.0},{"not_picked":["ats:Curse Doll","ats:Powerful Strike"],"picked":"ats:Ignite","floor":2.0},{"not_picked":["ats:Consecutive Shot Auto","ats:Thermite Blade"],"picked":"ats:Very Hot Blade","floor":5.0},{"not_picked":["ats:Hammer On","ats:Sunburst"],"picked":"ats:Shadow Assault","floor":6},{"not_picked":["ats:Absolute Focus","ats:Assault Order"],"picked":"ats:Guard Mode","floor":8},{"not_picked":["ats:Magnetic Hammer","ats:Closed Bolt Burst Fire","ats:Directed Diagnosis"],"picked":"SKIP","floor":13},{"not_picked":["ats:Mental Burst","ats:Explosion Area Strengthen"],"picked":"ats:Hammer On","floor":18},{"not_picked":["ats:Overload","ats:Guardian Obelisk"],"picked":"ats:Soul Absorption","floor":21},{"not_picked":["ats:Revitalization","ats:Phantom"],"picked":"ats:Hammer On+1","floor":22},{"not_picked":["ats:Spore Proliferation","ats:Ignite"],"picked":"ats:Absolute Focus","floor":23},{"not_picked":["ats:Automatic Cover","ats:Healing Strengthening"],"picked":"ats:Ignite+1","floor":25},{"not_picked":["ats:Song Of Battle","ats:Overload"],"picked":"ats:Assault Order","floor":27},{"not_picked":["ats:Blood Oath","ats:Powerful Strike+1"],"picked":"ats:Closed Bolt Burst Fire","floor":28},{"not_picked":["ats:Consecutive Shot Auto","ats:Very Hot Blade"],"picked":"ats:Assault Order","floor":31},{"not_picked":["ats:Echo Reverb","ats:Nebulous Foxfire"],"picked":"ats:Volcano","floor":33},{"not_picked":["ats:Blood Oath","ats:Assault Order"],"picked":"ats:Healing Drone+1","floor":35},{"not_picked":["ats:Poison Spread","ats:Ignite+1","ats:Healing Strengthening+1"],"picked":"SKIP","floor":37},{"not_picked":["Finesse","Flash of Steel"],"picked":"Violence","floor":38},{"not_picked":["ats:Serious Mode","ats:Powerful Strike"],"picked":"ats:Leaping Hammer+1","floor":39},{"not_picked":["ats:Song Of Battle","ats:Collapsing Strike"],"picked":"ats:Apocalypse+1","floor":40},{"not_picked":["ats:Consecutive Shot Auto","ats:Poison Spread"],"picked":"ats:Thorns","floor":42},{"not_picked":["ats:Part Time Job+1","ats:Explosion Area Strengthen+1"],"picked":"ats:Flame Of Heaven+1","floor":46},{"not_picked":["ats:Ignite+1","ats:Flexible Camouflage+1"],"picked":"ats:Fractured Body","floor":48}],"player_experience":21777,"relics_obtained":[{"floor":6,"key":"ats:Originium"},{"floor":6,"key":"Pet Ghost"},{"floor":9,"key":"Ancient Tea Set"},{"floor":10,"key":"Pen Nib"},{"floor":21,"key":"Red Mask"},{"floor":23,"key":"ats:Originium"},{"floor":23,"key":"Potion Belt"},{"floor":26,"key":"ReplayFunnel"},{"floor":27,"key":"ats:Originium"},{"floor":27,"key":"Gremlin Food"},{"floor":40,"key":"ats:Originium"},{"floor":40,"key":"UnicornStump"},{"floor":42,"key":"TheBible"},{"floor":43,"key":"Replay:Accelerometer"}],"event_choices":[{"damage_healed":0.0,"max_hp_gain":0.0,"max_hp_loss":0.0,"gold_gain":0.0,"event_name":"World of Goop","player_choice":"Left Gold","floor":3.0,"gold_loss":31.0,"damage_taken":0.0},{"damage_healed":0.0,"max_hp_gain":0.0,"max_hp_loss":0.0,"gold_gain":175.0,"event_name":"Liars Game","player_choice":"AGREE","floor":4.0,"gold_loss":0.0,"damage_taken":0.0,"cards_obtained":["Doubt"]},{"damage_healed":0,"gold_gain":0,"player_choice":"Grow","damage_taken":0,"max_hp_gain":0,"max_hp_loss":0,"event_name":"Living Wall","floor":14,"gold_loss":0,"cards_upgraded":["ats:Support Order"]},{"damage_healed":0,"gold_gain":0,"cards_transformed":["ats:Strike G","ats:Strike C"],"player_choice":"Became Test Subject","damage_taken":0,"max_hp_gain":0,"max_hp_loss":0,"event_name":"Drug Dealer","floor":19,"gold_loss":0,"cards_obtained":["ats:Defend Order","ats:Spore Proliferation"]},{"damage_healed":0,"gold_gain":0,"player_choice":"Fought Bandits","damage_taken":0,"max_hp_gain":0,"max_hp_loss":0,"event_name":"Masked Bandits","floor":21,"gold_loss":0},{"cards_removed":["ats:Strike V"],"damage_healed":0,"gold_gain":0,"player_choice":"Gave Gold","damage_taken":0,"max_hp_gain":0,"max_hp_loss":0,"event_name":"Beggar","floor":24,"gold_loss":75},{"damage_healed":0,"gold_gain":0,"player_choice":"Memory 1","damage_taken":0,"max_hp_gain":0,"max_hp_loss":0,"event_name":"SensoryStone","floor":38,"gold_loss":0}],"is_beta":false,"boss_relics":[{"not_picked":["Coffee Dripper","Replay:Grab Bag"],"picked":"MagicMushroom"},{"not_picked":[]},{"not_picked":["Calling Bell","ChewingGum"],"picked":"Fusion Hammer"},{"not_picked":[]}],"items_purged_floors":[11,20,30],"is_endless":false,"potions_floor_spawned":[2,6,13,16,23,25,31,33,40,42],"ascension_level":0}}