{"host":"40e4adzyl212zebh","time":1613299017,"event":{"mods":["BaseMod","Colored Map","Colored Powertips","Downfall","Minty Spire (QoL Compilation)","Quick Restart","StSLib"],"gold_per_floor":[99,99,274,290,290,27,27,47,47,105,5,5,5,60,100,222,222,222,238,257,295,308,308,308,335,204,223,223,243,286,338,366,475,475,375,650,673,673,673,296,296,324,224,290,313,344,344,396,434,434,434,493,68,68,68,68],"floor_reached":57,"language":"ENG","playtime":9029,"items_purged":["hexamod:Defend","hexamod:Defend","hexamod:Defend"],"score":1490,"play_id":"038ac2b3-9609-490a-a681-0ba417e01b8d","local_time":"20210214193657","is_ascension_mode":false,"campfire_choices":[{"floor":1,"key":"RECALL"},{"data":"HandOfGreed","floor":9,"key":"SMITH"},{"data":"hexamod:Float","floor":11,"key":"SMITH"},{"data":"hexamod:Again","floor":13,"key":"SMITH"},{"data":"hexamod:SearingWound","floor":18,"key":"SMITH"},{"data":"hexamod:VolcanoVisage","floor":23,"key":"SMITH"},{"data":"hexamod:VolcanoVisage","floor":35,"key":"SMITH"},{"data":"expansioncontent:QuickStudy","floor":43,"key":"SMITH"},{"data":"hexamod:GhostOfSpireFuture","floor":47,"key":"SMITH"},{"data":"expansioncontent:DashGenerateEvil","floor":54,"key":"SMITH"}],"circlet_count":0,"master_deck":["hexamod:Defend+1","hexamod:Sear","hexamod:Float+1","Doubt","hexamod:Hexaguard","hexamod:FastForward+1","HandOfGreed+1","hexamod:Hexaguard+1","hexamod:SwordOfDarkness+1","hexamod:Again+1","hexamod:PhantomFireball","Pain","hexamod:Haunt+1","hexamod:GhostOfSpireFuture+1","hexamod:SwordOfDarkness+1","hexamod:SearingWound+1","hexamod:VolcanoVisage+1","hexamod:ForkedFlame+1","hexamod:AdvancingGuard+1","hexamod:ExtraCrispy+1","hexamod:GhostLash+1","hexamod:GhostOfSpireFuture+1","hexamod:SoulSteal","hexamod:GhostShield+1","hexamod:GhostflameBarrier+1","hexamod:VolcanoVisage+1","hexamod:RetreatToShadows+1","hexamod:GhostShield+1","hexamod:BurningTouch+1","hexamod:GhostOfSpireFuture+1","hexamod:TimeOfNeed","Regret","hexamod:Incineration+1","expansioncontent:QuickStudy+1","expansioncontent:YouAreMine","hexamod:SixthSeal","expansioncontent:DashGenerateEvil+1"],"relics":["hexamod:SpiritBrand","Toy Ornithopter","downfall:ShatteredFragment","Membership Card","Du-Vu Doll","TungstenRod","downfall:HeartBlessingRed","Regal Pillow","SlaversCollar","Bottled Tornado","Letter Opener","ClockworkSouvenir","Sundial","Busted Crown","downfall:HeartBlessingGreen","Blue Candle","Mummified Hand","downfall:HeartBlessingBlue","Shuriken","hexamod:TheBrokenSeal","Kunai","Pear","Bottled Lightning","Lee\u0027s Waffle","Happy Flower","InkBottle"],"acts_visited":["Exordium","TheCity","TheBeyond","TheEnding"],"potions_floor_usage":[22,25,30,31,40,46,56,56,56],"damage_taken":[{"damage":0,"enemies":"2 Louse","floor":4,"turns":4},{"damage":0,"enemies":"downfall:FleeingMerchant","floor":6,"turns":4},{"damage":1,"enemies":"Jaw Worm","floor":8,"turns":2},{"damage":18,"enemies":"Gremlin Nob","floor":10,"turns":4},{"damage":7,"enemies":"Lagavulin","floor":14,"turns":6},{"damage":0,"enemies":"Cultist","floor":15,"turns":1},{"damage":12,"enemies":"DF_ARCHETYPE_STREAMLINE","floor":16,"turns":6},{"damage":0,"enemies":"Shell Parasite","floor":19,"turns":3},{"damage":4,"enemies":"Chosen","floor":20,"turns":3},{"damage":0,"enemies":"Centurion and Healer","floor":21,"turns":7},{"damage":0,"enemies":"Snake Plant","floor":22,"turns":3},{"damage":11,"enemies":"Book of Stabbing","floor":25,"turns":4},{"damage":0,"enemies":"downfall:FleeingMerchant","floor":26,"turns":4},{"damage":9,"enemies":"Shelled Parasite and Fungi","floor":27,"turns":4},{"damage":6,"enemies":"Snecko","floor":29,"turns":4},{"damage":9,"enemies":"Snake Plant","floor":30,"turns":3},{"damage":20,"enemies":"Gremlin Leader","floor":31,"turns":6},{"damage":9,"enemies":"Centurion and Healer","floor":32,"turns":6},{"damage":15,"enemies":"WA_ARCHETYPE_CALM","floor":33,"turns":7},{"damage":1,"enemies":"3 Darklings","floor":37,"turns":6},{"damage":15,"enemies":"downfall:FleeingMerchant","floor":40,"turns":4},{"damage":2,"enemies":"3 Shapes","floor":42,"turns":3},{"damage":6,"enemies":"Nemesis","floor":44,"turns":5},{"damage":0,"enemies":"3 Darklings","floor":45,"turns":8},{"damage":0,"enemies":"Reptomancer","floor":46,"turns":4},{"damage":0,"enemies":"Giant Head","floor":48,"turns":6},{"damage":0,"enemies":"Sphere and 2 Shapes","floor":49,"turns":5},{"damage":0,"enemies":"SI_POISON_ARCHETYPE","floor":50,"turns":9},{"damage":44,"enemies":"downfall:CharBossMerchant","floor":52,"turns":7},{"damage":11,"enemies":"downfall:NeowBoss","floor":55,"turns":12},{"damage":38,"enemies":"downfall:NeowBossFinal","floor":56,"turns":8}],"seed_played":"8898934061645962545","potions_obtained":[{"floor":4,"key":"Strength Potion"},{"floor":8,"key":"sneckomod:MuddlingPotion"},{"floor":14,"key":"BlessingOfTheForge"},{"floor":15,"key":"SteroidPotion"},{"floor":25,"key":"DuplicationPotion"},{"floor":27,"key":"Slimebound:ThreeZeroPotion"},{"floor":30,"key":"hexamod:EctoCoolerPotion"},{"floor":31,"key":"BlessingOfTheForge"},{"floor":33,"key":"DistilledChaos"},{"floor":40,"key":"SpeedPotion"},{"floor":44,"key":"Block Potion"},{"floor":48,"key":"Weak Potion"},{"floor":52,"key":"EntropicBrew"}],"is_trial":false,"path_per_floor":["R","?","?","M","?","$","T","M","R","E","R","?","R","E","M","B",null,"R","M","M","M","M","R","T","E","$","M","?","M","M","E","M","B",null,"R","?","M","?","?","$","T","M","R","E","M","E","R","E","M","B",null,"E","$","R","B","B",null],"character_chosen":"THE_SPIRIT","items_purchased":["Membership Card","HandOfGreed","ClockworkSouvenir","Mummified Hand","expansioncontent:QuickStudy","CultistPotion","expansioncontent:YouAreMine","Lee\u0027s Waffle","Happy Flower","InkBottle","expansioncontent:DashGenerateEvil"],"campfire_rested":0,"item_purchase_floors":[6,6,26,40,40,40,40,53,53,53,53],"current_hp_per_floor":[70,70,70,70,49,49,49,48,48,30,30,30,30,23,23,11,70,70,70,66,66,70,70,70,64,64,55,55,56,52,44,42,27,70,70,70,69,69,65,62,62,67,77,78,90,90,90,100,100,100,100,56,107,107,96,73],"gold":68,"neow_bonus":"RANDOM_COMMON_RELIC","is_daily":false,"chose_seed":false,"campfire_upgraded":9,"win_rate":0.0,"timestamp":1613299017,"path_taken":["R","?","?","M","?","$","T","M","R","E","R","?","R","E","M","BOSS","R","M","M","M","M","R","T","E","$","M","?","M","M","E","M","BOSS","R","?","?","?","?","?","T","?","R","E","M","E","R","E","M","BOSS","E","$","R","BOSS","BOSS"],"items_purchased_type":["Relic","Card","Relic","Relic","Card","Potion","Card","Relic","Relic","Relic","Card"],"build_version":"2020-12-22","purchased_purges":3,"victory":true,"max_hp_per_floor":[70,70,70,70,70,70,70,70,70,70,70,70,70,70,70,70,70,70,70,70,70,70,70,70,70,70,70,70,70,70,70,70,70,70,70,70,70,70,70,70,70,70,80,80,90,90,90,100,100,100,100,100,107,107,107,107],"card_choices":[{"not_picked":["hexamod:HeatCrush","hexamod:RecurringNightmare"],"picked":"hexamod:Hexaguard","floor":4},{"not_picked":["hexamod:HeatCrush","hexamod:StepThrough"],"picked":"hexamod:FastForward","floor":6},{"not_picked":["hexamod:ThermalTransfer","hexamod:BurningTouch"],"picked":"hexamod:ThirdSeal","floor":8},{"not_picked":["hexamod:GhostShield","hexamod:ShieldOfDarkness"],"picked":"hexamod:Hexaguard","floor":10},{"not_picked":["hexamod:ThermalTransfer","hexamod:HeatCrush"],"picked":"hexamod:SwordOfDarkness","floor":10},{"not_picked":["hexamod:RadiantFlame","hexamod:Again"],"picked":"hexamod:GhostOfSpireFuture","floor":14},{"not_picked":["hexamod:Rewind","hexamod:NightmareGuise"],"picked":"hexamod:SwordOfDarkness","floor":14},{"not_picked":["hexamod:RainOfEmbers","hexamod:HauntingEcho"],"picked":"hexamod:SearingWound","floor":15},{"not_picked":["hexamod:FifthSeal","hexamod:TimeOfNeed"],"picked":"hexamod:VolcanoVisage","floor":16},{"not_picked":["hexamod:UnlimitedPower","hexamod:GhostOfSpirePresent"],"picked":"hexamod:ForkedFlame","floor":16},{"not_picked":["hexamod:GhostLash","hexamod:HeatMetal"],"picked":"hexamod:AdvancingGuard+1","floor":19},{"not_picked":["hexamod:Firestarter","hexamod:ThirdSeal","hexamod:HeatCrush"],"picked":"SKIP","floor":20},{"not_picked":["hexamod:Firestarter","hexamod:SpectralAdrenaline","hexamod:Again"],"picked":"SKIP","floor":20},{"not_picked":["hexamod:ShieldOfDarkness","hexamod:Incineration"],"picked":"hexamod:ExtraCrispy+1","floor":21},{"not_picked":["hexamod:AdvancingGuard","hexamod:RainOfEmbers"],"picked":"hexamod:GhostLash+1","floor":21},{"not_picked":["hexamod:BacktrackSmack","hexamod:AdvancingGuard"],"picked":"hexamod:GhostOfSpireFuture","floor":22},{"not_picked":["hexamod:ForkedFlame","hexamod:HeatMetal+1"],"picked":"hexamod:SoulSteal","floor":25},{"not_picked":["hexamod:GhostShield","hexamod:StepThrough","hexamod:Incineration"],"picked":"SKIP","floor":25},{"not_picked":["hexamod:InspiringFlames","hexamod:GhostflameBarrier+1"],"picked":"hexamod:GhostShield+1","floor":26},{"not_picked":["hexamod:HeatMetal","hexamod:GhostLash"],"picked":"hexamod:GhostflameBarrier+1","floor":26},{"not_picked":["hexamod:InspiringFlames","hexamod:GhostLash"],"picked":"hexamod:VolcanoVisage","floor":27},{"not_picked":["hexamod:FastForward","hexamod:ExtraCrispy"],"picked":"hexamod:FirstSeal","floor":27},{"not_picked":["hexamod:GhostLash+1","hexamod:PhantomFireball"],"picked":"hexamod:GhostShield+1","floor":29},{"not_picked":["hexamod:ThermalTransfer+1","hexamod:BacktrackSmack"],"picked":"hexamod:BurningTouch+1","floor":30},{"not_picked":["hexamod:HeatShield+1","hexamod:GhostOfSpirePast+1"],"picked":"hexamod:SecondSeal","floor":31},{"not_picked":["hexamod:RainOfEmbers","hexamod:ShieldOfDarkness","hexamod:ThermalTransfer"],"picked":"SKIP","floor":31},{"not_picked":["hexamod:Hexaguard","hexamod:RainOfEmbers"],"picked":"hexamod:GhostOfSpireFuture+1","floor":32},{"not_picked":["hexamod:BacktrackSmack","hexamod:GhostLash+1","hexamod:StepThrough"],"picked":"SKIP","floor":32},{"not_picked":["hexamod:UnleashSpirits","hexamod:HexaLevel"],"picked":"hexamod:FifthSeal","floor":33},{"not_picked":["hexamod:TurnItUp","hexamod:ForkedFlame"],"picked":"hexamod:TimeOfNeed","floor":33},{"not_picked":["hexamod:FirstSeal","hexamod:SecondSeal"],"picked":"hexamod:SixthSeal","floor":37},{"not_picked":[],"picked":"hexamod:Incineration+1","floor":37},{"not_picked":["hexamod:DynamicBlow"],"picked":"SKIP","floor":37},{"not_picked":["hexamod:FirstSeal"],"picked":"SKIP","floor":40},{"not_picked":["hexamod:ThermalTransfer+1"],"picked":"SKIP","floor":42},{"not_picked":["hexamod:FourthSeal","hexamod:ThirdSeal"],"picked":"hexamod:SixthSeal","floor":44},{"not_picked":["hexamod:GhostShield"],"picked":"SKIP","floor":44},{"not_picked":["hexamod:GhostShield"],"picked":"SKIP","floor":45},{"not_picked":["hexamod:ThirdSeal"],"picked":"SKIP","floor":45},{"not_picked":["hexamod:ExtraCrispy+1"],"picked":"SKIP","floor":46},{"not_picked":["hexamod:HeatMetal"],"picked":"SKIP","floor":48},{"not_picked":["hexamod:ShieldOfDarkness"],"picked":"SKIP","floor":49},{"not_picked":["hexamod:ShieldOfDarkness"],"picked":"SKIP","floor":52}],"player_experience":627301,"relics_obtained":[{"floor":7,"key":"Du-Vu Doll"},{"floor":10,"key":"TungstenRod"},{"floor":14,"key":"Regal Pillow"},{"floor":24,"key":"Bottled Tornado"},{"floor":25,"key":"Letter Opener"},{"floor":31,"key":"Sundial"},{"floor":44,"key":"Shuriken"},{"floor":46,"key":"Kunai"},{"floor":48,"key":"Pear"},{"floor":52,"key":"Bottled Lightning"}],"event_choices":[{"damage_healed":0,"gold_gain":0,"player_choice":"Read","damage_taken":0,"max_hp_gain":0,"max_hp_loss":0,"event_name":"The Library","floor":28,"gold_loss":0,"cards_obtained":["hexamod:RetreatToShadows"]}],"is_beta":false,"boss_relics":[{"not_picked":["Sozu","Coffee Dripper"],"picked":"SlaversCollar"},{"not_picked":["Pandora\u0027s Box","Runic Dome"],"picked":"Busted Crown"}],"items_purged_floors":[26,40,53],"is_endless":false,"potions_floor_spawned":[4,8,14,15,20,25,27,30,31,33,42,48,52],"ascension_level":0}}