{"host":"ul3z8ex5o8l5j7mh","time":1613290471,"event":{"mods":["AchievementEnabler","BaseMod","Bestiary","Colored Map","Colored Powertips","DeckTracker","Keyboard Shortcuts","Minty Spire (QoL Compilation)","Relic Sorter","Relic Stats","SuperFastMode"],"gold_per_floor":[113,113,127,147,162,189,45,45,69,86,104,139,158,158,158,258,258,278,278,60,60,72,72,107,107,178,197,211,211,211,36,36,141,141,155,209,0,12,12,38,38,38,38,52,68,18,18,35,35,35],"floor_reached":51,"language":"ENG","playtime":2597,"items_purged":["Defend_R"],"score":888,"play_id":"73a78932-29b9-4ad2-a655-fd54034c0971","local_time":"20210214091431","is_ascension_mode":true,"campfire_choices":[{"data":"Headbutt","floor":8.0,"key":"SMITH"},{"data":"Clothesline","floor":15.0,"key":"SMITH"},{"data":"Armaments","floor":23.0,"key":"SMITH"},{"data":"Bite","floor":25.0,"key":"SMITH"},{"data":"Feed","floor":29.0,"key":"SMITH"},{"data":"Metallicize","floor":32.0,"key":"SMITH"},{"data":"Reaper","floor":41.0,"key":"SMITH"},{"data":"Bite","floor":47.0,"key":"SMITH"},{"data":"Blood for Blood","floor":49,"key":"SMITH"}],"circlet_count":0,"master_deck":["Defend_R","Defend_R","Defend_R","Bash","Pommel Strike+1","Rampage","Clash","Headbutt+1","Twin Strike","Cleave","Clothesline+1","Feed+1","Bite+1","Bite+1","Bite","Bite","Bite","Armaments+1","Rage","Reaper+1","Blood for Blood+1","True Grit+1","Metallicize+1","Cleave","Blood for Blood","Armaments+1","Seeing Red"],"relics":["Coffee Dripper","Smiling Mask","Bag of Marbles","Orichalcum","Dream Catcher","Mark of Pain","Orrery","Enchiridion","Mercury Hourglass","Ornamental Fan","MutagenicStrength","Omamori","Cursed Key","Bird Faced Urn","Red Mask","Mummified Hand","Bottled Lightning"],"acts_visited":["Exordium","TheCity","TheBeyond"],"potions_floor_usage":[50,50],"damage_taken":[{"damage":8.0,"enemies":"Small Slimes","floor":1.0,"turns":2.0},{"damage":0.0,"enemies":"Cultist","floor":3.0,"turns":3.0},{"damage":12.0,"enemies":"Jaw Worm","floor":4.0,"turns":2.0},{"damage":6.0,"enemies":"3 Louse","floor":5.0,"turns":3.0},{"damage":15.0,"enemies":"3 Sentries","floor":6.0,"turns":8.0},{"damage":0.0,"enemies":"Large Slime","floor":10.0,"turns":3.0},{"damage":1.0,"enemies":"Looter","floor":11.0,"turns":2.0},{"damage":10.0,"enemies":"Lagavulin","floor":12.0,"turns":3.0},{"damage":0.0,"enemies":"Exordium Wildlife","floor":13.0,"turns":2.0},{"damage":14.0,"enemies":"Hexaghost","floor":16.0,"turns":6.0},{"damage":6.0,"enemies":"Shell Parasite","floor":18.0,"turns":3.0},{"damage":2.0,"enemies":"3 Byrds","floor":22.0,"turns":4.0},{"damage":20.0,"enemies":"Gremlin Leader","floor":24.0,"turns":6.0},{"damage":6.0,"enemies":"3 Cultists","floor":27.0,"turns":5.0},{"damage":2.0,"enemies":"Shelled Parasite and Fungi","floor":28.0,"turns":4.0},{"damage":44.0,"enemies":"Collector","floor":33.0,"turns":8.0},{"damage":0.0,"enemies":"Orb Walker","floor":35.0,"turns":2.0},{"damage":21.0,"enemies":"2 Orb Walkers","floor":36.0,"turns":4.0},{"damage":1.0,"enemies":"3 Shapes","floor":38.0,"turns":2.0},{"damage":74.0,"enemies":"Nemesis","floor":40.0,"turns":7.0},{"damage":2.0,"enemies":"Sphere and 2 Shapes","floor":44.0,"turns":3.0},{"damage":5.0,"enemies":"3 Darklings","floor":45.0,"turns":3.0},{"damage":12,"enemies":"Writhing Mass","floor":48,"turns":5},{"damage":94,"enemies":"Donu and Deca","floor":50,"turns":9}],"seed_played":"123817444057783994","potions_obtained":[{"floor":4.0,"key":"SkillPotion"},{"floor":5.0,"key":"ColorlessPotion"},{"floor":10.0,"key":"Dexterity Potion"},{"floor":11.0,"key":"EssenceOfSteel"},{"floor":12.0,"key":"LiquidMemories"},{"floor":24.0,"key":"BlessingOfTheForge"},{"floor":28.0,"key":"Ancient Potion"},{"floor":33.0,"key":"BlessingOfTheForge"},{"floor":35.0,"key":"Energy Potion"},{"floor":45.0,"key":"SneckoOil"},{"floor":48,"key":"AttackPotion"}],"is_trial":false,"path_per_floor":["M","?","M","M","M","E","$","R","T","M","M","E","M","?","R","B",null,"M","?","$","?","M","R","E","R","T","M","M","R","?","$","R","B",null,"M","?","?","M","$","E","R","?","T","M","M","$","R","M","R","B",null],"character_chosen":"IRONCLAD","items_purchased":["Bag of Marbles","Armaments","Orrery","Omamori","Cleave","FearPotion"],"campfire_rested":0,"item_purchase_floors":[7,20,20,31,31,46],"current_hp_per_floor":[72,72,72,60,54,39,39,39,39,39,38,28,28,28,28,16,80,74,74,74,58,70,70,72,72,72,82,89,89,89,89,89,88,89,93,72,72,97,97,39,39,39,39,78,86,86,86,90,90,33],"gold":35,"neow_bonus":"BOSS_RELIC","is_daily":false,"chose_seed":false,"campfire_upgraded":9,"win_rate":0.0,"timestamp":1613290471,"path_taken":["M","?","M","M","M","E","$","R","T","?","M","E","M","?","R","BOSS","M","?","$","?","M","R","E","R","T","M","M","R","?","$","R","BOSS","M","?","?","M","?","E","R","?","T","?","?","$","R","M","R","BOSS"],"items_purchased_type":["Relic","Card","Relic","Relic","Card","Potion"],"build_version":"2020-12-22","purchased_purges":1,"victory":true,"max_hp_per_floor":[80,80,80,80,80,80,80,80,80,80,80,80,80,80,80,80,80,80,80,80,80,83,83,86,86,86,89,89,89,89,89,89,89,89,93,93,93,97,97,97,97,97,97,101,101,101,101,101,101,101],"relic_stats":{"Dream Catcher":0,"counters":[24,98],"Ornamental Fan":[128],"Mummified Hand":[10],"Bird Faced Urn":[20],"Orichalcum":[60],"Smiling Mask":25,"Cursed Key":1,"obtain_stats":[{"Enchiridion":21,"Omamori":31,"Orichalcum":9,"Smiling Mask":6,"Cursed Key":34,"Burning Blood":0,"Mercury Hourglass":24,"Blood Vial":14,"Dream Catcher":12,"Ornamental Fan":26,"Mummified Hand":40,"MutagenicStrength":30,"Bird Faced Urn":36,"Orrery":20,"Mark of Pain":17,"Coffee Dripper":0,"Bag of Marbles":7,"Red Mask":37,"Bottled Lightning":43},{"Enchiridion":11,"Omamori":15,"Orichalcum":5,"Smiling Mask":5,"Cursed Key":16,"Burning Blood":0,"Mercury Hourglass":13,"Blood Vial":9,"Dream Catcher":8,"Ornamental Fan":13,"Mummified Hand":20,"MutagenicStrength":15,"Bird Faced Urn":18,"Orrery":11,"Mark of Pain":10,"Coffee Dripper":0,"Bag of Marbles":5,"Red Mask":18,"Bottled Lightning":20},{"Enchiridion":37,"Omamori":55,"Orichalcum":18,"Smiling Mask":18,"Cursed Key":63,"Burning Blood":0,"Mercury Hourglass":47,"Blood Vial":28,"Dream Catcher":26,"Ornamental Fan":47,"Mummified Hand":78,"MutagenicStrength":55,"Bird Faced Urn":69,"Orrery":37,"Mark of Pain":34,"Coffee Dripper":0,"Bag of Marbles":18,"Red Mask":69,"Bottled Lightning":78}],"Mercury Hourglass":[195]},"card_choices":[{"not_picked":["Armaments","Clothesline"],"picked":"Pommel Strike","floor":1.0},{"not_picked":["Spot Weakness","Whirlwind"],"picked":"Rampage","floor":3.0},{"not_picked":["Body Slam","Intimidate"],"picked":"Clash","floor":4.0},{"not_picked":["Uppercut","Combust"],"picked":"Headbutt","floor":5.0},{"not_picked":["Dark Embrace","Havoc"],"picked":"Twin Strike","floor":6.0},{"not_picked":["Disarm","Wild Strike","Warcry"],"picked":"SKIP","floor":10.0},{"not_picked":["Pummel","Shrug It Off"],"picked":"Cleave","floor":11.0},{"not_picked":["Berserk","Evolve","Warcry"],"picked":"SKIP","floor":12.0},{"not_picked":["Sword Boomerang","Thunderclap"],"picked":"Clothesline","floor":13.0},{"not_picked":["Brutality","Berserk"],"picked":"Feed","floor":16.0},{"not_picked":["Sword Boomerang","Pommel Strike","Combust"],"picked":"SKIP","floor":18.0},{"not_picked":["Shockwave","Perfected Strike"],"picked":"Rage","floor":20.0},{"not_picked":["Entrench","Thunderclap+1"],"picked":"Reaper","floor":20.0},{"not_picked":["Thunderclap","Anger"],"picked":"Blood for Blood","floor":22.0},{"not_picked":["Cleave","Seeing Red"],"picked":"True Grit+1","floor":24.0},{"not_picked":["Perfected Strike+1","Sword Boomerang"],"picked":"Metallicize","floor":27.0},{"not_picked":["Warcry","Clash","Pommel Strike"],"picked":"SKIP","floor":28.0},{"not_picked":["Inflame+1","Cleave+1"],"picked":"Armaments+1","floor":35.0},{"not_picked":["True Grit","Iron Wave"],"picked":"Blood for Blood","floor":36.0},{"not_picked":["Anger+1","Twin Strike+1","Flex+1"],"picked":"SKIP","floor":38.0},{"not_picked":["Battle Trance+1","Armaments","Fiend Fire"],"picked":"SKIP","floor":40.0},{"not_picked":["Twin Strike+1","Pommel Strike+1"],"picked":"Armaments+1","floor":44.0},{"not_picked":["Second Wind","Body Slam","Twin Strike+1"],"picked":"SKIP","floor":45.0},{"not_picked":["Spot Weakness+1","Bloodletting+1"],"picked":"Seeing Red","floor":48}],"player_experience":364541,"relics_obtained":[{"floor":6.0,"key":"Smiling Mask"},{"floor":9.0,"key":"Orichalcum"},{"floor":12.0,"key":"Dream Catcher"},{"floor":21.0,"key":"Enchiridion"},{"floor":24.0,"key":"Mercury Hourglass"},{"floor":26.0,"key":"Ornamental Fan"},{"floor":36.0,"key":"Bird Faced Urn"},{"floor":40.0,"key":"Mummified Hand"},{"floor":43.0,"key":"Bottled Lightning"}],"event_choices":[{"damage_healed":0.0,"max_hp_gain":0.0,"max_hp_loss":0.0,"gold_gain":0.0,"event_name":"Upgrade Shrine","player_choice":"Upgraded","floor":2.0,"gold_loss":0.0,"damage_taken":0.0,"cards_upgraded":["Pommel Strike"]},{"damage_healed":0.0,"max_hp_gain":0.0,"max_hp_loss":0.0,"gold_gain":0.0,"event_name":"Dead Adventurer","player_choice":"Searched \u00271\u0027 times","floor":14.0,"gold_loss":0.0,"damage_taken":0.0,"relics_obtained":["Blood Vial"]},{"damage_healed":0.0,"max_hp_gain":0.0,"max_hp_loss":0.0,"gold_gain":0.0,"event_name":"Vampires","player_choice":"Became a vampire (Vial)","floor":19.0,"relics_lost":["Blood Vial"],"gold_loss":0.0,"damage_taken":0.0,"cards_obtained":["Bite","Bite","Bite","Bite","Bite"]},{"damage_healed":0.0,"max_hp_gain":0.0,"max_hp_loss":0.0,"gold_gain":0.0,"event_name":"Cursed Tome","player_choice":"Obtained Book","floor":21.0,"gold_loss":0.0,"damage_taken":16.0},{"damage_healed":0.0,"max_hp_gain":0.0,"max_hp_loss":0.0,"gold_gain":0.0,"event_name":"Drug Dealer","player_choice":"Inject Mutagens","floor":30.0,"gold_loss":0.0,"damage_taken":0.0,"relics_obtained":["MutagenicStrength"]},{"damage_healed":0.0,"max_hp_gain":0.0,"max_hp_loss":0.0,"gold_gain":0.0,"event_name":"Mysterious Sphere","player_choice":"Fight","floor":36.0,"gold_loss":0.0,"damage_taken":0.0},{"damage_healed":0.0,"max_hp_gain":0.0,"max_hp_loss":0.0,"gold_gain":0.0,"event_name":"Tomb of Lord Red Mask","player_choice":"Paid","floor":37.0,"gold_loss":209.0,"damage_taken":0.0,"relics_obtained":["Red Mask"]},{"cards_removed":["Armaments"],"damage_healed":0.0,"max_hp_gain":0.0,"max_hp_loss":0.0,"gold_gain":0.0,"event_name":"Falling","player_choice":"Removed Skill","floor":42.0,"gold_loss":0.0,"damage_taken":0.0}],"is_beta":false,"boss_relics":[{"not_picked":["Ectoplasm","Velvet Choker"],"picked":"Mark of Pain"},{"not_picked":["Sozu","Tiny House"],"picked":"Cursed Key"}],"items_purged_floors":[20],"is_endless":false,"potions_floor_spawned":[4,5,10,11,12,24,28,33,35,45,48],"ascension_level":4}}