{"host":"za1qviwhp34x909e","time":1613277540,"event":{"mods":["Act Like it!","BaseMod","Colored Map","Colored Powertips","Downfall","Hermit","Highlight Path","Hubris","Koishi","Marisa????????","Minty Spire (QoL Compilation)","Quick Restart","Reimu??????","Remilia??????","Replay The Spire","StSLib","The Cursed","The Disciple","The Hierophant","The Mystic","The Necromancer","The Runesmith","The Servant 0.9.4","The Wild Card"],"gold_per_floor":[115,227,65,340,357,357,385,426,426,437,437,496,534,561,561,682,682,726,762,762,805,847,881,919,919,919,919,919,919,936,981,981,1085,1085,1097,412,453,280,294,345,345,389,389,389,389,434,434],"floor_reached":46,"language":"ENG","playtime":3541,"items_purged":["Strike_MRS","Regret","Strike_MRS"],"score":662,"play_id":"51cd82f7-5f48-4de5-96ec-f99ab6dfcdb3","local_time":"20210213223900","is_ascension_mode":false,"campfire_choices":[{"floor":6,"key":"REST"},{"data":"WitchOfGreed","floor":11,"key":"SMITH"},{"floor":15,"key":"DIG"},{"data":"EarthLightRay","floor":27,"key":"SMITH"},{"data":"GalacticHalo","floor":27,"key":"SMITH"},{"data":"OortCloud","floor":29,"key":"SMITH"},{"data":"OortCloud","floor":29,"key":"SMITH"},{"data":"GalacticHalo","floor":32,"key":"SMITH"},{"data":"BinaryStars","floor":32,"key":"SMITH"},{"data":"JA","floor":45,"key":"SMITH"},{"data":"SporeBomb","floor":45,"key":"SMITH"}],"circlet_count":0,"master_deck":["Strike_MRS","Strike_MRS","Defend_MRS","Defend_MRS","Defend_MRS","Defend_MRS","MasterSpark","UpSweep","EarthLightRay+1","SporeBomb+1","NonDirectionalLaser","MilkyWay","DoubleSpark","DoubleSpark","WitchOfGreed+1","OortCloud+1","ChargeUpSpray+1","TreasureHunter+1","Acceleration","DeepEcoloBomb","GalacticHalo+1","OrrerysSun","BinaryStars+1","MilkyWay","GalacticHalo+1","OortCloud+1","NonDirectionalLaser+1","MagicAbsorber+1","WitchLeyline+1","StarDustReverie","IllusionStar","AsteroidBelt","JA+1","LuminesStrike","CollectingQuirk+1","AlicesGift+1","Amnesia"],"relics":["MiniHakkero","Torii","hubris:FunFungus","Counterbalance","Replay:Ringing Soul","hubris:CrystalStatue","Replay:Kaleidoscope","hubris:MysteriousPyramids","hubris:ScarierMask","RuthlessExorcism:ReiMu","Replay:Arrowhead","Nloth\u0027s Gift","Snecko Eye","Art of War","Strange Spoon","Tea:ReiMu","Dream Catcher","ReplayTheSpireMod:Ring of Collecting","ReplayTheSpireMod:Ring of Challenge","ReplayTheSpireMod:Ring of Exchange","Mercury Hourglass"],"acts_visited":["Exordium","TheCity","TheBeyond"],"potions_floor_usage":[8,12,13,14,16,16,21,21,21,23,25,33,33,33],"damage_taken":[{"damage":7,"enemies":"Jaw Worm","floor":1,"turns":3},{"damage":0,"enemies":"Small Slimes","floor":5,"turns":2},{"damage":7,"enemies":"2 Louse","floor":7,"turns":6},{"damage":7,"enemies":"3 Sentries","floor":8,"turns":7},{"damage":5,"enemies":"Exordium Thugs","floor":10,"turns":3},{"damage":6,"enemies":"Replay:BlueRogue","floor":12,"turns":9},{"damage":6,"enemies":"3 Louse","floor":13,"turns":2},{"damage":0,"enemies":"Gremlin Nob","floor":14,"turns":3},{"damage":19,"enemies":"Slime Boss","floor":16,"turns":9},{"damage":4,"enemies":"Chosen","floor":18,"turns":5},{"damage":6,"enemies":"3 Byrds","floor":19,"turns":5},{"damage":2,"enemies":"Snake Plant","floor":21,"turns":5},{"damage":16,"enemies":"Cultist and Chosen","floor":22,"turns":7},{"damage":52,"enemies":"Gremlin Leader","floor":23,"turns":9},{"damage":3,"enemies":"Snecko","floor":24,"turns":5},{"damage":1,"enemies":"Replay:Snechameleon","floor":25,"turns":3},{"damage":7,"enemies":"Centurion and Healer","floor":30,"turns":3},{"damage":0,"enemies":"Sentry and Sphere","floor":31,"turns":3},{"damage":100,"enemies":"Collector","floor":33,"turns":10},{"damage":6,"enemies":"3 Darklings","floor":35,"turns":4},{"damage":0,"enemies":"3 Shapes","floor":37,"turns":4},{"damage":1,"enemies":"3 Darklings","floor":39,"turns":6},{"damage":13,"enemies":"Reptomancer","floor":40,"turns":6},{"damage":14,"enemies":"Jaw Worm Horde","floor":42,"turns":3},{"damage":153,"enemies":"Nemesis","floor":46,"turns":8}],"seed_played":"-196381951374945179","potions_obtained":[{"floor":1,"key":"Cursed Concoction"},{"floor":5,"key":"DistilledChaos"},{"floor":7,"key":"BottledSpark"},{"floor":7,"key":"Dexterity Potion"},{"floor":12,"key":"Explosive Potion"},{"floor":13,"key":"Strength Potion"},{"floor":13,"key":"Swift Potion"},{"floor":14,"key":"FearPotion"},{"floor":16,"key":"PowerPotion"},{"floor":18,"key":"Weak Potion"},{"floor":22,"key":"Block Potion"},{"floor":23,"key":"SmokeBomb"},{"floor":24,"key":"Fire Potion"},{"floor":30,"key":"EntropicBrew"},{"floor":37,"key":"SteroidPotion"},{"floor":37,"key":"BlessingOfTheForge"},{"floor":42,"key":"Guardian:BlockOnCardUsePotion"}],"is_trial":false,"path_per_floor":["M","?","$","?","M","R","M","E","T","M","R","E","M","E","R_BF","B",null,"M","M","?","M","M","E","M","E","T","R","?","R","M","M","R","B",null,"M","$","M","$","M","E","?","M","T","?","R","E"],"character_chosen":"MARISA","items_purchased":["DoubleSpark","WitchOfGreed","Art of War","Strange Spoon","Tea:ReiMu","AsteroidBelt","LuminesStrike"],"campfire_rested":1,"item_purchase_floors":[3,3,36,36,36,36,38],"current_hp_per_floor":[47,17,17,17,17,39,36,33,33,32,32,34,35,42,42,30,87,83,84,84,89,80,35,40,43,43,43,43,43,45,45,45,8,108,105,108,112,115,117,116,119,105,105,105,105,0,0],"gold":434,"neow_bonus":"ONE_RARE_RELIC","is_daily":false,"chose_seed":false,"campfire_upgraded":9,"win_rate":0.0,"timestamp":1613277540,"path_taken":["M","?","$","?","M","R","M","E","T","?","R","E","M","E","R_BF","BOSS","M","M","?","M","M","E","M","E","T","R","?","R","M","?","R","BOSS","M","$","M","$","M","E","?","M","T","?","R","E"],"items_purchased_type":["Card","Card","Relic","Relic","Relic","Card","Card"],"build_version":"2020-12-22","purchased_purges":3,"victory":false,"max_hp_per_floor":[75,75,75,75,75,75,75,75,75,75,75,78,81,84,84,87,87,87,90,90,93,96,99,102,102,102,102,102,102,105,105,105,108,108,111,114,117,120,123,126,129,129,129,129,129,129,129],"card_choices":[{"not_picked":["RefractionSpark","DC"],"picked":"EarthLightRay","floor":1},{"not_picked":["UnstableBomb","IllusionStar"],"picked":"SporeBomb","floor":2},{"not_picked":["PowerUp","MysteriousBeam"],"picked":"NonDirectionalLaser","floor":2},{"not_picked":["Occultation","ShootingEcho"],"picked":"MilkyWay","floor":2},{"not_picked":["BigCrunch","BlazeAway"],"picked":"OortCloud","floor":5},{"not_picked":["Singularity","PowerUp"],"picked":"ChargeUpSpray","floor":7},{"not_picked":["AsteroidBelt","Occultation"],"picked":"TreasureHunter","floor":8},{"not_picked":["MilkyWay","PowerUp"],"picked":"Acceleration","floor":10},{"not_picked":["OneTimeOff","DC"],"picked":"DeepEcoloBomb","floor":12},{"not_picked":["ManaConvection","6A"],"picked":"GalacticHalo","floor":13},{"not_picked":["DoubleSpark","PulseMagic"],"picked":"OrrerysSun","floor":14},{"not_picked":["AbsoluteMagnitude","BigCrunch"],"picked":"BinaryStars","floor":16},{"not_picked":["SporeBomb+1","WitchLeyline","GravityBeat"],"picked":"SKIP","floor":18},{"not_picked":["ChargingUp","NonDirectionalLaser"],"picked":"MilkyWay","floor":19},{"not_picked":["WitchOfGreed","DC"],"picked":"GalacticHalo","floor":21},{"not_picked":["OneTimeOff+1","ShootingEcho"],"picked":"OortCloud","floor":22},{"not_picked":["LuminesStrike","PowerUp"],"picked":"NonDirectionalLaser+1","floor":23},{"not_picked":["SuperPerseids","DoubleSpark"],"picked":"MagicAbsorber+1","floor":24},{"not_picked":["MeteoricShower","MilkyWay"],"picked":"WitchLeyline+1","floor":30},{"not_picked":["EnergyRecoil","DarkSpark+1","MaximisePower"],"picked":"SKIP","floor":31},{"not_picked":["MaximisePower","UltimateShortwave"],"picked":"StarDustReverie","floor":33},{"not_picked":["UnstableBomb","MysteriousBeam+1"],"picked":"IllusionStar","floor":35},{"not_picked":["GrandCross+1","SuperPerseids"],"picked":"JA","floor":37},{"not_picked":["DC+1","GalacticHalo"],"picked":"CollectingQuirk","floor":39},{"not_picked":["EventHorizon+1","NonDirectionalLaser+1"],"picked":"AlicesGift+1","floor":40},{"not_picked":["ChargingUp+1","WitchLeyline","ChargeUpSpray+1"],"picked":"SKIP","floor":42}],"player_experience":705997,"relics_obtained":[{"floor":8,"key":"hubris:FunFungus"},{"floor":9,"key":"Counterbalance"},{"floor":12,"key":"Replay:Ringing Soul"},{"floor":12,"key":"hubris:CrystalStatue"},{"floor":14,"key":"Replay:Kaleidoscope"},{"floor":15,"key":"hubris:MysteriousPyramids"},{"floor":23,"key":"Whetstone"},{"floor":23,"key":"RuthlessExorcism:ReiMu"},{"floor":26,"key":"Replay:Arrowhead"},{"floor":40,"key":"Dream Catcher"},{"floor":41,"key":"ReplayTheSpireMod:Ring of Collecting"},{"floor":41,"key":"ReplayTheSpireMod:Ring of Challenge"},{"floor":43,"key":"ReplayTheSpireMod:Ring of Exchange"}],"event_choices":[{"damage_healed":0,"gold_gain":275,"player_choice":"Desecrate","damage_taken":0,"max_hp_gain":0,"max_hp_loss":0,"event_name":"Golden Shrine","floor":4,"gold_loss":0,"cards_obtained":["Regret"]},{"damage_healed":0,"gold_gain":0,"player_choice":"Traded Relic","damage_taken":0,"relics_obtained":["Nloth\u0027s Gift"],"max_hp_gain":0,"max_hp_loss":0,"event_name":"N\u0027loth","floor":28,"relics_lost":["Whetstone"],"gold_loss":0},{"damage_healed":0,"gold_gain":0,"player_choice":"Forge","damage_taken":0,"max_hp_gain":0,"max_hp_loss":0,"event_name":"Accursed Blacksmith","floor":44,"gold_loss":0,"cards_upgraded":["CollectingQuirk"]}],"is_beta":false,"boss_relics":[{"not_picked":["Painkiller Herb","Cursed Key"],"picked":"hubris:ScarierMask"},{"not_picked":["Ring of Chaos","Fusion Hammer"],"picked":"Snecko Eye"}],"items_purged_floors":[3,36,38],"is_endless":false,"potions_floor_spawned":[1,5,7,13,14,22,23,25,30,37,39,40],"killed_by":"Nemesis","ascension_level":0}}