{"host":"0ma1l65sntb3rtgl","time":1613325840,"event":{"mods":["AchievementEnabler","BaseMod","Better Note","Better Third Choice","Colored Map","Colored Powertips","Curses Come First","Highlight Path","Minty Spire (QoL Compilation)","Rare Cards Sparkle","Relic Stats","StSLib"],"gold_per_floor":[109,109,35,46,46,72,72,110,134,134,7,22,22,42,42,173,173,197,197,211,17,117,148,161,161,188,211,227,245,283,298,298,429,429,445,461,461,482,46,46,61,61,61,79,79,103,103,103,103,103],"floor_reached":49,"language":"ENG","playtime":2445,"items_purged":["Strike_G","Strike_G+1"],"score":514,"play_id":"b73bed1e-1511-4a85-a043-82201ebe5636","local_time":"20210214120359","is_ascension_mode":false,"campfire_choices":[{"data":"Phantasmal Killer","floor":10.0,"key":"SMITH"},{"data":"Choke","floor":13.0,"key":"SMITH"},{"data":"Blade Dance","floor":15.0,"key":"SMITH"},{"data":"Wraith Form v2","floor":25.0,"key":"SMITH"},{"floor":32.0,"key":"RECALL"},{"floor":40.0,"key":"REST"},{"floor":42.0,"key":"REST"},{"floor":45.0,"key":"REST"},{"floor":47,"key":"REST"}],"circlet_count":0,"master_deck":["Defend_G","Defend_G","Defend_G","Defend_G","Defend_G","Survivor","Neutralize","Backflip","Noxious Fumes","Blade Dance+1","Blur","Phantasmal Killer+1","Blade Dance","Choke+1","Wraith Form v2+1","Cloak And Dagger","Self Repair","Blade Dance","Storm of Steel","Escape Plan","Finisher","Corpse Explosion","Footwork+1","Night Terror","Setup","Infinite Blades+1","Footwork+1","Footwork+1"],"relics":["Ring of the Snake","NeowsBlessing","Vajra","Golden Idol","Blood Vial","Akabeko","WristBlade","OrangePellets","Frozen Egg 2","Happy Flower","Empty Cage","Singing Bowl","Bag of Marbles","HandDrill","PreservedInsect"],"acts_visited":["Exordium","TheCity","TheBeyond"],"potions_floor_usage":[],"damage_taken":[{"damage":0.0,"enemies":"2 Louse","floor":1.0,"turns":1.0},{"damage":0.0,"enemies":"Small Slimes","floor":4.0,"turns":1.0},{"damage":0.0,"enemies":"3 Sentries","floor":6.0,"turns":2.0},{"damage":22.0,"enemies":"Lagavulin","floor":8.0,"turns":7.0},{"damage":0.0,"enemies":"Jaw Worm","floor":12.0,"turns":3.0},{"damage":0.0,"enemies":"Blue Slaver","floor":14.0,"turns":4.0},{"damage":17.0,"enemies":"Slime Boss","floor":16.0,"turns":5.0},{"damage":0.0,"enemies":"Shell Parasite","floor":18.0,"turns":4.0},{"damage":4.0,"enemies":"2 Thieves","floor":20.0,"turns":5.0},{"damage":3.0,"enemies":"Gremlin Leader","floor":23.0,"turns":5.0},{"damage":2.0,"enemies":"Cultist and Chosen","floor":24.0,"turns":4.0},{"damage":0.0,"enemies":"Chosen and Byrds","floor":27.0,"turns":4.0},{"damage":4.0,"enemies":"Centurion and Healer","floor":28.0,"turns":4.0},{"damage":5.0,"enemies":"Snake Plant","floor":29.0,"turns":2.0},{"damage":2.0,"enemies":"Book of Stabbing","floor":30.0,"turns":3.0},{"damage":2.0,"enemies":"3 Cultists","floor":31.0,"turns":3.0},{"damage":63.0,"enemies":"Champ","floor":33.0,"turns":9.0},{"damage":15.0,"enemies":"Orb Walker","floor":35.0,"turns":3.0},{"damage":19.0,"enemies":"3 Shapes","floor":36.0,"turns":3.0},{"damage":23.0,"enemies":"Sphere and 2 Shapes","floor":38.0,"turns":10.0},{"damage":36.0,"enemies":"Transient","floor":41.0,"turns":5.0},{"damage":30.0,"enemies":"3 Darklings","floor":44.0,"turns":8.0},{"damage":10,"enemies":"Writhing Mass","floor":46,"turns":4},{"damage":44,"enemies":"Time Eater","floor":49,"turns":4}],"seed_played":"3516904899892194608","potions_obtained":[{"floor":8.0,"key":"PowerPotion"},{"floor":12.0,"key":"Strength Potion"},{"floor":16.0,"key":"Fire Potion"},{"floor":20.0,"key":"FairyPotion"},{"floor":28.0,"key":"Energy Potion"},{"floor":30.0,"key":"Swift Potion"},{"floor":35.0,"key":"EssenceOfSteel"},{"floor":44.0,"key":"BlessingOfTheForge"},{"floor":46,"key":"LiquidMemories"}],"is_trial":false,"path_per_floor":["M","?","$","M","?","E","?","E","T","R","$","M","R","M","R","B",null,"M","?","M","$","?","E","M","R","T","M","M","M","E","M","R","B",null,"M","M","?","M","$","R","M","R","T","M","R","M","R","?","B"],"character_chosen":"THE_SILENT","items_purchased":["Noxious Fumes","Blade Dance","OrangePellets","Blade Dance","Footwork+1","Bag of Marbles","HandDrill"],"campfire_rested":4,"item_purchase_floors":[3,11,21,21,39,39,39],"current_hp_per_floor":[70,56,56,56,49,49,49,27,27,27,27,29,29,31,31,16,65,65,65,61,61,61,65,65,65,65,65,65,60,65,65,65,9,65,57,40,40,19,19,38,13,33,33,7,27,19,39,39,0,0],"gold":103,"neow_bonus":"THREE_ENEMY_KILL","is_daily":false,"chose_seed":false,"campfire_upgraded":4,"win_rate":0.0,"timestamp":1613325839,"path_taken":["M","?","$","M","?","E","?","E","T","R","?","?","R","M","R","BOSS","M","?","M","$","?","E","M","R","T","M","M","?","E","M","R","BOSS","M","M","?","?","$","R","M","R","T","M","R","M","R","?","BOSS"],"items_purchased_type":["Card","Card","Relic","Card","Card","Relic","Relic"],"build_version":"2020-12-22","purchased_purges":2,"victory":false,"max_hp_per_floor":[70,70,70,70,70,70,65,65,65,65,65,65,65,65,65,65,65,65,65,65,65,65,65,65,65,65,65,65,65,65,65,65,65,65,65,65,65,65,65,65,67,67,67,69,69,69,69,69,69,69],"relic_stats":{"Blood Vial":22,"OrangePellets":[12],"Happy Flower":[16],"Singing Bowl":4,"counters":[24,103],"Golden Idol":129,"PreservedInsect":0,"HandDrill":[20],"obtain_stats":[{"NeowsBlessing":0,"Happy Flower":30,"Singing Bowl":37,"Golden Idol":7,"Vajra":6,"PreservedInsect":43,"Frozen Egg 2":23,"Empty Cage":34,"Akabeko":9,"Blood Vial":8,"OrangePellets":21,"WristBlade":17,"Bag of Marbles":39,"HandDrill":39,"Ring of the Snake":0},{"NeowsBlessing":0,"Happy Flower":15,"Singing Bowl":19,"Golden Idol":3,"Vajra":3,"PreservedInsect":21,"Frozen Egg 2":10,"Empty Cage":17,"Akabeko":4,"Blood Vial":4,"OrangePellets":9,"WristBlade":7,"Bag of Marbles":20,"HandDrill":20,"Ring of the Snake":0},{"NeowsBlessing":0,"Happy Flower":54,"Singing Bowl":72,"Golden Idol":4,"Vajra":4,"PreservedInsect":87,"Frozen Egg 2":37,"Empty Cage":66,"Akabeko":11,"Blood Vial":11,"OrangePellets":32,"WristBlade":23,"Bag of Marbles":82,"HandDrill":82,"Ring of the Snake":0}],"Ring of the Snake":[48]},"card_choices":[{"not_picked":["Dodge and Roll","Backstab"],"picked":"Backflip","floor":1.0},{"not_picked":["Skewer","Reflex"],"picked":"Blade Dance","floor":4.0},{"not_picked":["Bane","Dagger Throw"],"picked":"Blur","floor":6.0},{"not_picked":["Grand Finale","Underhanded Strike"],"picked":"Phantasmal Killer","floor":8.0},{"not_picked":["Expertise","Outmaneuver"],"picked":"Choke","floor":12.0},{"not_picked":["Bane","Concentrate","Underhanded Strike"],"picked":"SKIP","floor":14.0},{"not_picked":["Malaise","Tools of the Trade"],"picked":"Wraith Form v2","floor":16.0},{"not_picked":["Heel Hook","Prepared"],"picked":"Cloak And Dagger","floor":18.0},{"not_picked":["Underhanded Strike","Deflect","Eviscerate+1"],"picked":"SKIP","floor":20.0},{"not_picked":["Dagger Spray","Acrobatics"],"picked":"Storm of Steel","floor":23.0},{"not_picked":["Blade Dance","Dodge and Roll","Dagger Throw"],"picked":"SKIP","floor":24.0},{"not_picked":["Flying Knee","Slice+1","Bouncing Flask"],"picked":"SKIP","floor":27.0},{"not_picked":["Outmaneuver","Dagger Throw"],"picked":"Escape Plan","floor":28.0},{"not_picked":["Backflip","Bane+1"],"picked":"Finisher","floor":29.0},{"not_picked":["Masterful Stab","Noxious Fumes+1"],"picked":"Corpse Explosion","floor":30.0},{"not_picked":["Acrobatics","Cloak And Dagger"],"picked":"Footwork+1","floor":31.0},{"not_picked":["Die Die Die","Unload"],"picked":"Night Terror","floor":33.0},{"not_picked":["Eviscerate","Poisoned Stab"],"picked":"Setup","floor":35.0},{"not_picked":["Acrobatics","Tactician","Dagger Throw"],"picked":"SKIP","floor":36.0},{"not_picked":["Poisoned Stab","Sucker Punch"],"picked":"Infinite Blades+1","floor":38.0},{"not_picked":["Backflip","Eviscerate","Deflect+1"],"picked":"Singing Bowl","floor":41.0},{"not_picked":["Blade Dance","Endless Agony+1","Grand Finale"],"picked":"Singing Bowl","floor":44.0},{"not_picked":["Well Laid Plans+1","Acrobatics+1"],"picked":"Footwork+1","floor":46}],"player_experience":392555,"relics_obtained":[{"floor":6.0,"key":"Vajra"},{"floor":8.0,"key":"Blood Vial"},{"floor":9.0,"key":"Akabeko"},{"floor":23.0,"key":"Frozen Egg 2"},{"floor":30.0,"key":"Happy Flower"},{"floor":43.0,"key":"PreservedInsect"}],"event_choices":[{"damage_healed":70.0,"max_hp_gain":0.0,"max_hp_loss":70.0,"gold_gain":0.0,"event_name":"betterThird:BetterShining","player_choice":"Upgrade","floor":2.0,"gold_loss":0.0,"damage_taken":14.0,"cards_upgraded":["Strike_G","Strike_G"]},{"cards_removed":["Strike_G"],"damage_healed":0.0,"max_hp_gain":0.0,"max_hp_loss":0.0,"gold_gain":0.0,"event_name":"Golden Wing","player_choice":"Card Removal","floor":5.0,"gold_loss":0.0,"damage_taken":7.0},{"damage_healed":0.0,"max_hp_gain":0.0,"max_hp_loss":5.0,"gold_gain":0.0,"event_name":"Golden Idol","player_choice":"Lose Max HP","floor":7.0,"gold_loss":0.0,"damage_taken":0.0,"relics_obtained":["Golden Idol"]},{"cards_removed":["Wraith Form v2"],"damage_healed":0.0,"max_hp_gain":0.0,"max_hp_loss":0.0,"gold_gain":0.0,"event_name":"betterNote:BetterNote","player_choice":"Take \u0026 Give","floor":19.0,"gold_loss":0.0,"damage_taken":0.0,"cards_obtained":["Self Repair"]},{"damage_healed":0.0,"max_hp_gain":0.0,"max_hp_loss":0.0,"gold_gain":100.0,"event_name":"Golden Shrine","player_choice":"Pray","floor":22.0,"gold_loss":0.0,"damage_taken":0.0},{"damage_healed":0.0,"max_hp_gain":0.0,"max_hp_loss":0.0,"gold_gain":0.0,"event_name":"WeMeetAgain","player_choice":"Gave Potion","floor":37.0,"gold_loss":0.0,"damage_taken":0.0,"relics_obtained":["Singing Bowl"]},{"damage_healed":0,"gold_gain":0,"player_choice":"Portal","damage_taken":0,"max_hp_gain":0,"max_hp_loss":0,"event_name":"betterThird:BetterPortal","floor":48,"gold_loss":0}],"is_beta":false,"boss_relics":[{"not_picked":["Pandora\u0027s Box","Coffee Dripper"],"picked":"WristBlade"},{"not_picked":["Black Star","HoveringKite"],"picked":"Empty Cage"}],"items_purged_floors":[11,39],"is_endless":false,"potions_floor_spawned":[8,12,16,20,24,28,29,30,35,44,46],"killed_by":"Time Eater","ascension_level":0}}