{"host":"08xvxt5w1s7zc7e5","time":1613281535,"event":{"mods":["AchievementEnabler","BaseMod","DeckTracker","Minty Spire (QoL Compilation)","Quick Restart","StSLib","SuperFastMode"],"gold_per_floor":[118,118,22,40,58,90,109,127,150,165,179,179,211,226,226,322,322,341,266,216,226,238,238,238,238],"floor_reached":24,"language":"KOR","playtime":786,"items_purged":["Strike_G"],"score":314,"play_id":"eb0688d9-c785-4ea0-bf85-58d7dd985029","local_time":"20210214144535","is_ascension_mode":true,"campfire_choices":[{"data":"Bouncing Flask","floor":12.0,"key":"SMITH"},{"data":"Neutralize","floor":15.0,"key":"SMITH"},{"data":"Tactician","floor":23.0,"key":"SMITH"}],"circlet_count":0,"master_deck":["Strike_G","Strike_G","Strike_G","Defend_G","Defend_G","Defend_G","Defend_G","Defend_G","Survivor","Neutralize+1","Acrobatics","Bouncing Flask+1","Poisoned Stab","Venomology","PiercingWail","Tactician+1","Corpse Explosion","Backflip","Tactician"],"relics":["Ring of the Snake","NeowsBlessing","Juzu Bracelet","Smiling Mask","Ancient Tea Set","Runic Pyramid"],"acts_visited":["Exordium","TheCity"],"potions_floor_usage":[24,24],"damage_taken":[{"damage":0.0,"enemies":"Small Slimes","floor":1.0,"turns":1.0},{"damage":0.0,"enemies":"Cultist","floor":4.0,"turns":1.0},{"damage":0.0,"enemies":"2 Louse","floor":5.0,"turns":1.0},{"damage":29.0,"enemies":"Lagavulin","floor":6.0,"turns":6.0},{"damage":25.0,"enemies":"Large Slime","floor":7.0,"turns":7.0},{"damage":7.0,"enemies":"Red Slaver","floor":8.0,"turns":4.0},{"damage":2.0,"enemies":"Gremlin Gang","floor":10.0,"turns":7.0},{"damage":15.0,"enemies":"3 Louse","floor":11.0,"turns":5.0},{"damage":23.0,"enemies":"3 Sentries","floor":13.0,"turns":6.0},{"damage":10.0,"enemies":"Red Slaver","floor":14.0,"turns":2.0},{"damage":0.0,"enemies":"Hexaghost","floor":16.0,"turns":7.0},{"damage":14.0,"enemies":"Shell Parasite","floor":18.0,"turns":5.0},{"damage":28.0,"enemies":"2 Thieves","floor":21.0,"turns":4.0},{"damage":14.0,"enemies":"Chosen and Byrds","floor":22.0,"turns":5.0},{"damage":16,"enemies":"Slavers","floor":24,"turns":2}],"seed_played":"1142560379827547444","potions_obtained":[{"floor":2.0,"key":"FairyPotion"},{"floor":2.0,"key":"FairyPotion"},{"floor":2.0,"key":"SneckoOil"},{"floor":11.0,"key":"DuplicationPotion"},{"floor":13.0,"key":"Fire Potion"},{"floor":14.0,"key":"PowerPotion"}],"is_trial":false,"path_per_floor":["M","?","$","M","M","E","M","M","T","M","M","R","E","M","R","B",null,"M","?","$","M","M","R","E"],"character_chosen":"THE_SILENT","items_purchased":["GhostInAJar"],"campfire_rested":0,"item_purchase_floors":[3],"current_hp_per_floor":[70,70,70,70,70,41,16,9,9,7,21,21,21,11,11,11,70,56,56,56,28,14,14,0,0],"gold":238,"neow_bonus":"THREE_ENEMY_KILL","is_daily":false,"chose_seed":false,"campfire_upgraded":3,"win_rate":0.0,"timestamp":1613281535,"path_taken":["M","?","$","M","?","E","M","M","T","M","M","R","E","M","R","BOSS","M","?","$","M","M","R","E"],"items_purchased_type":["Potion"],"build_version":"2020-12-22","purchased_purges":1,"victory":false,"max_hp_per_floor":[70,70,70,70,70,70,70,70,70,70,70,70,70,70,70,70,70,70,70,70,70,70,70,70,70],"card_choices":[{"not_picked":["Bane","Distraction"],"picked":"Acrobatics","floor":1.0},{"not_picked":["Deflect","Slice"],"picked":"Bouncing Flask","floor":4.0},{"not_picked":["Setup","Finisher"],"picked":"Poisoned Stab","floor":5.0},{"not_picked":["Backstab","Terror","Poisoned Stab"],"picked":"SKIP","floor":6.0},{"not_picked":["Masterful Stab","Terror"],"picked":"Venomology","floor":7.0},{"not_picked":["Dash","Flying Knee"],"picked":"PiercingWail","floor":8.0},{"not_picked":["Distraction","Riddle With Holes","Deflect"],"picked":"SKIP","floor":10.0},{"not_picked":["Blade Dance","Slice","Deflect"],"picked":"SKIP","floor":11.0},{"not_picked":["Crippling Poison","Leg Sweep"],"picked":"Tactician","floor":13.0},{"not_picked":["Slice","Poisoned Stab","Blade Dance"],"picked":"SKIP","floor":14.0},{"not_picked":["After Image","Die Die Die"],"picked":"Corpse Explosion","floor":16.0},{"not_picked":["Blade Dance","Backstab"],"picked":"Backflip","floor":18.0},{"not_picked":["Cloak And Dagger+1","Prepared+1"],"picked":"Tactician","floor":21.0},{"not_picked":["Poisoned Stab","Envenom","Bane"],"picked":"SKIP","floor":22.0}],"player_experience":361601,"relics_obtained":[{"floor":6.0,"key":"Juzu Bracelet"},{"floor":9.0,"key":"Smiling Mask"},{"floor":13.0,"key":"Ancient Tea Set"}],"event_choices":[{"damage_healed":0.0,"max_hp_gain":0.0,"max_hp_loss":0.0,"gold_gain":0.0,"event_name":"Lab","player_choice":"Got Potions","floor":2.0,"gold_loss":0.0,"damage_taken":0.0},{"cards_removed":["Strike_G"],"damage_healed":0.0,"max_hp_gain":0.0,"max_hp_loss":0.0,"gold_gain":0.0,"event_name":"Beggar","player_choice":"Gave Gold","floor":19.0,"gold_loss":75.0,"damage_taken":0.0}],"is_beta":false,"boss_relics":[{"not_picked":["Sozu","Fusion Hammer"],"picked":"Runic Pyramid"}],"items_purged_floors":[20],"is_endless":false,"potions_floor_spawned":[5,6,7,11,13,14],"killed_by":"Slavers","ascension_level":4}}