{"host":"zxxo33bmnyuz0c2o","time":1613310564,"event":{"mods":["2.2 Compatiblity","ATMod(阿瑾Mod)","AlwaysNeverKeys","Aspiration","Astrologer","Bard","BaseMod","Beaked The Cultist","Bestiary","Better Altar","Better Match","Better Sensory Stone","Better Skull","Better Vampires","BetterRewards","Block Reminder","Card Forge","Chen","Colored Map","Colored Powertips","Conspire","Curses Come First","Decade(王小明)","DeckTracker","Dio Mod","Duelist Mod","GifTheSpireLib","Glutton Mod","Gremlin Mod","GungeonMod","Halation","Hermit","Hero for Fun","Highlight Path","HornydragonMod","Hubris","Jorbs\u0027s Wanderer Trilogy","KinomotoSakuraMod(木之本?)","Luminous","Mad Scientist","Marisa（霧雨　魔理沙）","Mimic Mod","Minty Spire (QoL Compilation)","Permanent Neow","Potionbrewer","Prisma Mod","Quick Restart","Random Character Button","Rare Cards Sparkle","Reimu（博???）","Relic Sorter","Relic Stats","Remilia（蕾米莉?）","Replay The Spire","Reworked Bosses","Robot Space Explorer","SOS（斯巴?之子）","Shade Mod","Shop Mod","Spicy Shops","Spikes Relics","StSLib","SuperFastMode","Td1madao Mod","The Administrix","The Animator","The Blackbeard","The Bladedancer","The Bug Knight","The Clintock","The Construct","The Cursed","The Death Knight","The Disciple","The Dragon Tamer","The Druid","The Exalted","The Forsaken","The Gatherer","The Hayseed","The Hierophant","The Marked","The Mystic","The Necromancer","The Poker Player","The Problem Sleuth","The Runesmith","The Saiyan","The Senshi","The Servant 0.9.4","The Spell Scribe","The Vixen","The Wild Card","TheBandit","TheFirefly","Unknown Chances","Waifu the Spire","WarShipGirlsR/??少女R mod","Yakumo Yukari mod","Youmu（魂魄妖?）","Yuri Mod","Yuyuko","【?物卡牌】REMEMod"],"gold_per_floor":[112,112,130,130,144,170,181,181,217,217,237,237,251,251,251,347,347,359,359,39,51,51,51],"floor_reached":22,"language":"ZHT","playtime":1555,"items_purged":[],"score":236,"play_id":"508f399d-efcd-447a-ae83-6391c5bb3564","local_time":"20210214214924","is_ascension_mode":false,"campfire_choices":[{"data":"Pot Of Greed","floor":8,"key":"SMITH"},{"floor":15,"key":"REST"}],"circlet_count":0,"master_deck":["conspire:GhostlyStrike","conspire:GhostlyStrike","conspire:GhostlyStrike","conspire:GhostlyStrike","conspire:GhostlyDefend","conspire:GhostlyDefend","conspire:GhostlyDefend","conspire:GhostlyDefend","KidneyShot","Exchange","Rearm","Injury","Gouge","SurpressingFire+1","Pot Of Greed+1","Pot Of Greed+1","Advance","Ricochet","Misdirection+1","TimeWarp","Foresight+1","BottledTime","Sunlight","ShatteredReality","Misdirection","Discovery","Pot Of Greed","Potential"],"relics":["Uniform","AT_ATBox","Hammer of Thor","Anvil of the Gods","REME_ComplimentaryCards","Replay:Rubber Ducky","Frozen Egg 2","Grinning Jar","halation:PrussianBluePaint","Black Star","Nloth\u0027s Gift","AT_ArchangelStaff"],"acts_visited":["Exordium","TheCity"],"potions_floor_usage":[7,16,18,21,21,22,22,22],"damage_taken":[{"damage":4,"enemies":"Jaw Worm","floor":1,"turns":4},{"damage":6,"enemies":"Small Slimes","floor":3,"turns":3},{"damage":2,"enemies":"conspire:RoseBush","floor":5,"turns":4},{"damage":15,"enemies":"Lagavulin","floor":6,"turns":9},{"damage":0,"enemies":"conspire:2 RoseBushes","floor":7,"turns":7},{"damage":0,"enemies":"Large Slime","floor":9,"turns":8},{"damage":8,"enemies":"Large Slime","floor":11,"turns":5},{"damage":10,"enemies":"Lots of Slimes","floor":13,"turns":5},{"damage":26,"enemies":"Slime Boss","floor":16,"turns":10},{"damage":32,"enemies":"Spheric Guardian","floor":18,"turns":7},{"damage":20,"enemies":"Snake Plant","floor":21,"turns":5},{"damage":20,"enemies":"Snecko","floor":22,"turns":7}],"seed_played":"3984044629368513106","potions_obtained":[{"floor":3,"key":"EntropicBrew"},{"floor":5,"key":"DuplicationPotion"},{"floor":6,"key":"Elixir"},{"floor":13,"key":"AttackPotion"},{"floor":16,"key":"SpeedPotion"}],"is_trial":false,"path_per_floor":["M","?","M","?","M","E","M","R","MIM","?","M","?","M","?","R","B",null,"M","?","$","M","M"],"character_chosen":"THE_SERVANT","items_purchased":["Misdirection","AT_ArchangelStaff","Discovery"],"campfire_rested":1,"item_purchase_floors":[20,20,20],"current_hp_per_floor":[61,61,55,55,53,38,38,38,38,38,30,30,20,20,39,13,65,33,33,33,13,0,0],"gold":51,"neow_bonus":"RANDOM_COMMON_RELIC","is_daily":false,"chose_seed":false,"campfire_upgraded":1,"win_rate":0.0,"timestamp":1613310564,"path_taken":["M","?","M","?","M","E","M","R","MIM","?","?","?","M","?","R","BOSS","M","?","$","?","M"],"items_purchased_type":["Card","Relic","Card"],"build_version":"2020-12-22","purchased_purges":0,"victory":false,"max_hp_per_floor":[65,65,65,65,65,65,65,65,65,65,65,65,65,65,65,65,65,65,65,65,65,65,65],"relic_stats":{"counters":[15,93],"Black Star":0,"Nloth\u0027s Gift":0,"obtain_stats":[{"AT_ATBox":0,"LagranYue:RandomDrawCardRelic":0,"Hammer of Thor":0,"DemoMod:GlassGuonStoneRelic":1,"Uniform":0,"Seething Fire":0,"Frozen Egg 2":2,"AT_ArchangelStaff":20,"Replay:Rubber Ducky":0,"Heaven_r":7,"LagranYue:GuidanceLightRelic":9,"Anvil of the Gods":0,"halation:PrussianBluePaint":9,"LetterFromLob":1,"Black Star":17,"Nloth\u0027s Gift":19,"Grinning Jar":6,"REME_ComplimentaryCards":0},{"AT_ATBox":0,"LagranYue:RandomDrawCardRelic":0,"Hammer of Thor":0,"DemoMod:GlassGuonStoneRelic":1,"Uniform":0,"Seething Fire":0,"Frozen Egg 2":4,"AT_ArchangelStaff":13,"Replay:Rubber Ducky":3,"Heaven_r":2,"LagranYue:GuidanceLightRelic":2,"Anvil of the Gods":0,"halation:PrussianBluePaint":9,"LetterFromLob":1,"Black Star":12,"Nloth\u0027s Gift":13,"Grinning Jar":7,"REME_ComplimentaryCards":0},{"AT_ATBox":0,"LagranYue:RandomDrawCardRelic":0,"Hammer of Thor":0,"DemoMod:GlassGuonStoneRelic":5,"Uniform":0,"Seething Fire":0,"Frozen Egg 2":23,"AT_ArchangelStaff":81,"Replay:Rubber Ducky":19,"Heaven_r":10,"LagranYue:GuidanceLightRelic":10,"Anvil of the Gods":0,"halation:PrussianBluePaint":54,"LetterFromLob":5,"Black Star":74,"Nloth\u0027s Gift":81,"Grinning Jar":39,"REME_ComplimentaryCards":0}]},"card_choices":[{"not_picked":["Rewind","BottledTime"],"picked":"Rearm","floor":1},{"not_picked":["DoubleEdge","Desolation"],"picked":"Gouge","floor":3},{"not_picked":["TimeWarp","Potential"],"picked":"SurpressingFire+1","floor":5},{"not_picked":["Starlight","ShatteredReality"],"picked":"Advance","floor":6},{"not_picked":["ShatteredReality","Contraction"],"picked":"Ricochet","floor":7},{"not_picked":["BottledTime","StarChef+1"],"picked":"Misdirection","floor":9},{"not_picked":["Alleviate","DoubleEdge"],"picked":"TimeWarp","floor":11},{"not_picked":[],"picked":"Foresight","floor":12},{"not_picked":["Starlight","Spin"],"picked":"BottledTime","floor":13},{"not_picked":["LightFlow","TheWorld"],"picked":"Sunlight","floor":16},{"not_picked":["Advance","Read"],"picked":"ShatteredReality","floor":18},{"not_picked":["Replace+1","ReturningBlade"],"picked":"Potential","floor":21}],"player_experience":38075,"relics_obtained":[{"floor":6,"key":"Grinning Jar"},{"floor":9,"key":"halation:PrussianBluePaint"}],"event_choices":[{"damage_healed":0,"gold_gain":0,"player_choice":"Agree","damage_taken":0,"max_hp_gain":0,"max_hp_loss":0,"event_name":"conspire:LoneGhost","floor":4,"gold_loss":0},{"damage_healed":0,"gold_gain":0,"player_choice":"Traded Relic","damage_taken":0,"relics_obtained":["Nloth\u0027s Gift"],"max_hp_gain":0,"max_hp_loss":0,"event_name":"N\u0027loth","floor":19,"relics_lost":["Seething Fire"],"gold_loss":0}],"is_beta":false,"boss_relics":[{"not_picked":["Replay:Drink Me","aspiration:PoetsPen_weak"],"picked":"Black Star"}],"items_purged_floors":[],"is_endless":false,"potions_floor_spawned":[3,5,6,13,16,21],"killed_by":"Snecko","ascension_level":0}}