{"host":"x1d9cj1vze2ie4yu","time":1613326241,"event":{"mods":["Act Like it!","BaseMod","Better Vampires","Conspire","Minty Spire (QoL Compilation)","Pale of the Ancients","Permanent Neow","Relic Stats","Reliquary","Replay The Spire","Spicy Shops","StSLib","[IsaacMod]以撒尖塔","【功能Mod】聪明的最终Boss"],"gold_per_floor":[113,113,132,307,319,348,348,348,348],"floor_reached":8,"language":"ZHS","playtime":198,"items_purged":[],"score":81,"play_id":"7cfe9f11-2625-4516-8b6b-f27798d22ff3","local_time":"20210215021041","is_ascension_mode":true,"campfire_choices":[{"data":"Offering","floor":7,"key":"SMITH"}],"circlet_count":0,"master_deck":["Strike_R","Strike_R","Strike_R","Strike_R","Defend_R","Defend_R","Defend_R","Defend_R","Bash","Rampage","Searing Blow","conspire:Charge","Doubt","Offering+1"],"relics":["Burning Blood","HushsDoor","PokeGo","Strawberry","Bag of Marbles"],"acts_visited":["Exordium"],"potions_floor_usage":[6],"damage_taken":[{"damage":14,"enemies":"Small Slimes","floor":1,"turns":4},{"damage":12,"enemies":"Jaw Worm","floor":3,"turns":2},{"damage":16,"enemies":"Cultist","floor":5,"turns":4},{"damage":24,"enemies":"Gremlin Nob","floor":6,"turns":3},{"damage":46,"enemies":"Lagavulin","floor":8,"turns":5}],"seed_played":"1759592982087395767","potions_obtained":[{"floor":1,"key":"Elixir"},{"floor":3,"key":"Adrenaline Potion"}],"is_trial":false,"path_per_floor":["M","?","M","?","M","E","R","E"],"character_chosen":"IRONCLAD","items_purchased":[],"campfire_rested":0,"item_purchase_floors":[],"current_hp_per_floor":[71,71,65,65,55,37,37,0,0],"gold":348,"neow_bonus":"RANDOM_COMMON_RELIC","is_daily":false,"chose_seed":false,"campfire_upgraded":1,"win_rate":0.0,"timestamp":1613326241,"path_taken":["M","?","?","?","M","E","R","E"],"items_purchased_type":[],"build_version":"2020-12-22","purchased_purges":0,"victory":false,"max_hp_per_floor":[87,87,87,87,87,87,87,87,87],"relic_stats":{"counters":[5,18],"obtain_stats":[{"KeepersGift":0,"PokeGo":0,"Strawberry":0,"Bag of Marbles":6,"HushsDoor":0,"Burning Blood":0},{"KeepersGift":0,"PokeGo":0,"Strawberry":0,"Bag of Marbles":4,"HushsDoor":0,"Burning Blood":0},{"KeepersGift":0,"PokeGo":0,"Strawberry":0,"Bag of Marbles":13,"HushsDoor":0,"Burning Blood":0}],"Burning Blood":24},"card_choices":[{"not_picked":["Iron Wave","Hemokinesis"],"picked":"Rampage","floor":1},{"not_picked":["Flex","Rupture"],"picked":"conspire:Charge","floor":3},{"not_picked":["Whirlwind","Wild Strike"],"picked":"Offering","floor":5},{"not_picked":["Dark Embrace","Armaments","Carnage"],"picked":"SKIP","floor":6}],"player_experience":81116,"relics_obtained":[{"floor":6,"key":"Bag of Marbles"}],"event_choices":[{"damage_healed":0,"gold_gain":0,"cards_transformed":["Strike_R"],"player_choice":"Change","damage_taken":0,"max_hp_gain":0,"max_hp_loss":0,"event_name":"Living Wall","floor":2,"gold_loss":0,"cards_obtained":["Searing Blow"]},{"damage_healed":0,"gold_gain":175,"player_choice":"AGREE","damage_taken":0,"max_hp_gain":0,"max_hp_loss":0,"event_name":"Liars Game","floor":4,"gold_loss":0,"cards_obtained":["Doubt"]}],"is_beta":false,"boss_relics":[],"items_purged_floors":[],"is_endless":false,"potions_floor_spawned":[1,3],"killed_by":"Lagavulin","ascension_level":9}}