{"host":"l4p18zw33fr8bdc3","time":1613310806,"event":{"mods":["AchievementEnabler","BaseMod","Bestiary","Block Reminder","Colored Map","Colored Powertips","Curses Come First","Minty Spire (QoL Compilation)","Quick Restart","Rare Cards Sparkle","StSLib"],"gold_per_floor":[111,121,136,149,25,25,58,75,100,100,100,116,116,126,126,221,221,238,238,258,268,268,268],"floor_reached":22,"language":"ENG","playtime":1101,"items_purged":["Strike_P"],"score":300,"play_id":"7bba37e7-5cc7-4331-a040-5e3f48e0aa08","local_time":"20210214085326","is_ascension_mode":true,"campfire_choices":[{"data":"Tantrum","floor":6,"key":"SMITH"},{"data":"Consecrate","floor":10,"key":"SMITH"},{"floor":13,"key":"REST"},{"data":"FlyingSleeves","floor":15,"key":"SMITH"}],"circlet_count":0,"master_deck":["Strike_P","Strike_P","Strike_P","Defend_P","Defend_P","Defend_P","Defend_P","Eruption","Vigilance","FlyingSleeves+1","SashWhip","Meditate","Tantrum+1","FlurryOfBlows","Evaluate","Consecrate+1","FlurryOfBlows","EmptyMind","Protect","FlurryOfBlows"],"relics":["Philosopher\u0027s Stone","Incense Burner","Toy Ornithopter","Busted Crown"],"acts_visited":["Exordium","TheCity"],"potions_floor_usage":[21],"damage_taken":[{"damage":7,"enemies":"Cultist","floor":1,"turns":5},{"damage":0,"enemies":"Jaw Worm","floor":2,"turns":4},{"damage":0,"enemies":"Small Slimes","floor":3,"turns":2},{"damage":7,"enemies":"Gremlin Gang","floor":4,"turns":4},{"damage":18,"enemies":"3 Sentries","floor":7,"turns":6},{"damage":0,"enemies":"Looter","floor":8,"turns":2},{"damage":18,"enemies":"Lots of Slimes","floor":12,"turns":3},{"damage":0,"enemies":"Exordium Thugs","floor":14,"turns":3},{"damage":0,"enemies":"Slime Boss","floor":16,"turns":4},{"damage":13,"enemies":"Shell Parasite","floor":18,"turns":2},{"damage":10,"enemies":"2 Thieves","floor":20,"turns":3},{"damage":24,"enemies":"3 Cultists","floor":21,"turns":4},{"damage":37,"enemies":"Cultist and Chosen","floor":22,"turns":6}],"seed_played":"140397071351334480","potions_obtained":[{"floor":3,"key":"Regen Potion"},{"floor":7,"key":"BottledMiracle"},{"floor":8,"key":"DuplicationPotion"}],"is_trial":false,"path_per_floor":["M","M","M","M","$","R","E","M","T","R","?","M","R","M","R","B",null,"M","?","M","M","M"],"character_chosen":"WATCHER","items_purchased":["FlurryOfBlows"],"campfire_rested":1,"item_purchase_floors":[5],"current_hp_per_floor":[65,65,65,58,58,58,40,40,40,40,40,22,43,43,43,43,65,52,45,35,28,0,0],"gold":268,"neow_bonus":"BOSS_RELIC","is_daily":false,"chose_seed":false,"campfire_upgraded":3,"win_rate":0.0,"timestamp":1613310806,"path_taken":["M","M","M","M","?","R","E","M","T","R","?","M","R","M","R","BOSS","M","?","M","?","M"],"items_purchased_type":["Card"],"build_version":"2020-12-22","purchased_purges":1,"victory":false,"max_hp_per_floor":[72,72,72,72,72,72,72,72,72,72,72,72,72,72,72,72,72,72,72,72,72,72,72],"card_choices":[{"not_picked":["SignatureMove","EmptyBody"],"picked":"FlyingSleeves","floor":1},{"not_picked":["ClearTheMind","Crescendo"],"picked":"SashWhip","floor":2},{"not_picked":["JustLucky","Prostrate"],"picked":"Meditate","floor":3},{"not_picked":["MasterReality","ForeignInfluence"],"picked":"Tantrum","floor":4},{"not_picked":["Meditate","BattleHymn"],"picked":"Evaluate","floor":7},{"not_picked":["FlurryOfBlows","FlyingSleeves"],"picked":"Consecrate","floor":8},{"not_picked":["ForeignInfluence","EmptyFist"],"picked":"FlurryOfBlows","floor":12},{"not_picked":["Halt","CutThroughFate"],"picked":"EmptyMind","floor":14},{"not_picked":[],"picked":"Protect","floor":18},{"not_picked":[],"picked":"FlurryOfBlows","floor":20},{"not_picked":["Study+1"],"picked":"SKIP","floor":21}],"player_experience":301441,"relics_obtained":[{"floor":7,"key":"Incense Burner"},{"floor":9,"key":"Toy Ornithopter"}],"event_choices":[{"damage_healed":0,"gold_gain":0,"player_choice":"Ignored","damage_taken":0,"max_hp_gain":0,"max_hp_loss":0,"event_name":"Golden Idol","floor":11,"gold_loss":0},{"damage_healed":0,"gold_gain":0,"player_choice":"Damaged","damage_taken":7,"max_hp_gain":0,"max_hp_loss":0,"event_name":"Wheel of Change","floor":19,"gold_loss":0}],"is_beta":false,"boss_relics":[{"not_picked":["Sozu","Ectoplasm"],"picked":"Busted Crown"}],"items_purged_floors":[5],"is_endless":false,"potions_floor_spawned":[3,7,8,12],"killed_by":"Cultist and Chosen","ascension_level":5}}