{"host":"yg1n0qads92lo9wl","time":1613302885,"event":{"mods":["BaseMod","Downfall","Luminous","Minty Spire (QoL Compilation)","StSLib","Warlord Emblem"],"gold_per_floor":[99,116,116,116,116,116,139,139,139,164,177,203,213,245,262,262,262,262],"floor_reached":16,"language":"ZHS","playtime":3392,"items_purged":[],"score":130,"play_id":"2da4c215-ed20-47c9-8ef9-7451a98ee9ab","local_time":"20210214194125","is_ascension_mode":true,"campfire_choices":[{"data":"champ:Taunt","floor":1.0,"key":"SMITH"},{"data":"champ:BerserkerStyle","floor":6.0,"key":"SMITH"},{"data":"champ:Lariat","floor":9.0,"key":"SMITH"}],"circlet_count":0,"master_deck":["champ:Strike","champ:Strike","champ:Strike","champ:Strike","champ:Defend","champ:Defend","champ:Defend","champ:Defend","champ:Execute","champ:Taunt+1","champ:BerserkerStyle+1","champ:Haymaker","champ:Lariat+1","champ:TripleStrike","champ:TripleStrike","champ:Shatter","champ:DancingMaster","champ:StanceDance","champ:GutPunch"],"relics":["SacredBark","Strawberry","Oddly Smooth Stone","WingedGreaves","Blue Candle","Tiny Chest"],"acts_visited":["Exordium"],"potions_floor_usage":[14,16],"damage_taken":[{"damage":32.0,"enemies":"Small Slimes","floor":2.0,"turns":4.0},{"damage":0.0,"enemies":"Cultist","floor":5.0,"turns":1.0},{"damage":60.0,"enemies":"Lagavulin","floor":10.0,"turns":6.0},{"damage":18.0,"enemies":"2 Louse","floor":11.0,"turns":2.0},{"damage":66.0,"enemies":"3 Sentries","floor":12.0,"turns":6.0},{"damage":27.0,"enemies":"Exordium Wildlife","floor":13.0,"turns":5.0},{"damage":28,"enemies":"Lagavulin","floor":14,"turns":5},{"damage":6,"enemies":"2 Fungi Beasts","floor":15,"turns":4},{"damage":7,"enemies":"SI_SHIV_ARCHETYPE","floor":16,"turns":2}],"seed_played":"4385691164337921388","potions_obtained":[{"floor":2.0,"key":"Block Potion"},{"floor":11.0,"key":"CultistPotion"},{"floor":14,"key":"Explosive Potion"}],"is_trial":false,"path_per_floor":["R","M","?","?","M","R","T","?","R","E","M","E","M","E","M","B"],"character_chosen":"THE_CHAMP","items_purchased":[],"campfire_rested":0,"item_purchase_floors":[],"current_hp_per_floor":[90,78,78,82,82,82,82,82,82,56,48,30,28,10,4,0,0,0],"gold":262,"neow_bonus":"BOSS_RELIC","is_daily":false,"chose_seed":false,"campfire_upgraded":3,"win_rate":0.0,"timestamp":1613302885,"path_taken":["R","M","?","?","M","R","T","?","R","E","?","E","M","E","M","BOSS"],"items_purchased_type":[],"build_version":"2020-12-22","purchased_purges":0,"victory":false,"max_hp_per_floor":[90,90,90,97,97,97,97,97,97,97,97,97,97,97,97,97,97,97],"card_choices":[{"not_picked":["champ:Lariat","champ:ShieldWall"],"picked":"champ:BerserkerStyle","floor":2.0},{"not_picked":["champ:FancyFootwork","champ:FlashCut"],"picked":"champ:Haymaker","floor":5.0},{"not_picked":["champ:ShieldSigil","champ:EnGarde"],"picked":"champ:TripleStrike","floor":10.0},{"not_picked":["champ:Backstep","champ:EndlessRage"],"picked":"champ:Shatter","floor":11.0},{"not_picked":["champ:PreciseThrust","champ:Endure"],"picked":"champ:DancingMaster","floor":12.0},{"not_picked":["champ:CalledShot","champ:Parry","champ:ShieldSlam"],"picked":"SKIP","floor":13.0},{"not_picked":["champ:ShieldWall","champ:Backstep"],"picked":"champ:StanceDance","floor":14},{"not_picked":["champ:StanceDance","champ:SkillfulDodge"],"picked":"champ:GutPunch","floor":15}],"player_experience":533208,"relics_obtained":[{"floor":7.0,"key":"Oddly Smooth Stone"},{"floor":10.0,"key":"WingedGreaves"},{"floor":12.0,"key":"Blue Candle"},{"floor":14,"key":"Tiny Chest"}],"event_choices":[{"damage_healed":0.0,"max_hp_gain":0.0,"max_hp_loss":0.0,"gold_gain":0.0,"event_name":"Scrap Ooze","player_choice":"Success","floor":4.0,"gold_loss":0.0,"damage_taken":3.0,"relics_obtained":["Strawberry"]}],"is_beta":false,"boss_relics":[],"items_purged_floors":[],"is_endless":false,"potions_floor_spawned":[2,11,14],"killed_by":"SI_SHIV_ARCHETYPE","ascension_level":2}}