{"host":"April","time":1613284851,"event":{"mods":["BaseMod","Minty Spire (QoL Compilation)"],"gold_per_floor":[211,221,20,37,112,140,4,36,63,95,105,105,105,118,118,217,217,231,247,297,362,307,307,307,307],"floor_reached":24,"language":"ENG","playtime":2127,"items_purged":[],"score":248,"play_id":"9f3e49c0-61be-452d-8c16-3aaabc5c5b44","local_time":"20210213224051","is_ascension_mode":true,"campfire_choices":[{"floor":15.0,"key":"REST"},{"data":"Adrenaline","floor":23.0,"key":"SMITH"}],"circlet_count":0,"master_deck":["Strike_G","Strike_G+1","Strike_G","Strike_G","Strike_G","Defend_G","Defend_G","Defend_G","Defend_G","Defend_G","Survivor","Neutralize","Crippling Poison","Quick Slash+1","Poisoned Stab","Flying Knee","Dagger Spray","Well Laid Plans","Sucker Punch","Flying Knee","Predator","Deflect","Dash","Adrenaline+1","Terror+1","Backflip","Flechettes"],"relics":["Ring of the Snake","Tiny Chest","Centennial Puzzle","Whetstone","Happy Flower","Omamori","Vajra","SsserpentHead","Cursed Key","Bottled Lightning"],"acts_visited":["Exordium","TheCity"],"potions_floor_usage":[],"damage_taken":[{"damage":3.0,"enemies":"Jaw Worm","floor":1.0,"turns":5.0},{"damage":2.0,"enemies":"2 Louse","floor":2.0,"turns":3.0},{"damage":2.0,"enemies":"Small Slimes","floor":4.0,"turns":3.0},{"damage":14.0,"enemies":"Gremlin Nob","floor":6.0,"turns":4.0},{"damage":18.0,"enemies":"Lagavulin","floor":8.0,"turns":4.0},{"damage":6.0,"enemies":"3 Sentries","floor":10.0,"turns":6.0},{"damage":9.0,"enemies":"Red Slaver","floor":11.0,"turns":2.0},{"damage":0.0,"enemies":"2 Fungi Beasts","floor":14.0,"turns":2.0},{"damage":23.0,"enemies":"Slime Boss","floor":16.0,"turns":11.0},{"damage":0.0,"enemies":"3 Byrds","floor":18.0,"turns":3.0},{"damage":0.0,"enemies":"Chosen","floor":19.0,"turns":3.0},{"damage":0.0,"enemies":"Centurion and Healer","floor":21.0,"turns":4.0},{"damage":9.0,"enemies":"Slavers","floor":24.0,"turns":3.0}],"seed_played":"-7699126525311278656","potions_obtained":[{"floor":1.0,"key":"Fire Potion"},{"floor":4.0,"key":"DuplicationPotion"},{"floor":6.0,"key":"BlessingOfTheForge"},{"floor":14.0,"key":"Energy Potion"},{"floor":21.0,"key":"PowerPotion"}],"is_trial":false,"path_per_floor":["M","M","$","M","?","E","$","E","T","E","M","?","?","M","R","B",null,"M","M","T","M","$","R","E"],"character_chosen":"THE_SILENT","items_purchased":["Tiny Chest","Poisoned Stab","Well Laid Plans","AttackPotion","Sucker Punch","EntropicBrew"],"campfire_rested":1,"item_purchase_floors":[3,3,7,7,7,22],"current_hp_per_floor":[67,65,65,63,52,38,38,20,20,14,5,5,5,5,26,3,70,70,70,70,70,70,70,61,61],"gold":307,"neow_bonus":"HUNDRED_GOLD","is_daily":false,"chose_seed":false,"campfire_upgraded":1,"win_rate":0.0,"timestamp":1613284851,"path_taken":["M","M","$","M","?","E","$","E","T","E","M","?","?","M","R","BOSS","M","M","?","?","?","R","E"],"items_purchased_type":["Relic","Card","Card","Potion","Card","Potion"],"build_version":"2020-12-18","purchased_purges":0,"victory":false,"max_hp_per_floor":[70,70,70,70,70,70,70,70,70,70,70,70,70,70,70,70,70,70,70,70,70,70,70,70,70],"card_choices":[{"not_picked":["Finisher","Blade Dance"],"picked":"Crippling Poison","floor":1.0},{"not_picked":["Concentrate","Masterful Stab"],"picked":"Quick Slash","floor":2.0},{"not_picked":["Backflip","Concentrate"],"picked":"Flying Knee","floor":4.0},{"not_picked":["Underhanded Strike","Expertise"],"picked":"Dagger Spray","floor":6.0},{"not_picked":["Slice","Expertise"],"picked":"Flying Knee","floor":8.0},{"not_picked":["Reflex","Heel Hook"],"picked":"Predator","floor":10.0},{"not_picked":["Blade Dance","Slice"],"picked":"Deflect","floor":11.0},{"not_picked":["Deflect","Concentrate"],"picked":"Dash","floor":14.0},{"not_picked":["Tools of the Trade","After Image"],"picked":"Adrenaline","floor":16.0},{"not_picked":["Calculated Gamble","Quick Slash"],"picked":"Terror+1","floor":18.0},{"not_picked":["Skewer","Dagger Throw"],"picked":"Backflip","floor":19.0},{"not_picked":["Underhanded Strike","Cloak And Dagger+1"],"picked":"Flechettes","floor":21.0}],"player_experience":2666845,"relics_obtained":[{"floor":6.0,"key":"Centennial Puzzle"},{"floor":8.0,"key":"Whetstone"},{"floor":9.0,"key":"Happy Flower"},{"floor":10.0,"key":"Omamori"},{"floor":20.0,"key":"Bottled Lightning"}],"event_choices":[{"damage_healed":0.0,"max_hp_gain":0.0,"max_hp_loss":0.0,"gold_gain":75.0,"event_name":"World of Goop","player_choice":"Gather Gold","floor":5.0,"gold_loss":0.0,"damage_taken":11.0},{"damage_healed":0.0,"max_hp_gain":0.0,"max_hp_loss":0.0,"gold_gain":0.0,"event_name":"Big Fish","player_choice":"Box","floor":12.0,"gold_loss":0.0,"damage_taken":0.0,"relics_obtained":["Vajra"],"cards_obtained":["Regret"]},{"damage_healed":0.0,"max_hp_gain":0.0,"max_hp_loss":0.0,"gold_gain":0.0,"event_name":"FaceTrader","player_choice":"Trade","floor":13.0,"gold_loss":0.0,"damage_taken":0.0,"relics_obtained":["SsserpentHead"]}],"is_beta":true,"boss_relics":[{"not_picked":["SacredBark","Philosopher\u0027s Stone"],"picked":"Cursed Key"}],"items_purged_floors":[],"is_endless":false,"potions_floor_spawned":[1,4,6,14,21],"killed_by":"Slavers","ascension_level":1}}