{"host":"id23shmscryl4psl","time":1613276206,"event":{"mods":["BaseMod","Better Altar","Better Match","Better Note","Better Sensory Stone","Better Skull","Better Third Choice","Colored Map","Colored Powertips","Dark Map","HololiveMod","Minty Spire (QoL Compilation)","Rare Cards Sparkle","Relic Stats","Robot Space Explorer","StSLib"],"gold_per_floor":[81,93,18,36,52,86,86,86,111,136,152,152,184,37,37,142,142,67,67,80,4,4,34,49,101,124,154,154,173,208,226,226,328,378,395,445,0,50,50,50,80,80,80,96,96,121,134,148,148,148],"floor_reached":51,"language":"ENG","playtime":2635,"items_purged":["Hololive_OvertimeWork"],"score":1336,"play_id":"13fa5b15-4ba4-4dfb-ade6-291bec9d0a6d","local_time":"20210213211646","is_ascension_mode":true,"campfire_choices":[{"data":"Hololive_CallYuzukiChoco","floor":12,"key":"SMITH"},{"data":"Hololive_WolfAndLamb","floor":15,"key":"SMITH"},{"data":"Hololive_CallOzoraSubaru","floor":28,"key":"SMITH"},{"floor":32,"key":"RECALL"},{"floor":40,"key":"DIG"},{"floor":45,"key":"DIG"},{"floor":49,"key":"DIG"}],"circlet_count":0,"master_deck":["Hololive_Strike","Hololive_Strike","Hololive_Defend","Hololive_Defend","Hololive_CallMurasakiShion","Hololive_CallHoshimachiSuisei","Hololive_CallTokoyamiTowa","Hololive_CallYuzukiChoco+1","Hololive_CallOzoraSubaru+1","Normality","Hololive_CallAkiRosenthal","Hololive_CallNakiriAyame+1","Hololive_Drill","Hololive_ASMR","Hololive_MaximGun+1","Hololive_AWSL","Hololive_StrengthChampion","Hololive_WolfAndLamb+1","Hololive_WolfAndLamb","CurseOfTheBell","Hololive_CallNatsuiroMatsuri","Hololive_CallAiraniIofifteen","Hololive_Yoholoon","Ghostly+1","Ghostly","Ghostly","Ghostly","Ghostly","Hololive_MaximGun","Hololive_CallHoushouMarine","Hololive_CallNekomataOkayu+1","Hololive_CallRoboco+1","Hololive_CallYozoraMel+1","Hololive_DurableLive","Hololive_Yoholoon","Hololive_CallNatsuiroMatsuri+1","Hololive_CallShiroganeNoel+1","Hololive_IdolExercise","Hololive_HuntDinosaur+1","Hololive_Teleport+1","Hololive_CallUruhaRushia+1","Hololive_CocoNews+1"],"relics":["Hololive_TheStar","Torii","Nunchaku","Bronze Scales","MealTicket","Ancient Tea Set","Gremlin Horn","Sling","Calling Bell","Tiny Chest","Shuriken","Gambling Chip","Bag of Preparation","Bag of Marbles","Juzu Bracelet","Lantern","Darkstone Periapt","Tiny House","Thread and Needle","Red Mask","Shovel","Meat on the Bone","Toxic Egg 2","Sundial","Pantograph","InkBottle","Centennial Puzzle","Pear"],"acts_visited":["Exordium","TheCity","TheBeyond"],"potions_floor_usage":[6,10,16,18,34,36,41,44,46],"damage_taken":[{"damage":0,"enemies":"Cultist","floor":1,"turns":4},{"damage":0,"enemies":"2 Louse","floor":2,"turns":3},{"damage":0,"enemies":"Small Slimes","floor":4,"turns":3},{"damage":0,"enemies":"Blue Slaver","floor":5,"turns":5},{"damage":0,"enemies":"Gremlin Nob","floor":6,"turns":4},{"damage":28,"enemies":"3 Sentries","floor":10,"turns":10},{"damage":0,"enemies":"Looter","floor":11,"turns":4},{"damage":16,"enemies":"Lagavulin","floor":13,"turns":6},{"damage":0,"enemies":"Hexaghost","floor":16,"turns":6},{"damage":14,"enemies":"2 Thieves","floor":18,"turns":5},{"damage":0,"enemies":"Shell Parasite","floor":20,"turns":3},{"damage":0,"enemies":"Book of Stabbing","floor":23,"turns":4},{"damage":0,"enemies":"Chosen and Byrds","floor":24,"turns":3},{"damage":0,"enemies":"Gremlin Leader","floor":27,"turns":4},{"damage":0,"enemies":"Shelled Parasite and Fungi","floor":29,"turns":2},{"damage":0,"enemies":"Book of Stabbing","floor":30,"turns":3},{"damage":0,"enemies":"Centurion and Healer","floor":31,"turns":3},{"damage":0,"enemies":"Champ","floor":33,"turns":6},{"damage":0,"enemies":"Orb Walker","floor":35,"turns":3},{"damage":0,"enemies":"2 Orb Walkers","floor":36,"turns":4},{"damage":0,"enemies":"Mind Bloom Boss Battle","floor":38,"turns":4},{"damage":0,"enemies":"Giant Head","floor":41,"turns":6},{"damage":0,"enemies":"3 Darklings","floor":44,"turns":2},{"damage":0,"enemies":"Reptomancer","floor":46,"turns":3},{"damage":0,"enemies":"Transient","floor":47,"turns":5},{"damage":0,"enemies":"Maw","floor":48,"turns":5},{"damage":0,"enemies":"Time Eater","floor":50,"turns":8}],"seed_played":"-95408324742698761","potions_obtained":[{"floor":1,"key":"SkillPotion"},{"floor":2,"key":"LiquidMemories"},{"floor":4,"key":"Regen Potion"},{"floor":13,"key":"DistilledChaos"},{"floor":27,"key":"CultistPotion"},{"floor":30,"key":"Fruit Juice"},{"floor":31,"key":"SteroidPotion"},{"floor":34,"key":"LiquidBronze"},{"floor":38,"key":"ColorlessPotion"},{"floor":41,"key":"DistilledChaos"},{"floor":44,"key":"DuplicationPotion"}],"is_trial":false,"path_per_floor":["M","M","$","M","M","E","?","?","T","E","M","R","E","$","R","B",null,"M","?","M","$","?","E","M","T","T","E","R","M","E","M","R","B",null,"M","?","?","?","T","R","E","?","T","M","R","E","M","M","R","B",null],"character_chosen":"Hololive_HololiveCharacter","items_purchased":["Sling","Hololive_Yoholoon"],"campfire_rested":0,"item_purchase_floors":[14,21],"current_hp_per_floor":[35,35,35,35,35,35,35,35,35,22,23,23,8,23,23,24,38,25,25,26,40,20,21,22,22,22,23,23,24,25,26,26,27,37,38,39,39,40,40,40,41,41,41,42,42,43,44,45,55,56],"gold":148,"neow_bonus":"ONE_RARE_RELIC","is_daily":false,"chose_seed":false,"campfire_upgraded":3,"win_rate":0.0,"timestamp":1613276206,"path_taken":["M","M","$","M","M","E","?","?","T","E","M","R","E","$","R","BOSS","M","?","M","?","?","E","M","?","T","E","R","M","E","M","R","BOSS","M","?","?","?","?","R","E","?","T","M","R","E","M","M","R","BOSS"],"items_purchased_type":["Relic","Card"],"build_version":"2020-12-22","purchased_purges":1,"victory":true,"max_hp_per_floor":[35,35,35,35,35,35,35,35,35,35,36,36,37,37,37,38,38,39,39,40,40,20,21,22,22,22,23,23,24,25,26,26,27,37,38,39,39,40,40,40,41,41,41,42,42,43,44,45,55,56],"relic_stats":{"Darkstone Periapt":0,"Torii":10,"Gremlin Horn":[12,12],"counters":[27,118],"Bag of Preparation":[30],"Juzu Bracelet":1,"Nunchaku":[12],"Centennial Puzzle":[0],"Shovel":3,"Shuriken":[10],"Sundial":[0],"Bronze Scales":[314],"Gambling Chip":[28],"Pantograph":0,"MealTicket":29,"Tiny Chest":2,"obtain_stats":[{"Darkstone Periapt":30,"Lantern":27,"Tiny House":34,"Torii":0,"Gremlin Horn":13,"Bag of Preparation":23,"Juzu Bracelet":26,"Ancient Tea Set":10,"Sling":14,"Nunchaku":6,"Centennial Puzzle":46,"Shovel":38,"Sundial":41,"Gambling Chip":17,"Pantograph":43,"MealTicket":9,"Tiny Chest":17,"Red Mask":37,"Toxic Egg 2":40,"InkBottle":45,"Pear":49,"Thread and Needle":36,"Calling Bell":17,"Shuriken":17,"Bronze Scales":7,"Hololive_TheStar":0,"Bag of Marbles":25,"Meat on the Bone":39},{"Darkstone Periapt":16,"Lantern":14,"Tiny House":18,"Torii":0,"Gremlin Horn":8,"Bag of Preparation":12,"Juzu Bracelet":13,"Ancient Tea Set":6,"Sling":8,"Nunchaku":5,"Centennial Puzzle":24,"Shovel":21,"Sundial":22,"Gambling Chip":9,"Pantograph":22,"MealTicket":5,"Tiny Chest":9,"Red Mask":20,"Toxic Egg 2":21,"InkBottle":23,"Pear":26,"Thread and Needle":20,"Calling Bell":9,"Shuriken":9,"Bronze Scales":5,"Hololive_TheStar":0,"Bag of Marbles":13,"Meat on the Bone":21},{"Darkstone Periapt":69,"Lantern":64,"Tiny House":78,"Torii":0,"Gremlin Horn":39,"Bag of Preparation":57,"Juzu Bracelet":60,"Ancient Tea Set":29,"Sling":39,"Nunchaku":19,"Centennial Puzzle":100,"Shovel":89,"Sundial":95,"Gambling Chip":45,"Pantograph":95,"MealTicket":19,"Tiny Chest":45,"Red Mask":85,"Toxic Egg 2":89,"InkBottle":97,"Pear":110,"Thread and Needle":85,"Calling Bell":45,"Shuriken":45,"Bronze Scales":19,"Hololive_TheStar":0,"Bag of Marbles":60,"Meat on the Bone":89}],"InkBottle":[9],"Meat on the Bone":0},"card_choices":[{"not_picked":["Hololive_RevenueBasedLive","Hololive_LuckPotion","Hololive_HuntDinosaur"],"picked":"Hololive_CallAkiRosenthal","floor":1},{"not_picked":["Hololive_FlyingPonyTail","Hololive_Yoholoon","Hololive_CallRoboco"],"picked":"Hololive_CallNakiriAyame","floor":2},{"not_picked":["Hololive_RevenueBasedLive","Hololive_Trident","Hololive_Rebound"],"picked":"Hololive_Drill","floor":4},{"not_picked":["Hololive_CallOzoraSubaru","Hololive_Breathe","Hololive_Drill"],"picked":"Hololive_ASMR","floor":5},{"not_picked":["Hololive_CallAkaiHaato","Hololive_HuntDinosaur","Hololive_CocoNews"],"picked":"Hololive_MaximGun","floor":6},{"not_picked":["Hololive_Trident","Hololive_CallMinatoAqua","Hololive_Psychosis"],"picked":"Hololive_AWSL","floor":10},{"not_picked":["Hololive_Psychosis","Hololive_Trident","Hololive_Rebound"],"picked":"Hololive_StrengthChampion","floor":11},{"not_picked":["Hololive_FlyingPonyTail","Hololive_CallOkamiMio","Hololive_CallHoshimachiSuisei"],"picked":"Hololive_WolfAndLamb","floor":13},{"not_picked":["Hololive_Recruit","Hololive_OpenUp","Hololive_BeCareful"],"picked":"Hololive_WolfAndLamb","floor":16},{"not_picked":["Hololive_OvertimeWork+1","Hololive_FlyingPonyTail+1","Hololive_HuntDinosaur"],"picked":"Hololive_CallNatsuiroMatsuri","floor":18},{"not_picked":["Hololive_CallAmaneKanata","Hololive_CallSakuraMiko","Hololive_CallShirakamiFubuki+1"],"picked":"Hololive_CallAiraniIofifteen","floor":20},{"not_picked":["Hololive_ScarfAndHalo","Hololive_Sequa+1","Hololive_Rebound"],"picked":"Hololive_MaximGun","floor":23},{"not_picked":["Hololive_Trident","Hololive_CallUruhaRushia","Hololive_Breathe"],"picked":"Hololive_CallHoushouMarine","floor":24},{"not_picked":["Hololive_Teleport+1","Hololive_CallHoushouMarine","Hololive_LuckPotion+1"],"picked":"Hololive_CallNekomataOkayu+1","floor":27},{"not_picked":["Hololive_Rebound","Hololive_Drill","Hololive_FlyingPonyTail"],"picked":"Hololive_CallRoboco+1","floor":29},{"not_picked":["Hololive_FlyingPonyTail","Hololive_LuckPotion+1","Hololive_Trident+1"],"picked":"Hololive_CallYozoraMel+1","floor":30},{"not_picked":["Hololive_CallYuzukiChoco","Hololive_Rebound","Hololive_RevenueBasedLive","Hololive_HuntDinosaur"],"picked":"SKIP","floor":31},{"not_picked":["Hololive_WolfAndLamb","Hololive_Rebirth","Hololive_ASMR"],"picked":"Hololive_DurableLive","floor":33},{"not_picked":["Hololive_Rebound+1","Hololive_StrengthChampion+1","Hololive_Drill"],"picked":"Hololive_Yoholoon","floor":34},{"not_picked":["Hololive_CallRoboco","Hololive_CallNekomataOkayu+1","Hololive_HuntDinosaur+1"],"picked":"Hololive_CallNatsuiroMatsuri+1","floor":35},{"not_picked":["Hololive_Rebound","Hololive_HuntDinosaur+1","Hololive_FlyingPonyTail+1"],"picked":"Hololive_CallShiroganeNoel+1","floor":36},{"not_picked":["Hololive_FlyingPonyTail+1","Hololive_Sequa","Hololive_OvertimeWork+1"],"picked":"Hololive_IdolExercise","floor":38},{"not_picked":["Hololive_Sequa+1","Hololive_Drill+1","Hololive_RevenueBasedLive+1"],"picked":"Hololive_Trident+1","floor":41},{"not_picked":["Hololive_Sequa","Hololive_OvertimeWork","Hololive_StrengthChampion"],"picked":"Hololive_HuntDinosaur+1","floor":44},{"not_picked":["Hololive_Drill+1","Hololive_FlyingPonyTail+1","Hololive_CallMurasakiShion"],"picked":"Hololive_Teleport+1","floor":46},{"not_picked":["Hololive_Breathe+1","Hololive_LuckPotion+1","Hololive_CallShiroganeNoel+1"],"picked":"Hololive_CallUruhaRushia+1","floor":47},{"not_picked":["Hololive_StrengthChampion","Hololive_ASMR","Hololive_FlyingPonyTail+1"],"picked":"Hololive_CocoNews+1","floor":48}],"player_experience":96103,"relics_obtained":[{"floor":6,"key":"Nunchaku"},{"floor":9,"key":"MealTicket"},{"floor":10,"key":"Ancient Tea Set"},{"floor":13,"key":"Gremlin Horn"},{"floor":17,"key":"Tiny Chest"},{"floor":17,"key":"Shuriken"},{"floor":17,"key":"Gambling Chip"},{"floor":23,"key":"Bag of Preparation"},{"floor":25,"key":"Bag of Marbles"},{"floor":26,"key":"Juzu Bracelet"},{"floor":27,"key":"Lantern"},{"floor":30,"key":"Darkstone Periapt"},{"floor":36,"key":"Thread and Needle"},{"floor":38,"key":"Shovel"},{"floor":39,"key":"Meat on the Bone"},{"floor":40,"key":"Toxic Egg 2"},{"floor":41,"key":"Sundial"},{"floor":43,"key":"Pantograph"},{"floor":45,"key":"InkBottle"},{"floor":46,"key":"Centennial Puzzle"},{"floor":49,"key":"Pear"}],"event_choices":[{"damage_healed":0,"gold_gain":0,"player_choice":"Searched \u00271\u0027 times","damage_taken":0,"relics_obtained":["Bronze Scales"],"max_hp_gain":0,"max_hp_loss":0,"event_name":"Dead Adventurer","floor":7,"gold_loss":0},{"damage_healed":0,"gold_gain":0,"player_choice":"Grow","damage_taken":0,"max_hp_gain":0,"max_hp_loss":0,"event_name":"Living Wall","floor":8,"gold_loss":0,"cards_upgraded":["Hololive_MaximGun"]},{"damage_healed":0,"gold_gain":0,"player_choice":"Upgraded","damage_taken":0,"max_hp_gain":0,"max_hp_loss":0,"event_name":"Upgrade Shrine","floor":19,"gold_loss":0,"cards_upgraded":["Hololive_CallNakiriAyame"]},{"damage_healed":0,"gold_gain":0,"player_choice":"Became a Ghost","damage_taken":0,"max_hp_gain":0,"max_hp_loss":20,"event_name":"Ghosts","floor":22,"gold_loss":0,"cards_obtained":["Ghostly","Ghostly","Ghostly","Ghostly","Ghostly"]},{"damage_healed":0,"gold_gain":0,"player_choice":"Fight","damage_taken":0,"max_hp_gain":0,"max_hp_loss":0,"event_name":"Mysterious Sphere","floor":36,"gold_loss":0},{"damage_healed":0,"gold_gain":0,"player_choice":"Paid","damage_taken":0,"relics_obtained":["Red Mask"],"max_hp_gain":0,"max_hp_loss":0,"event_name":"Tomb of Lord Red Mask","floor":37,"gold_loss":445},{"damage_healed":0,"gold_gain":0,"player_choice":"Fight","damage_taken":0,"max_hp_gain":0,"max_hp_loss":0,"event_name":"MindBloom","floor":38,"gold_loss":0},{"cards_removed":["Hololive_Trident"],"damage_healed":0,"gold_gain":0,"player_choice":"Removed Attack","damage_taken":0,"max_hp_gain":0,"max_hp_loss":0,"event_name":"Falling","floor":42,"gold_loss":0}],"is_beta":false,"boss_relics":[{"not_picked":["Black Star","Snecko Eye"],"picked":"Calling Bell"},{"not_picked":["Runic Dome","Hololive_TopUpMoneyS"],"picked":"Tiny House"}],"items_purged_floors":[3],"is_endless":false,"potions_floor_spawned":[1,2,4,13,27,30,31,38,41,44],"ascension_level":1}}