{"host":"i4d8tgqbnmcnjm0a","time":1613264436,"event":{"mods":["BaseMod","Keyboard Shortcuts","Minty Spire (QoL Compilation)"],"gold_per_floor":[115,65,85,160,179,179,56,81,152,185,185,155,155,167,167,167,167],"floor_reached":16,"language":"ENG","playtime":1148,"items_purged":["Defend_G"],"score":124,"play_id":"db1793c8-cc1e-4174-b5af-d8dcaed99ad3","local_time":"20210213200036","is_ascension_mode":true,"campfire_choices":[{"floor":6,"key":"REST"},{"floor":13,"key":"REST"},{"floor":15,"key":"REST"}],"circlet_count":0,"master_deck":["Strike_G","Strike_G","Strike_G","Strike_G","Defend_G","Defend_G","Defend_G","Defend_G","Survivor","Neutralize","Predator","Cloak And Dagger","Blur","Predator","Deflect"],"relics":["Ring of the Snake","Strawberry","Blood Vial","Frozen Egg 2","Juzu Bracelet","The Specimen"],"acts_visited":["Exordium"],"potions_floor_usage":[8,8,10,16,16],"damage_taken":[{"damage":5,"enemies":"Small Slimes","floor":1,"turns":6},{"damage":0,"enemies":"2 Louse","floor":3,"turns":2},{"damage":0,"enemies":"Cultist","floor":5,"turns":3},{"damage":24,"enemies":"Lagavulin","floor":8,"turns":7},{"damage":22,"enemies":"Gremlin Nob","floor":10,"turns":4},{"damage":3,"enemies":"Exordium Wildlife","floor":14,"turns":4},{"damage":64,"enemies":"Slime Boss","floor":16,"turns":13}],"seed_played":"-3743675216796770071","potions_obtained":[{"floor":1,"key":"Energy Potion"},{"floor":3,"key":"LiquidMemories"},{"floor":8,"key":"LiquidBronze"},{"floor":12,"key":"GamblersBrew"},{"floor":12,"key":"SmokeBomb"}],"is_trial":false,"path_per_floor":["M","?","M","?","M","R","$","E","T","E","?","?","R","M","R","B"],"character_chosen":"THE_SILENT","items_purchased":["BlessingOfTheForge"],"campfire_rested":3,"item_purchase_floors":[7],"current_hp_per_floor":[72,72,72,61,61,77,77,53,53,33,15,15,38,37,60,0,0],"gold":167,"neow_bonus":"RANDOM_COMMON_RELIC","is_daily":false,"chose_seed":false,"campfire_upgraded":0,"win_rate":0.0,"timestamp":1613264436,"path_taken":["M","?","M","?","M","R","$","E","T","E","?","?","R","M","R","BOSS"],"items_purchased_type":["Potion"],"build_version":"2020-12-22","purchased_purges":1,"victory":false,"max_hp_per_floor":[77,77,77,77,77,77,77,77,77,77,77,77,77,77,77,77,77],"card_choices":[{"not_picked":["Dash","Blade Dance"],"picked":"Predator","floor":1},{"not_picked":["Acrobatics","Riddle With Holes"],"picked":"Cloak And Dagger","floor":3},{"not_picked":["Underhanded Strike","Dagger Throw"],"picked":"Blur","floor":5},{"not_picked":["Dodge and Roll","Concentrate","Infinite Blades"],"picked":"SKIP","floor":8},{"not_picked":["Cloak And Dagger","Blade Dance"],"picked":"Predator","floor":10},{"not_picked":["Terror","Dash"],"picked":"Deflect","floor":14}],"player_experience":310895,"relics_obtained":[{"floor":8,"key":"Blood Vial"},{"floor":9,"key":"Frozen Egg 2"},{"floor":10,"key":"Juzu Bracelet"}],"event_choices":[{"cards_removed":["Strike_G"],"damage_healed":0,"gold_gain":0,"player_choice":"Card Removal","damage_taken":0,"max_hp_gain":0,"max_hp_loss":0,"event_name":"The Cleric","floor":2,"gold_loss":50},{"damage_healed":0,"gold_gain":75,"player_choice":"Gather Gold","damage_taken":11,"max_hp_gain":0,"max_hp_loss":0,"event_name":"World of Goop","floor":4,"gold_loss":0},{"damage_healed":0,"gold_gain":0,"player_choice":"Success","damage_taken":18,"relics_obtained":["The Specimen"],"max_hp_gain":0,"max_hp_loss":0,"event_name":"Scrap Ooze","floor":11,"gold_loss":0},{"damage_healed":0,"gold_gain":0,"player_choice":"Bought 2 Potions","damage_taken":0,"max_hp_gain":0,"max_hp_loss":0,"event_name":"The Woman in Blue","floor":12,"gold_loss":0}],"is_beta":false,"boss_relics":[],"items_purged_floors":[7],"is_endless":false,"potions_floor_spawned":[1,3,8],"killed_by":"Slime Boss","ascension_level":3}}