{"host":"5m2js577gj4e7pak","time":1613271664,"event":{"mods":["AchievementEnabler","BaseMod","Better Match","Better Note","Better Third Choice","BetterRewards","Colored Map","Colored Powertips","Highlight Path","Infinite Spire","Lobotomy","LobotomyExtend","Minty Spire (QoL Compilation)","Quick Restart","Relic Filter","Spicy Shops","StSLib"],"gold_per_floor":[11,11,22,41,41,41,53,63,63,88,34,53,28,28,28],"floor_reached":14,"language":"ENG","playtime":612,"items_purged":[],"score":97,"play_id":"d66b043f-d286-46be-89fe-a48e7d38eba1","local_time":"20210214040104","is_ascension_mode":true,"campfire_choices":[],"circlet_count":0,"master_deck":["SpecialBullet","SpecialBullet","SpecialBullet","SpecialBullet","SpecialBullet","SpecialBullet","SpecialBullet","SpecialBullet","InformationCode","SecurityCode","TrainingCode","OSAHOGD","ShedSkin","CENSORED_ego","WallGazer","GrinderMk4+1","ScreamingWedge","Injury","Normality","infinitespire:Collect","WristCuter+1","Murderer","RedEyes","GreenStem","Beak","ShyLook","Penitence","Soda"],"relics":["CogitoBucket","infinitespire:Magic Flask","RabbitCall","LetterFromLob","infinitespire:PuzzleCube","Whetstone","HellTrain"],"acts_visited":["Exordium"],"potions_floor_usage":[12],"damage_taken":[{"damage":5,"enemies":"2 Louse","floor":1,"turns":3},{"damage":1,"enemies":"Cultist","floor":3,"turns":3},{"damage":7,"enemies":"Small Slimes","floor":4,"turns":2},{"damage":11,"enemies":"Exordium Wildlife","floor":7,"turns":4},{"damage":12,"enemies":"Large Slime","floor":8,"turns":6},{"damage":7,"enemies":"Lagavulin","floor":10,"turns":10},{"damage":20,"enemies":"Gremlin Gang","floor":12,"turns":10}],"seed_played":"1622192618683624245","potions_obtained":[{"floor":4,"key":"BlessingOfTheForge"},{"floor":7,"key":"LiquidBronze"},{"floor":12,"key":"Ancient Potion"}],"is_trial":false,"path_per_floor":["M","?","M","M","?","R","M","M","T","E","$","M","$","E"],"character_chosen":"Angela","items_purchased":["Beak","Soda"],"campfire_rested":0,"item_purchase_floors":[11,13],"current_hp_per_floor":[70,70,70,70,70,70,70,70,70,70,70,64,64,0,0],"gold":28,"neow_bonus":"ONE_RARE_RELIC","is_daily":false,"chose_seed":false,"campfire_upgraded":0,"win_rate":0.0,"timestamp":1613271664,"path_taken":["M","?","?","M","?","R","M","M","T","E","?","M","$","E"],"items_purchased_type":["Card","Card"],"build_version":"2020-12-22","purchased_purges":0,"victory":false,"max_hp_per_floor":[70,70,70,70,70,70,70,70,70,70,70,70,70,70,70],"card_choices":[{"not_picked":["BigBadWolf","FairyFestival"],"picked":"OSAHOGD","floor":1},{"not_picked":["Wingbeat"],"picked":"ShedSkin","floor":1},{"not_picked":["MHz","Murderer"],"picked":"WallGazer","floor":3},{"not_picked":["Horn"],"picked":"GrinderMk4","floor":3},{"not_picked":["SomewhereSpear"],"picked":"ScreamingWedge","floor":4},{"not_picked":["infinitespire:Fortify","infinitespire:Gouge"],"picked":"infinitespire:Collect","floor":5},{"not_picked":["MagicBullet"],"picked":"WristCuter","floor":7},{"not_picked":["SnowQueen","SpiderBud"],"picked":"Murderer","floor":8},{"not_picked":["Loneliness"],"picked":"RedEyes","floor":8},{"not_picked":["Gaze"],"picked":"GreenStem","floor":10},{"not_picked":["Bloodbath","SingingMachine"],"picked":"ShyLook","floor":12},{"not_picked":["TodaysExpression"],"picked":"Penitence","floor":12}],"player_experience":74173,"relics_obtained":[{"floor":1,"key":"LetterFromLob"},{"floor":9,"key":"infinitespire:PuzzleCube"},{"floor":10,"key":"Whetstone"}],"event_choices":[{"cards_removed":["SecurityCode"],"damage_healed":0,"gold_gain":0,"player_choice":"Take \u0026 Give","damage_taken":0,"max_hp_gain":0,"max_hp_loss":0,"event_name":"betterNote:BetterNote","floor":2,"gold_loss":0,"cards_obtained":["CENSORED_ego"]}],"is_beta":false,"boss_relics":[],"items_purged_floors":[],"is_endless":false,"potions_floor_spawned":[4,7,12],"killed_by":"3 Sentries","ascension_level":1}}