{"host":"p99prldclrm3gzba","time":1613315488,"event":{"mods":["BaseMod","Bestiary","Minty Spire (QoL Compilation)","Slay-I","Synergy Search"],"gold_per_floor":[118,129,129,129,142,174,174,174,199,211,222,241,241,231,231,329,329,346,271,14,14,14,14,27,27,27],"floor_reached":25,"language":"PTB","playtime":6384,"items_purged":["Defend_G"],"score":233,"play_id":"7d83e4ff-e319-4916-bfd0-c3aee15d241b","local_time":"20210214121128","is_ascension_mode":true,"campfire_choices":[{"floor":7.0,"key":"REST"},{"floor":15.0,"key":"REST"},{"data":"After Image","floor":23.0,"key":"SMITH"}],"circlet_count":0,"master_deck":["Strike_G+1","Strike_G","Strike_G","Defend_G","Defend_G","Defend_G","Defend_G+1","Survivor","Neutralize","Backstab","Leg Sweep","Backflip","Masterful Stab","Crippling Poison","Neutralize","After Image+1","Violence"],"relics":["Ring of the Snake","Tiny Chest","MealTicket","WristBlade","Darkstone Periapt"],"acts_visited":["TheCity"],"potions_floor_usage":[],"damage_taken":[{"damage":0.0,"enemies":"Small Slimes","floor":1.0,"turns":4.0},{"damage":2.0,"enemies":"Jaw Worm","floor":2.0,"turns":4.0},{"damage":1.0,"enemies":"Cultist","floor":5.0,"turns":3.0},{"damage":31.0,"enemies":"3 Sentries","floor":6.0,"turns":20.0},{"damage":1.0,"enemies":"3 Louse","floor":10.0,"turns":4.0},{"damage":0.0,"enemies":"Looter","floor":11.0,"turns":3.0},{"damage":16.0,"enemies":"Gremlin Gang","floor":12.0,"turns":4.0},{"damage":0.0,"enemies":"Exordium Thugs","floor":14.0,"turns":4.0},{"damage":66.0,"enemies":"The Guardian","floor":16.0,"turns":17.0},{"damage":3.0,"enemies":"3 Byrds","floor":18.0,"turns":6.0},{"damage":6.0,"enemies":"Spheric Guardian","floor":24.0,"turns":4.0},{"damage":0,"enemies":"Slavers","floor":25,"turns":1}],"seed_played":"-4808732246251795837","potions_obtained":[{"floor":1.0,"key":"Block Potion"},{"floor":5.0,"key":"SkillPotion"},{"floor":10.0,"key":"FairyPotion"},{"floor":16.0,"key":"AttackPotion"},{"floor":24.0,"key":"FairyPotion"}],"is_trial":false,"path_per_floor":["M","M","?","?","M","E","R","?","T","M","M","M","?","M","R","B",null,"M","?","$","T","$","R","M","E"],"character_chosen":"THE_SILENT","items_purchased":["Violence"],"campfire_rested":2,"item_purchase_floors":[20],"current_hp_per_floor":[70,68,61,47,46,15,36,36,36,35,35,19,19,19,40,9,70,67,67,70,70,70,70,64,64,64],"gold":27,"neow_bonus":"THREE_CARDS","is_daily":false,"chose_seed":false,"campfire_upgraded":1,"win_rate":0.0,"timestamp":1613315488,"path_taken":["M","M","?","?","M","E","R","?","T","M","M","M","?","M","R","BOSS","M","?","$","?","$","R","M","E"],"items_purchased_type":["Card"],"build_version":"2020-12-22","purchased_purges":1,"victory":false,"max_hp_per_floor":[70,70,70,70,70,70,70,70,70,70,70,70,70,70,70,70,70,70,70,70,70,70,70,70,70,70],"card_choices":[{"not_picked":["Blade Dance","Quick Slash"],"picked":"Backstab","floor":0.0},{"not_picked":["Noxious Fumes","Eviscerate"],"picked":"Leg Sweep","floor":1.0},{"not_picked":["Eviscerate","Distraction","Flying Knee"],"picked":"SKIP","floor":2.0},{"not_picked":["Eviscerate","Distraction","Flying Knee"],"picked":"SKIP","floor":2.0},{"not_picked":["Calculated Gamble","Underhanded Strike"],"picked":"Backflip","floor":5.0},{"not_picked":["Tools of the Trade","Deflect"],"picked":"Masterful Stab","floor":6.0},{"not_picked":["Blade Dance","Leg Sweep"],"picked":"Crippling Poison","floor":10.0},{"not_picked":["Prepared","Slice","PiercingWail"],"picked":"SKIP","floor":11.0},{"not_picked":["Infinite Blades","Catalyst","Slice"],"picked":"SKIP","floor":12.0},{"not_picked":["Poisoned Stab","Dodge and Roll","Deflect"],"picked":"SKIP","floor":14.0},{"not_picked":["Tools of the Trade","Corpse Explosion"],"picked":"After Image","floor":16.0},{"not_picked":["Poisoned Stab+1","Tactician","Outmaneuver"],"picked":"SKIP","floor":18.0},{"not_picked":["Slice","Dagger Spray","PiercingWail"],"picked":"SKIP","floor":24.0}],"player_experience":665105,"relics_obtained":[{"floor":6.0,"key":"Tiny Chest"},{"floor":21.0,"key":"Darkstone Periapt"}],"event_choices":[{"cards_removed":["Strike_G"],"damage_healed":0.0,"max_hp_gain":0.0,"max_hp_loss":0.0,"gold_gain":0.0,"event_name":"Golden Wing","player_choice":"Card Removal","floor":3.0,"gold_loss":0.0,"damage_taken":7.0},{"damage_healed":0.0,"max_hp_gain":0.0,"max_hp_loss":0.0,"gold_gain":0.0,"event_name":"Shining Light","player_choice":"Entered Light","floor":4.0,"gold_loss":0.0,"damage_taken":14.0,"cards_upgraded":["Strike_G","Defend_G"]},{"damage_healed":0.0,"max_hp_gain":0.0,"max_hp_loss":0.0,"gold_gain":0.0,"event_name":"Dead Adventurer","player_choice":"Searched \u00272\u0027 times","floor":8.0,"gold_loss":0.0,"damage_taken":0.0,"relics_obtained":["MealTicket"]},{"damage_healed":0.0,"max_hp_gain":0.0,"max_hp_loss":0.0,"gold_gain":0.0,"event_name":"Match and Keep!","player_choice":"1 cards matched","floor":13.0,"gold_loss":0.0,"damage_taken":0.0,"cards_obtained":["Neutralize"]},{"cards_removed":["Strike_G"],"damage_healed":0.0,"max_hp_gain":0.0,"max_hp_loss":0.0,"gold_gain":0.0,"event_name":"Beggar","player_choice":"Gave Gold","floor":19.0,"gold_loss":75.0,"damage_taken":0.0}],"is_beta":false,"boss_relics":[{"not_picked":["Calling Bell","Coffee Dripper"],"picked":"WristBlade"}],"items_purged_floors":[20],"is_endless":false,"potions_floor_spawned":[1,5,10,12,16,24],"killed_by":"Slavers","ascension_level":3}}