{"host":"8eqe2o2g03nh9rfw","time":1613337563,"event":{"mods":["AchievementEnabler","AlwaysNeverKeys","BaseMod","Better Third Choice","Block Reminder","Colored Map","Colored Powertips","GifTheSpireLib","Minty Spire (QoL Compilation)","Permanent Neow","Quick Restart","StSLib","Weighted Paths"],"gold_per_floor":[112,7,21,31,0,0,0,0,0,34,34,65,78,91,91,188,188,205,218,128,140,158,158,188,188,188,76,102,102,121,140,140,140,140],"floor_reached":33,"language":"ENG","playtime":1230,"items_purged":[],"score":277,"play_id":"d26f6f6e-176a-40f3-9890-cc822b5570be","local_time":"20210214161923","is_ascension_mode":false,"campfire_choices":[{"data":"Dramatic Entrance","floor":6,"key":"SMITH"},{"floor":8,"key":"REST"},{"floor":15,"key":"REST"},{"floor":23,"key":"REST"},{"floor":29,"key":"REST"},{"floor":32,"key":"REST"}],"circlet_count":0,"master_deck":["Strike_G","Strike_G","Strike_G","Strike_G","Defend_G","Defend_G","Defend_G","Defend_G","Defend_G","Survivor","Neutralize","Deadly Poison","Dramatic Entrance+1","Slice","Acrobatics","Caltrops","Enlightenment","Backflip","Caltrops+1","Noxious Fumes","Footwork","Glass Knife","Poisoned Stab+1","Backstab+1","Quick Slash","Catalyst+1","Noxious Fumes","Backstab","Deflect+1","Poisoned Stab"],"relics":["Ring of the Snake","betterThird:SlimedRelic","Kunai","Question Card","Happy Flower","Runic Pyramid","Juzu Bracelet","InkBottle","Mercury Hourglass","Centennial Puzzle"],"acts_visited":["Exordium","TheCity"],"potions_floor_usage":[16,16,33,33,33],"damage_taken":[{"damage":4,"enemies":"Cultist","floor":1,"turns":4},{"damage":4,"enemies":"2 Louse","floor":3,"turns":2},{"damage":3,"enemies":"Jaw Worm","floor":4,"turns":4},{"damage":14,"enemies":"Lagavulin","floor":10,"turns":7},{"damage":27,"enemies":"3 Sentries","floor":12,"turns":9},{"damage":8,"enemies":"Red Slaver","floor":13,"turns":4},{"damage":7,"enemies":"Exordium Wildlife","floor":14,"turns":4},{"damage":25,"enemies":"Slime Boss","floor":16,"turns":10},{"damage":20,"enemies":"2 Thieves","floor":18,"turns":4},{"damage":14,"enemies":"Spheric Guardian","floor":19,"turns":4},{"damage":20,"enemies":"Shelled Parasite and Fungi","floor":21,"turns":3},{"damage":4,"enemies":"Cultist and Chosen","floor":22,"turns":6},{"damage":20,"enemies":"Slavers","floor":24,"turns":5},{"damage":21,"enemies":"Snake Plant","floor":30,"turns":3},{"damage":9,"enemies":"Snecko","floor":31,"turns":4},{"damage":50,"enemies":"Automaton","floor":33,"turns":8}],"seed_played":"523411691779473555","potions_obtained":[{"floor":3,"key":"SpeedPotion"},{"floor":10,"key":"Dexterity Potion"},{"floor":14,"key":"GamblersBrew"},{"floor":18,"key":"Strength Potion"},{"floor":22,"key":"Swift Potion"},{"floor":30,"key":"BlessingOfTheForge"}],"is_trial":false,"path_per_floor":["M","$","M","M","?","R","?","R","T","E","$","E","M","M","R","B",null,"M","M","?","M","M","R","E","?","T","$","T","R","M","M","R","B"],"character_chosen":"THE_SILENT","items_purchased":["Dramatic Entrance","Slice","Noxious Fumes","Backstab"],"campfire_rested":5,"item_purchase_floors":[2,2,27,27],"current_hp_per_floor":[73,73,69,66,72,72,61,83,83,69,69,42,34,27,51,26,83,63,49,49,29,25,49,29,29,29,29,29,53,32,23,47,0,0],"gold":140,"neow_bonus":"TEN_PERCENT_HP_BONUS","is_daily":false,"chose_seed":false,"campfire_upgraded":1,"win_rate":0.0,"timestamp":1613337563,"path_taken":["M","$","M","M","?","R","?","R","T","E","?","E","M","?","R","BOSS","M","M","?","M","?","R","E","?","T","?","?","R","M","M","R","BOSS"],"items_purchased_type":["Card","Card","Card","Card"],"build_version":"2020-12-22","purchased_purges":0,"victory":false,"max_hp_per_floor":[77,77,77,77,83,83,83,83,83,83,83,83,83,83,83,83,83,83,83,83,83,83,83,83,83,83,83,83,83,83,83,83,83,83],"card_choices":[{"not_picked":["Flying Knee","Deflect"],"picked":"Deadly Poison","floor":1},{"not_picked":["Heel Hook","Riddle With Holes"],"picked":"Acrobatics","floor":3},{"not_picked":["Footwork","Backflip"],"picked":"Caltrops","floor":4},{"not_picked":["Flechettes","Quick Slash"],"picked":"Backflip","floor":10},{"not_picked":["Slice","Flying Knee","Finisher"],"picked":"Caltrops","floor":12},{"not_picked":["Tactician","All Out Attack","PiercingWail"],"picked":"Noxious Fumes","floor":13},{"not_picked":["Dagger Spray","Expertise","Terror"],"picked":"Footwork","floor":14},{"not_picked":["Doppelganger","Bullet Time","A Thousand Cuts"],"picked":"Glass Knife","floor":16},{"not_picked":["Finisher","Sucker Punch+1","Eviscerate"],"picked":"Poisoned Stab+1","floor":18},{"not_picked":["Blade Dance","Cloak And Dagger","Backflip"],"picked":"Backstab+1","floor":19},{"not_picked":["Underhanded Strike+1","Dagger Throw","Backflip"],"picked":"Quick Slash","floor":21},{"not_picked":["Flying Knee","Catalyst","Dodge and Roll","Eviscerate+1"],"picked":"SKIP","floor":22},{"not_picked":["Phantasmal Killer","Reflex","Eviscerate"],"picked":"Catalyst+1","floor":24},{"not_picked":["Prepared","Slice","Acrobatics+1"],"picked":"Deflect+1","floor":30},{"not_picked":["All Out Attack","Skewer+1","Underhanded Strike"],"picked":"Poisoned Stab","floor":31}],"player_experience":116751,"relics_obtained":[{"floor":9,"key":"Kunai"},{"floor":10,"key":"Question Card"},{"floor":12,"key":"Happy Flower"},{"floor":24,"key":"Juzu Bracelet"},{"floor":26,"key":"Mercury Hourglass"},{"floor":28,"key":"Centennial Puzzle"}],"event_choices":[{"damage_healed":0,"gold_gain":0,"player_choice":"RENOUNCE","damage_taken":31,"max_hp_gain":0,"max_hp_loss":0,"event_name":"betterThird:BetterSerpent","floor":5,"gold_loss":31,"cards_obtained":["Enlightenment"]},{"damage_healed":0,"gold_gain":0,"player_choice":"Slimed","damage_taken":11,"max_hp_gain":0,"max_hp_loss":0,"event_name":"betterThird:BetterGoop","floor":7,"gold_loss":0},{"cards_removed":["Strike_G"],"damage_healed":0,"gold_gain":0,"player_choice":"Upgrade and Remove","damage_taken":0,"max_hp_gain":0,"max_hp_loss":0,"event_name":"Designer","floor":20,"gold_loss":90,"cards_upgraded":["Caltrops"]},{"damage_healed":0,"gold_gain":0,"player_choice":"Gave Potion","damage_taken":0,"relics_obtained":["InkBottle"],"max_hp_gain":0,"max_hp_loss":0,"event_name":"WeMeetAgain","floor":25,"gold_loss":0}],"is_beta":false,"boss_relics":[{"not_picked":["Fusion Hammer","Astrolabe"],"picked":"Runic Pyramid"}],"items_purged_floors":[],"is_endless":false,"potions_floor_spawned":[3,10,14,18,22,30],"killed_by":"Automaton","ascension_level":0}}