{"host":"fbdlh90rovbiajun","time":1613290707,"event":{"mods":["AchievementEnabler","BaseMod","Colored Map","Keyboard Shortcuts","Minty Spire (QoL Compilation)","SuperFastMode"],"gold_per_floor":[113,63,63,63,63,63,84,125,151,51,126,142,142,42,42,42,42],"floor_reached":16,"language":"KOR","playtime":190,"items_purged":["Defend_R","Defend_R"],"score":121,"play_id":"e3a82717-5670-4cac-8725-e8171a6c2d94","local_time":"20210214171827","is_ascension_mode":false,"campfire_choices":[{"data":"Thunderclap","floor":6,"key":"SMITH"},{"data":"Flex","floor":13,"key":"SMITH"},{"data":"Hemokinesis","floor":15,"key":"SMITH"}],"circlet_count":0,"master_deck":["Strike_R","Strike_R","Strike_R","Strike_R","Strike_R","Bash","Thunderclap+1","Hemokinesis+1","Flex+1","Anger"],"relics":["Burning Blood","NeowsBlessing","Golden Idol","Question Card","Regal Pillow"],"acts_visited":["Exordium"],"potions_floor_usage":[],"damage_taken":[{"damage":0,"enemies":"2 Louse","floor":1,"turns":2},{"damage":0,"enemies":"Jaw Worm","floor":7,"turns":1},{"damage":0,"enemies":"Lagavulin","floor":8,"turns":1},{"damage":2,"enemies":"Small Slimes","floor":12,"turns":2},{"damage":58,"enemies":"Hexaghost","floor":16,"turns":5}],"seed_played":"-7771903212935887320","potions_obtained":[{"floor":7,"key":"BlessingOfTheForge"}],"is_trial":false,"path_per_floor":["M","?","?","?","$","R","M","E","T","$","?","M","R","$","R","B"],"character_chosen":"IRONCLAD","items_purchased":["Flex"],"campfire_rested":0,"item_purchase_floors":[10],"current_hp_per_floor":[80,80,60,53,53,53,59,65,65,65,54,58,58,58,58,0,0],"gold":42,"neow_bonus":"THREE_ENEMY_KILL","is_daily":false,"chose_seed":false,"campfire_upgraded":3,"win_rate":0.0,"timestamp":1613290707,"path_taken":["M","?","?","?","$","R","M","E","T","$","?","M","R","?","R","BOSS"],"items_purchased_type":["Card"],"build_version":"2020-12-22","purchased_purges":2,"victory":false,"max_hp_per_floor":[80,80,80,80,80,80,80,80,80,80,80,80,80,80,80,80,80],"card_choices":[{"not_picked":["Pommel Strike","Carnage"],"picked":"Thunderclap","floor":1},{"not_picked":["Havoc","Pommel Strike","Pummel"],"picked":"SKIP","floor":7},{"not_picked":["Thunderclap","Corruption"],"picked":"Hemokinesis","floor":8},{"not_picked":["Cleave","Twin Strike","True Grit"],"picked":"Anger","floor":12}],"player_experience":40486,"relics_obtained":[{"floor":8,"key":"Question Card"},{"floor":9,"key":"Regal Pillow"}],"event_choices":[{"cards_removed":["Defend_R"],"damage_healed":0,"gold_gain":0,"player_choice":"Card Removal","damage_taken":0,"max_hp_gain":0,"max_hp_loss":0,"event_name":"The Cleric","floor":2,"gold_loss":50},{"damage_healed":0,"gold_gain":0,"player_choice":"Take Damage","damage_taken":20,"relics_obtained":["Golden Idol"],"max_hp_gain":0,"max_hp_loss":0,"event_name":"Golden Idol","floor":3,"gold_loss":0},{"cards_removed":["Defend_R"],"damage_healed":0,"gold_gain":0,"player_choice":"Card Removal","damage_taken":7,"max_hp_gain":0,"max_hp_loss":0,"event_name":"Golden Wing","floor":4,"gold_loss":0},{"damage_healed":0,"gold_gain":75,"player_choice":"Gather Gold","damage_taken":11,"max_hp_gain":0,"max_hp_loss":0,"event_name":"World of Goop","floor":11,"gold_loss":0}],"is_beta":false,"boss_relics":[],"items_purged_floors":[10,14],"is_endless":false,"potions_floor_spawned":[7],"killed_by":"Hexaghost","ascension_level":0}}