{"host":"8o45mh5p3pp1o2mi","time":1613345807,"event":{"mods":["BaseMod","Bestiary","Better Match","Better Third Choice","BetterRewards","Dark Map","Downfall","Fox Events","Minty Spire (QoL Compilation)","Rare Cards Sparkle","Relic Stats","Replay The Spire","Shop Mod","Spire Exporter","StSLib","everything is the same but u backflip on backflip"],"gold_per_floor":[0,17,34,53,228,64,64,87,87,111,111,111,30,64,89,91,91,91],"floor_reached":16,"language":"ENG","playtime":1125,"items_purged":[],"score":102,"play_id":"97008991-8605-4e49-bf30-fb5916bb757c","local_time":"20210214233647","is_ascension_mode":false,"campfire_choices":[{"floor":1,"key":"RECALL"},{"data":"hexamod:EmpoweredFlame","floor":9,"key":"SMITH"}],"circlet_count":0,"master_deck":["hexamod:Strike","hexamod:Strike","hexamod:Strike+1","hexamod:Strike+1","hexamod:Defend","hexamod:Defend","hexamod:Defend","hexamod:Defend","hexamod:Sear","hexamod:Float","Violence+1","hexamod:AdvancingGuard","hexamod:EmpoweredFlame+1","hexamod:ThirdSeal","hexamod:GhostOfSpirePresent+1","hexamod:FirstSeal","hexamod:FifthSeal","downfall:Malfunctioning","hexamod:SixthSeal","hexamod:SecondSeal","hexamod:TurnItUp","hexamod:FourthSeal","hexamod:RainOfEmbers"],"relics":["hexamod:SpiritBrand","Replay:Bandana","Question Card","ReplayTheSpireMod:Shallot"],"acts_visited":["Exordium"],"potions_floor_usage":[14,14,14,15,16],"damage_taken":[{"damage":0,"enemies":"Cultist","floor":2,"turns":3},{"damage":0,"enemies":"Jaw Worm","floor":3,"turns":3},{"damage":0,"enemies":"2 Louse","floor":4,"turns":3},{"damage":0,"enemies":"downfall:FleeingMerchant","floor":6,"turns":4},{"damage":2,"enemies":"Large Slime","floor":8,"turns":8},{"damage":8,"enemies":"Blue Slaver","floor":10,"turns":6},{"damage":0,"enemies":"downfall:FleeingMerchant","floor":13,"turns":4},{"damage":54,"enemies":"Gremlin Nob","floor":14,"turns":7},{"damage":15,"enemies":"3 Louse","floor":15,"turns":5},{"damage":25,"enemies":"IC_STATUS_ARCHETYPE","floor":16,"turns":4}],"seed_played":"2710744212359465256","potions_obtained":[{"floor":3,"key":"PowerPotion"},{"floor":4,"key":"hexamod:EctoCoolerPotion"},{"floor":8,"key":"PowerPotion"},{"floor":14,"key":"Elixir"},{"floor":15,"key":"Doom Potion"}],"is_trial":false,"path_per_floor":["R","M","M","M","?","$","T","M","R","M","?","?","$","E","M","B"],"character_chosen":"THE_SPIRIT","items_purchased":["Replay:Bandana","hexamod:SecondSeal"],"campfire_rested":0,"item_purchase_floors":[6,13],"current_hp_per_floor":[70,70,70,70,70,70,70,68,68,67,67,67,67,20,12,0,0,0],"gold":91,"neow_bonus":"RANDOM_COLORLESS_2","is_daily":false,"chose_seed":false,"campfire_upgraded":1,"win_rate":0.0,"timestamp":1613345807,"path_taken":["R","M","M","?","?","$","T","M","R","M","?","?","?","E","M","BOSS"],"items_purchased_type":["Relic","Card"],"build_version":"2020-12-22","purchased_purges":0,"victory":false,"max_hp_per_floor":[70,70,70,70,70,70,70,70,70,70,70,70,70,70,70,70,70,70],"relic_stats":{"counters":[10,47],"Question Card":10,"obtain_stats":[{"Replay:Bandana":6,"ReplayTheSpireMod:Shallot":14,"Question Card":7,"hexamod:SpiritBrand":0},{"Replay:Bandana":4,"ReplayTheSpireMod:Shallot":8,"Question Card":4,"hexamod:SpiritBrand":0},{"Replay:Bandana":13,"ReplayTheSpireMod:Shallot":38,"Question Card":13,"hexamod:SpiritBrand":0}]},"card_choices":[{"not_picked":["Panache","ReplayTheSpireMod:Brewmster"],"picked":"Violence","floor":0},{"not_picked":["hexamod:Firestarter","hexamod:GhostShield"],"picked":"hexamod:AdvancingGuard","floor":2},{"not_picked":["hexamod:Incineration","hexamod:GhostflameBarrier"],"picked":"hexamod:EmpoweredFlame","floor":3},{"not_picked":["hexamod:SpectersWail","hexamod:ShieldOfDarkness"],"picked":"hexamod:ThirdSeal","floor":4},{"not_picked":["hexamod:PowerFromBeyond","hexamod:Hexaguard"],"picked":"hexamod:GhostOfSpirePresent","floor":6},{"not_picked":["hexamod:SuperheatedStrike","hexamod:AdvancingGuard","hexamod:Hexaguard"],"picked":"SKIP","floor":6},{"not_picked":["hexamod:NightmareStrike","hexamod:RainOfEmbers","hexamod:Hexaguard"],"picked":"hexamod:FirstSeal","floor":8},{"not_picked":["hexamod:GhostLash","hexamod:NightmareStrike","hexamod:Incineration","hexamod:BurningTouch"],"picked":"SKIP","floor":8},{"not_picked":["hexamod:GhostShield","hexamod:AdvancingGuard","hexamod:ChargedBarrage"],"picked":"hexamod:FifthSeal","floor":10},{"not_picked":["hexamod:GhostLash","hexamod:Firestarter","hexamod:BurningTouch","hexamod:FirstSeal"],"picked":"SKIP","floor":10},{"not_picked":["hexamod:FourthSeal","hexamod:SecondSeal"],"picked":"hexamod:SixthSeal","floor":13},{"not_picked":["hexamod:SuperheatedStrike","hexamod:FlamesFromBeyond","hexamod:FourthSeal","hexamod:AdvancingGuard"],"picked":"SKIP","floor":13},{"not_picked":["hexamod:ThirdSeal","hexamod:CatchUp","hexamod:RadiantFlame"],"picked":"hexamod:TurnItUp","floor":14},{"not_picked":["hexamod:ThirdSeal","hexamod:SecondSeal"],"picked":"hexamod:FourthSeal","floor":14},{"not_picked":["hexamod:GhostShield","hexamod:ShieldOfDarkness","hexamod:SecondSeal","hexamod:WildfireWeapon"],"picked":"SKIP","floor":14},{"not_picked":["hexamod:SecondSeal","hexamod:ThirdSeal","hexamod:GhostLash"],"picked":"hexamod:RainOfEmbers","floor":15}],"player_experience":208021,"relics_obtained":[{"floor":7,"key":"Question Card"},{"floor":14,"key":"ReplayTheSpireMod:Shallot"}],"event_choices":[{"cards_removed":["Doubt"],"damage_healed":0,"gold_gain":0,"player_choice":"Card Removal","damage_taken":0,"max_hp_gain":0,"max_hp_loss":0,"event_name":"The Cleric","floor":12,"gold_loss":0}],"is_beta":false,"boss_relics":[],"items_purged_floors":[],"is_endless":false,"potions_floor_spawned":[3,4,8,14],"killed_by":"IC_STATUS_ARCHETYPE","ascension_level":0}}