{"host":"6xsbn6ynqlzwllfm","time":1613280116,"event":{"mods":["2.2 Compatiblity","BaseMod","Bestiary","Colored Map","Colored Powertips","Curses Come First","Downfall","Highlight Path","Keyboard Shortcuts","Minty Spire (QoL Compilation)","Relic Stats","Slay the Relics Exporter","StSLib","SuperFastMode"],"gold_per_floor":[99,110,121,571,587,587,587,587],"floor_reached":6,"language":"ENG","playtime":261,"items_purged":[],"score":54,"play_id":"30e758b3-9dd6-48ff-8a10-952bbcd56072","local_time":"20210214002156","is_ascension_mode":true,"campfire_choices":[{"data":"bronze:Goto","floor":1,"key":"SMITH"}],"circlet_count":0,"master_deck":["AscendersBane","bronze:Strike","bronze:Strike","bronze:Strike","bronze:Strike","bronze:Defend","bronze:Defend","bronze:Defend","bronze:Defend","bronze:Replicate","bronze:Goto+1","bronze:Deprecate","bronze:Refactor","downfall:Icky","downfall:Icky","downfall:Icky","bronze:Invalidate"],"relics":["Runic Pyramid"],"acts_visited":["Exordium"],"potions_floor_usage":[],"damage_taken":[{"damage":8,"enemies":"Small Slimes","floor":2,"turns":4},{"damage":7,"enemies":"Jaw Worm","floor":3,"turns":4},{"damage":4,"enemies":"Cultist","floor":5,"turns":6},{"damage":63,"enemies":"Gremlin Nob","floor":6,"turns":4}],"seed_played":"-2821283078816251667","potions_obtained":[],"is_trial":false,"path_per_floor":["R","M","M","?","M","E"],"character_chosen":"THE_AUTOMATON","items_purchased":[],"campfire_rested":0,"item_purchase_floors":[],"current_hp_per_floor":[63,55,48,48,44,0,0,0],"gold":587,"neow_bonus":"BOSS_RELIC","is_daily":false,"chose_seed":false,"campfire_upgraded":1,"win_rate":0.0,"timestamp":1613280116,"path_taken":["R","M","M","?","M","E"],"items_purchased_type":[],"build_version":"2020-12-22","purchased_purges":0,"victory":false,"max_hp_per_floor":[70,70,70,70,70,70,70,70],"relic_stats":{"counters":[4,18],"obtain_stats":[{"bronze:BronzeCore":0,"Runic Pyramid":0},{"bronze:BronzeCore":0,"Runic Pyramid":0},{"bronze:BronzeCore":0,"Runic Pyramid":0}]},"card_choices":[{"not_picked":["bronze:Iterate","bronze:CloningBeam"],"picked":"bronze:Deprecate","floor":2},{"not_picked":["bronze:Repulsor","bronze:ForLoop"],"picked":"bronze:Refactor","floor":3},{"not_picked":["bronze:BitShift","bronze:Shield"],"picked":"bronze:Invalidate","floor":5}],"player_experience":1767477,"relics_obtained":[],"event_choices":[],"is_beta":false,"boss_relics":[],"items_purged_floors":[],"is_endless":false,"potions_floor_spawned":[],"killed_by":"Gremlin Nob","ascension_level":10}}