{"host":"2lo6hma6kymb0g9i","time":1613285764,"event":{"mods":["BaseMod","Colored Map","DeckTracker","Minty Spire (QoL Compilation)"],"gold_per_floor":[117,117,1,15,15,44,44,58,85,97,123,133,147,147,147,147,147],"floor_reached":16,"language":"JPN","playtime":864,"items_purged":["Strike_R"],"score":224,"play_id":"7007c2f3-d2bf-483b-8427-9e77ba42791d","local_time":"20210214155604","is_ascension_mode":true,"campfire_choices":[{"data":"Uppercut","floor":7.0,"key":"SMITH"},{"floor":15.0,"key":"REST"}],"circlet_count":0,"master_deck":["AscendersBane","Strike_R","Strike_R","Strike_R","Defend_R","Defend_R","Defend_R","Defend_R","Bash","Fiend Fire+1","Disarm","Uppercut+1","Infernal Blade","Dropkick","Metallicize"],"relics":["Burning Blood","Centennial Puzzle","Bag of Preparation","Bottled Lightning"],"acts_visited":["Exordium"],"potions_floor_usage":[16,16],"damage_taken":[{"damage":4.0,"enemies":"Small Slimes","floor":1.0,"turns":3.0},{"damage":7.0,"enemies":"Jaw Worm","floor":4.0,"turns":3.0},{"damage":36.0,"enemies":"Lagavulin","floor":6.0,"turns":7.0},{"damage":0.0,"enemies":"Cultist","floor":8.0,"turns":2.0},{"damage":0.0,"enemies":"Blue Slaver","floor":10.0,"turns":1.0},{"damage":43.0,"enemies":"3 Sentries","floor":11.0,"turns":7.0},{"damage":10.0,"enemies":"2 Fungi Beasts","floor":12.0,"turns":3.0},{"damage":7.0,"enemies":"Exordium Wildlife","floor":13.0,"turns":3.0},{"damage":25,"enemies":"The Guardian","floor":16,"turns":14}],"seed_played":"-2127795636981305250","potions_obtained":[{"floor":1.0,"key":"LiquidMemories"},{"floor":8.0,"key":"SpeedPotion"},{"floor":12.0,"key":"Swift Potion"}],"is_trial":false,"path_per_floor":["M","?","$","M","?","E","R","M","T","M","E","M","M","?","R","B"],"character_chosen":"IRONCLAD","items_purchased":["Uppercut"],"campfire_rested":1,"item_purchase_floors":[3],"current_hp_per_floor":[70,70,70,69,69,39,39,45,45,51,14,10,9,2,24,0,0],"gold":147,"neow_bonus":"ONE_RANDOM_RARE_CARD","is_daily":false,"chose_seed":false,"campfire_upgraded":1,"win_rate":0.0,"timestamp":1613285764,"path_taken":["M","?","$","M","?","E","R","M","T","M","E","M","?","?","R","BOSS"],"items_purchased_type":["Card"],"build_version":"2020-12-22","purchased_purges":1,"victory":false,"max_hp_per_floor":[75,75,75,75,75,75,75,75,75,75,75,75,75,75,75,75,75],"card_choices":[{"not_picked":["Dark Embrace","Metallicize"],"picked":"Disarm","floor":1.0},{"not_picked":["Intimidate","Pummel","Inflame"],"picked":"SKIP","floor":4.0},{"not_picked":["Cleave","Thunderclap","Dual Wield"],"picked":"SKIP","floor":6.0},{"not_picked":["Anger","Body Slam","Bloodletting"],"picked":"SKIP","floor":8.0},{"not_picked":["Flex","Iron Wave","Warcry"],"picked":"SKIP","floor":10.0},{"not_picked":["Pummel","Anger"],"picked":"Infernal Blade","floor":11.0},{"not_picked":["Warcry","Twin Strike"],"picked":"Dropkick","floor":12.0},{"not_picked":["Body Slam","Sever Soul"],"picked":"Metallicize","floor":13.0}],"player_experience":1195250,"relics_obtained":[{"floor":6.0,"key":"Centennial Puzzle"},{"floor":9.0,"key":"Bag of Preparation"},{"floor":11.0,"key":"Bottled Lightning"}],"event_choices":[{"damage_healed":0.0,"max_hp_gain":0.0,"max_hp_loss":0.0,"gold_gain":0.0,"event_name":"Liars Game","player_choice":"Ignored","floor":2.0,"gold_loss":0.0,"damage_taken":0.0},{"damage_healed":0.0,"max_hp_gain":0.0,"max_hp_loss":0.0,"gold_gain":0.0,"event_name":"Upgrade Shrine","player_choice":"Upgraded","floor":5.0,"gold_loss":0.0,"damage_taken":0.0,"cards_upgraded":["Fiend Fire"]},{"cards_removed":["Strike_R"],"damage_healed":0.0,"max_hp_gain":0.0,"max_hp_loss":0.0,"gold_gain":0.0,"event_name":"Golden Wing","player_choice":"Card Removal","floor":14.0,"gold_loss":0.0,"damage_taken":7.0}],"is_beta":false,"boss_relics":[],"items_purged_floors":[3],"is_endless":false,"potions_floor_spawned":[1,8,10,11,12],"killed_by":"The Guardian","ascension_level":20}}