{"host":"jvrojcijqdlksu05","time":1613286469,"event":{"mods":["BaseMod","Highlight Path","Minty Spire (QoL Compilation)","Relic Stats","StSLib"],"gold_per_floor":[14,14,35,110,126,126,165,165,191,224,240,240,260,301,301,421,421,434,450,450,468,155,186,207,207,234,234,265,265,11,25,25,146,146,160,160,493,242,242,272,317,351,351,351,381,440,440,460,460,460,460,460,111,150,150],"floor_reached":56,"language":"ENG","playtime":3168,"items_purged":["Strike_R","Writhe","Strike_R"],"score":1516,"play_id":"f8428826-2b41-4095-9eec-95629a19aab4","local_time":"20210213230749","is_ascension_mode":true,"campfire_choices":[{"data":"Whirlwind","floor":6,"key":"SMITH"},{"data":"Twin Strike","floor":8,"key":"SMITH"},{"data":"True Grit","floor":15,"key":"SMITH"},{"data":"Shockwave","floor":25,"key":"SMITH"},{"data":"Corruption","floor":29,"key":"SMITH"},{"data":"Juggernaut","floor":32,"key":"SMITH"},{"data":"Burning Pact","floor":44,"key":"SMITH"},{"data":"Burning Pact","floor":47,"key":"SMITH"},{"floor":49,"key":"RECALL"},{"data":"1","floor":52,"key":"LIFT"}],"circlet_count":0,"master_deck":["Defend_R","Defend_R","Defend_R","Defend_R","Bash+1","Corruption+1","Twin Strike+1","Ghostly Armor","Whirlwind+1","Juggernaut+1","Anger+1","Pommel Strike+1","Pommel Strike+1","True Grit+1","Shockwave+1","Feed+1","Metallicize+1","Havoc","Bludgeon+1","Spot Weakness+1","Dramatic Entrance+1","Dropkick+1","Uppercut+1","Reaper+1","Burning Pact+1","Flash of Steel+1","Flash of Steel+1","Secret Technique","Dark Embrace","Burning Pact+1","Burning Pact+1","Dark Embrace+1","Shrug It Off","Burning Pact+1"],"relics":["Burning Blood","Mercury Hourglass","Shuriken","Toy Ornithopter","Molten Egg 2","Blood Vial","Coffee Dripper","Bag of Preparation","Juzu Bracelet","Bag of Marbles","Centennial Puzzle","Art of War","Mummified Hand","Black Star","Membership Card","Bronze Scales","Anchor","Girya","CeramicFish","Red Skull","Lizard Tail","Incense Burner","Magic Flower","Toolbox","Bottled Lightning","Lantern","Happy Flower","Whetstone"],"acts_visited":["Exordium","TheCity","TheBeyond","TheEnding"],"potions_floor_usage":[10,19,33,45,55,55],"damage_taken":[{"damage":7,"enemies":"Small Slimes","floor":1,"turns":5},{"damage":11,"enemies":"Jaw Worm","floor":3,"turns":4},{"damage":4,"enemies":"2 Louse","floor":5,"turns":2},{"damage":45,"enemies":"Lagavulin","floor":7,"turns":8},{"damage":5,"enemies":"3 Sentries","floor":10,"turns":5},{"damage":0,"enemies":"Large Slime","floor":11,"turns":4},{"damage":0,"enemies":"Looter","floor":13,"turns":3},{"damage":9,"enemies":"Lagavulin","floor":14,"turns":5},{"damage":12,"enemies":"Hexaghost","floor":16,"turns":7},{"damage":0,"enemies":"3 Byrds","floor":18,"turns":5},{"damage":10,"enemies":"2 Thieves","floor":19,"turns":3},{"damage":9,"enemies":"Cultist and Chosen","floor":21,"turns":5},{"damage":4,"enemies":"Gremlin Leader","floor":23,"turns":4},{"damage":15,"enemies":"Snake Plant","floor":24,"turns":7},{"damage":5,"enemies":"Slavers","floor":28,"turns":2},{"damage":10,"enemies":"Centurion and Healer","floor":31,"turns":2},{"damage":9,"enemies":"Collector","floor":33,"turns":4},{"damage":8,"enemies":"3 Shapes","floor":35,"turns":5},{"damage":0,"enemies":"Nemesis","floor":40,"turns":3},{"damage":15,"enemies":"2 Orb Walkers","floor":41,"turns":3},{"damage":0,"enemies":"Giant Head","floor":42,"turns":2},{"damage":14,"enemies":"Reptomancer","floor":45,"turns":3},{"damage":7,"enemies":"Mind Bloom Boss Battle","floor":46,"turns":3},{"damage":4,"enemies":"Orb Walker","floor":48,"turns":2},{"damage":55,"enemies":"Time Eater","floor":50,"turns":7},{"damage":0,"enemies":"Shield and Spear","floor":54,"turns":2},{"damage":78,"enemies":"The Heart","floor":55,"turns":5}],"seed_played":"8613080921831082492","potions_obtained":[{"floor":1,"key":"Explosive Potion"},{"floor":5,"key":"Ancient Potion"},{"floor":7,"key":"EssenceOfSteel"},{"floor":19,"key":"GamblersBrew"},{"floor":24,"key":"SneckoOil"},{"floor":33,"key":"BlessingOfTheForge"},{"floor":41,"key":"LiquidMemories"},{"floor":46,"key":"SneckoOil"},{"floor":48,"key":"SteroidPotion"}],"is_trial":false,"path_per_floor":["M","?","M","T","M","R","E","R","T","E","M","?","M","E","R","B",null,"M","M","?","M","$","E","M","R","T","?","E","R","$","M","R","B",null,"M","?","?","$","?","E","?","E","T","R","E","?","R","M","R","B",null,"R","$","E","B",null],"character_chosen":"IRONCLAD","items_purchased":["Bag of Preparation","Dramatic Entrance+1","Mummified Hand","Membership Card","Dark Embrace","Burning Pact","Toolbox","Bottled Lightning","Lantern","Shrug It Off"],"campfire_rested":0,"item_purchase_floors":[22,22,30,38,38,38,53,53,53,53],"current_hp_per_floor":[79,59,54,54,56,56,17,17,17,23,29,29,35,32,32,28,80,80,80,80,79,79,87,83,83,83,83,90,90,90,92,92,100,104,106,96,96,96,96,107,98,110,110,110,107,118,118,119,119,106,123,123,123,127,95],"gold":150,"neow_bonus":"THREE_RARE_CARDS","is_daily":false,"chose_seed":false,"campfire_upgraded":8,"win_rate":0.0,"timestamp":1613286469,"path_taken":["M","?","M","?","M","R","E","R","T","E","M","?","M","E","R","BOSS","M","M","?","M","$","E","M","R","T","?","E","R","$","M","R","BOSS","M","?","?","$","?","E","?","E","T","R","E","?","R","M","R","BOSS","R","$","E","BOSS"],"items_purchased_type":["Relic","Card","Relic","Relic","Card","Card","Relic","Relic","Relic","Card"],"build_version":"2020-12-22","purchased_purges":3,"victory":true,"max_hp_per_floor":[80,80,80,80,80,80,80,80,80,80,80,80,80,80,80,80,80,80,84,84,84,84,88,92,92,92,92,96,96,96,100,100,104,104,108,108,108,108,103,107,107,111,111,111,115,119,119,119,119,123,123,123,123,127,127],"relic_stats":{"Happy Flower":[1],"counters":[27,108],"CeramicFish":27,"Magic Flower":[29],"Bag of Preparation":[30],"Juzu Bracelet":0,"Whetstone":["Bash"],"Burning Blood":153,"Mercury Hourglass":[404],"Blood Vial":21,"Centennial Puzzle":[30],"Lizard Tail":0,"Shuriken":[50],"Mummified Hand":[54],"Bronze Scales":[101],"Art of War":[5],"Black Star":4,"obtain_stats":[{"Lantern":53,"CeramicFish":42,"Magic Flower":46,"Bag of Preparation":22,"Juzu Bracelet":23,"Incense Burner":45,"Whetstone":54,"Burning Blood":0,"Blood Vial":14,"Centennial Puzzle":27,"Lizard Tail":45,"Mummified Hand":30,"Toolbox":53,"Red Skull":42,"Girya":41,"Happy Flower":54,"Golden Idol":2,"Mercury Hourglass":4,"Anchor":40,"Shuriken":7,"Bronze Scales":40,"Molten Egg 2":10,"Coffee Dripper":17,"Bag of Marbles":26,"Art of War":28,"Black Star":34,"Membership Card":38,"Bottled Lightning":53,"Toy Ornithopter":9},{"Lantern":25,"CeramicFish":21,"Magic Flower":23,"Bag of Preparation":12,"Juzu Bracelet":13,"Incense Burner":22,"Whetstone":26,"Burning Blood":0,"Blood Vial":8,"Centennial Puzzle":14,"Lizard Tail":22,"Mummified Hand":15,"Toolbox":25,"Red Skull":21,"Girya":20,"Happy Flower":26,"Golden Idol":1,"Mercury Hourglass":2,"Anchor":19,"Shuriken":4,"Bronze Scales":19,"Molten Egg 2":5,"Coffee Dripper":9,"Bag of Marbles":14,"Art of War":15,"Black Star":17,"Membership Card":18,"Bottled Lightning":25,"Toy Ornithopter":4},{"Lantern":101,"CeramicFish":86,"Magic Flower":92,"Bag of Preparation":54,"Juzu Bracelet":58,"Incense Burner":89,"Whetstone":103,"Burning Blood":0,"Blood Vial":35,"Centennial Puzzle":65,"Lizard Tail":89,"Mummified Hand":67,"Toolbox":101,"Red Skull":86,"Girya":84,"Happy Flower":103,"Golden Idol":5,"Mercury Hourglass":9,"Anchor":81,"Shuriken":19,"Bronze Scales":81,"Molten Egg 2":23,"Coffee Dripper":42,"Bag of Marbles":65,"Art of War":67,"Black Star":73,"Membership Card":78,"Bottled Lightning":101,"Toy Ornithopter":19}],"Toy Ornithopter":20},"card_choices":[{"not_picked":["Impervious","Demon Form"],"picked":"Corruption","floor":0},{"not_picked":["Intimidate","Rupture"],"picked":"Twin Strike","floor":1},{"not_picked":["Rage","Anger"],"picked":"Ghostly Armor","floor":3},{"not_picked":["Armaments","Warcry"],"picked":"Whirlwind","floor":5},{"not_picked":["Perfected Strike","Iron Wave"],"picked":"Juggernaut","floor":7},{"not_picked":["Iron Wave+1","Twin Strike+1"],"picked":"Anger+1","floor":10},{"not_picked":["Perfected Strike+1","Shockwave"],"picked":"Pommel Strike+1","floor":11},{"not_picked":["Wild Strike+1","Warcry"],"picked":"True Grit","floor":13},{"not_picked":["Power Through","Hemokinesis+1"],"picked":"Shockwave","floor":14},{"not_picked":["Barricade","Limit Break"],"picked":"Feed+1","floor":16},{"not_picked":["Anger+1","True Grit"],"picked":"Metallicize+1","floor":18},{"not_picked":["Rupture","Anger+1","Thunderclap+1"],"picked":"SKIP","floor":19},{"not_picked":["Evolve","True Grit"],"picked":"Spot Weakness+1","floor":21},{"not_picked":["Cleave+1","Clash+1","Shockwave"],"picked":"SKIP","floor":23},{"not_picked":["Shrug It Off+1","Rupture"],"picked":"Dropkick+1","floor":24},{"not_picked":["Hemokinesis+1","True Grit","Headbutt+1"],"picked":"SKIP","floor":28},{"not_picked":["Cleave+1","Sword Boomerang+1"],"picked":"Uppercut+1","floor":31},{"not_picked":["Fiend Fire+1","Berserk"],"picked":"Reaper+1","floor":33},{"not_picked":["Uppercut+1","Sword Boomerang+1"],"picked":"Burning Pact+1","floor":35},{"not_picked":["Blind","Jack Of All Trades"],"picked":"Flash of Steel+1","floor":36},{"not_picked":["Dark Shackles","Forethought"],"picked":"Flash of Steel+1","floor":36},{"not_picked":["Finesse","Mind Blast+1"],"picked":"Secret Technique","floor":36},{"not_picked":["Sword Boomerang+1","Twin Strike+1"],"picked":"Burning Pact","floor":40},{"not_picked":["Headbutt+1","Perfected Strike+1","Flex"],"picked":"SKIP","floor":42},{"not_picked":["Armaments","Bloodletting","Uppercut+1"],"picked":"SKIP","floor":45},{"not_picked":["Twin Strike+1","Havoc+1"],"picked":"Dark Embrace+1","floor":46},{"not_picked":["Intimidate+1","Rupture","Wild Strike+1"],"picked":"SKIP","floor":48},{"not_picked":["Wild Strike+1","Anger+1"],"picked":"Burning Pact+1","floor":54}],"player_experience":1322776,"relics_obtained":[{"floor":4,"key":"Mercury Hourglass"},{"floor":7,"key":"Shuriken"},{"floor":9,"key":"Toy Ornithopter"},{"floor":10,"key":"Molten Egg 2"},{"floor":14,"key":"Blood Vial"},{"floor":23,"key":"Juzu Bracelet"},{"floor":26,"key":"Bag of Marbles"},{"floor":28,"key":"Art of War"},{"floor":40,"key":"Bronze Scales"},{"floor":40,"key":"Anchor"},{"floor":41,"key":"Girya"},{"floor":42,"key":"CeramicFish"},{"floor":42,"key":"Red Skull"},{"floor":45,"key":"Lizard Tail"},{"floor":45,"key":"Incense Burner"},{"floor":46,"key":"Magic Flower"},{"floor":54,"key":"Happy Flower"},{"floor":54,"key":"Whetstone"}],"event_choices":[{"damage_healed":0,"gold_gain":0,"player_choice":"Take Damage","damage_taken":20,"relics_obtained":["Golden Idol"],"max_hp_gain":0,"max_hp_loss":0,"event_name":"Golden Idol","floor":2,"gold_loss":0},{"damage_healed":0,"gold_gain":0,"cards_transformed":["Strike_R"],"player_choice":"Change","damage_taken":0,"max_hp_gain":0,"max_hp_loss":0,"event_name":"Living Wall","floor":12,"gold_loss":0,"cards_obtained":["Pommel Strike"]},{"damage_healed":0,"gold_gain":0,"cards_transformed":["Strike_R","Strike_R"],"player_choice":"Became Test Subject","damage_taken":0,"max_hp_gain":0,"max_hp_loss":0,"event_name":"Drug Dealer","floor":20,"gold_loss":0,"cards_obtained":["Havoc","Bludgeon"]},{"damage_healed":0,"gold_gain":0,"player_choice":"Opened","damage_taken":0,"relics_obtained":["Centennial Puzzle"],"max_hp_gain":0,"max_hp_loss":0,"event_name":"The Mausoleum","floor":27,"gold_loss":0,"cards_obtained":["Writhe"]},{"damage_healed":0,"gold_gain":0,"player_choice":"Memory 3","damage_taken":10,"max_hp_gain":0,"max_hp_loss":0,"event_name":"SensoryStone","floor":36,"gold_loss":0},{"damage_healed":0,"gold_gain":333,"player_choice":"Gave Idol","damage_taken":0,"max_hp_gain":0,"max_hp_loss":0,"event_name":"The Moai Head","floor":37,"relics_lost":["Golden Idol"],"gold_loss":0},{"damage_healed":0,"gold_gain":0,"player_choice":"Max HP","damage_taken":0,"max_hp_gain":0,"max_hp_loss":5,"event_name":"Winding Halls","floor":39,"gold_loss":0},{"damage_healed":0,"gold_gain":0,"player_choice":"Fight","damage_taken":0,"max_hp_gain":0,"max_hp_loss":0,"event_name":"Mysterious Sphere","floor":41,"gold_loss":0},{"damage_healed":0,"gold_gain":0,"player_choice":"Fight","damage_taken":0,"max_hp_gain":0,"max_hp_loss":0,"event_name":"MindBloom","floor":46,"gold_loss":0}],"is_beta":false,"boss_relics":[{"not_picked":["Calling Bell","Sozu"],"picked":"Coffee Dripper"},{"not_picked":["Velvet Choker","Fusion Hammer"],"picked":"Black Star"}],"items_purged_floors":[22,38,53],"is_endless":false,"potions_floor_spawned":[1,5,7,19,24,33,41,46,48],"ascension_level":1}}