{"host":"uiabnm26t0ss3jkq","time":1613303682,"event":{"mods":["BaseMod","Better Note","Better Skull","Better Third Choice","Bossed Relics","Colored Powertips","Curses Come First","Minty Spire (QoL Compilation)","Relic Stats","StSLib","SuperFastMode","Waifu the Spire"],"gold_per_floor":[119,136,61,0,17,49,49,49,49],"floor_reached":8,"language":"ENG","playtime":401,"items_purged":["Defend_B"],"score":67,"play_id":"cc91aedd-2c92-4ab1-b7ea-d386901676c2","local_time":"20210214145442","is_ascension_mode":true,"campfire_choices":[],"circlet_count":0,"master_deck":["Strike_B","Strike_B","Strike_B","Strike_B","Defend_B","Defend_B","Zap","Dualcast","Steam","Conserve Battery","Enlightenment","Self Repair"],"relics":["Cracked Core","NeowsBlessing","Omamori"],"acts_visited":["Exordium"],"potions_floor_usage":[6],"damage_taken":[{"damage":0,"enemies":"Cultist","floor":1,"turns":1},{"damage":0,"enemies":"2 Louse","floor":2,"turns":1},{"damage":0,"enemies":"Small Slimes","floor":5,"turns":1},{"damage":52,"enemies":"3 Sentries","floor":6,"turns":12},{"damage":29,"enemies":"Lagavulin","floor":8,"turns":5}],"seed_played":"-553262439516647890","potions_obtained":[{"floor":5,"key":"BlessingOfTheForge"}],"is_trial":false,"path_per_floor":["M","M","$","?","M","E","?","E"],"character_chosen":"DEFECT","items_purchased":[],"campfire_rested":0,"item_purchase_floors":[],"current_hp_per_floor":[75,75,75,81,81,29,22,0,0],"gold":49,"neow_bonus":"THREE_ENEMY_KILL","is_daily":false,"chose_seed":false,"campfire_upgraded":0,"win_rate":0.0,"timestamp":1613303682,"path_taken":["M","?","$","?","M","E","?","E"],"items_purchased_type":[],"build_version":"2020-12-22","purchased_purges":1,"victory":false,"max_hp_per_floor":[75,75,75,81,81,81,81,81,81],"relic_stats":{"counters":[5,20],"obtain_stats":[{"NeowsBlessing":0,"Omamori":6,"Cracked Core":0},{"NeowsBlessing":0,"Omamori":4,"Cracked Core":0},{"NeowsBlessing":0,"Omamori":15,"Cracked Core":0}]},"card_choices":[{"not_picked":["Beam Cell","Compile Driver"],"picked":"Steam","floor":1},{"not_picked":["Aggregate","Steam"],"picked":"Conserve Battery","floor":2},{"not_picked":["Beam Cell","Recycle","Aggregate"],"picked":"SKIP","floor":5},{"not_picked":["Capacitor","Melter"],"picked":"Self Repair","floor":6}],"player_experience":407259,"relics_obtained":[{"floor":6,"key":"Omamori"}],"event_choices":[{"damage_healed":0,"gold_gain":0,"player_choice":"RENOUNCE","damage_taken":61,"max_hp_gain":0,"max_hp_loss":0,"event_name":"betterThird:BetterSerpent","floor":4,"gold_loss":61,"cards_obtained":["Enlightenment"]},{"cards_removed":["Defend_B"],"damage_healed":0,"gold_gain":0,"player_choice":"Card Removal","damage_taken":7,"max_hp_gain":0,"max_hp_loss":0,"event_name":"Golden Wing","floor":7,"gold_loss":0}],"is_beta":false,"boss_relics":[],"items_purged_floors":[3],"is_endless":false,"potions_floor_spawned":[5],"killed_by":"Lagavulin","ascension_level":4}}