{"host":"0ljdtxkp4cbyxir6","time":1613270997,"event":{"mods":["Aspiration","BaseMod","Colored Powertips","DeckTracker","Downfall","Highlight Path","Hubris","Infinite Spire","Minty Spire (QoL Compilation)","Quick Restart","Random Character Button","Relic Sorter","Replay The Spire","StSLib","SuperFastMode","Synergy Search","The Cursed","The Disciple","The Jungle","The Runesmith"],"gold_per_floor":[116,128,140,46,59,85,146,146,196,196,129,146,146,146,146,250,250,263,273,273,286,300,300,334,334,334,334,350,365,383,383,383,481,481,529,34,34,49,66,66,92,92,92,110,110,110,129,157,157,195,195,195,195],"floor_reached":52,"language":"ENG","playtime":5651,"items_purged":["TheCursedMod:CircleOfFlame+1"],"score":653,"play_id":"ca4923f6-3173-415f-bc16-2b41bdfed6e4","local_time":"20210213194957","is_ascension_mode":false,"campfire_choices":[{"data":"TheCursedMod:ReleasedStrength","floor":8,"key":"SMITH"},{"floor":10,"key":"REST"},{"data":"TheCursedMod:FuryStrike","floor":15,"key":"SMITH"},{"floor":23,"key":"REST"},{"floor":27,"key":"REST"},{"floor":32,"key":"RECALL"},{"floor":40,"key":"REST"},{"floor":49,"key":"REST"},{"floor":51,"key":"REST"}],"circlet_count":0,"master_deck":["TheCursedMod:Strike_TheCursed","TheCursedMod:Strike_TheCursed","TheCursedMod:Strike_TheCursed","TheCursedMod:Strike_TheCursed","TheCursedMod:Defend_TheCursed","TheCursedMod:Defend_TheCursed","TheCursedMod:Defend_TheCursed","TheCursedMod:Defend_TheCursed","TheCursedMod:CursedWand+1","TheCursedMod:CleanUpWorkshop","TheCursedMod:Dregs","TheCursedMod:CursedArmor","TheCursedMod:CursedAmulet","TheCursedMod:ReleasedStrength+1","CommonCold","TheCursedMod:CursedStaff","TheCursedMod:SpitefulPray","TheCursedMod:SurpriseAttack+1","TheCursedMod:FuryStrike+1","TheCursedMod:ManaBullet","TheCursedMod:StunningStrike","TheCursedMod:SpitefulStrike+1","TheCursedMod:HellsGateOpen+1","TheCursedMod:SurpriseAttack","TheCursedMod:Neurasthenia","TheCursedMod:DarkBarrier","SwitchThreat","sneckomod:Unknown","ReplayTheSpireMod:Private Reserves","infinitespire:DeathsTouch","TheCursedMod:SurpriseAttack","infinitespire:FinalStrike","TheCursedMod:SpitefulStrike+1"],"relics":["TheCursedMod:BlackMagic101","NeowsBlessing","ReplayTheSpireMod:CursedCoin","Iron Hammer","infinitespire:Lychee Nut","Replay:Rubber Ducky","Whetstone","Fusion Hammer","Runesmith:AutoHammer","aspiration:RitualStick","Kunai","Replay:Lucky Slots","infinitespire:EvilPickle","ReplayTheSpireMod:SealedPack","Replay:Kaleidoscope","Bag of Marbles","Regal Pillow"],"acts_visited":["Exordium","TheCity","TheBeyond"],"potions_floor_usage":[16,16,33,33,39,52],"damage_taken":[{"damage":0,"enemies":"Jaw Worm","floor":1,"turns":1},{"damage":0,"enemies":"Small Slimes","floor":2,"turns":1},{"damage":0,"enemies":"Cultist","floor":3,"turns":1},{"damage":2,"enemies":"Large Slime","floor":5,"turns":6},{"damage":7,"enemies":"Replay:BlueRogue","floor":6,"turns":5},{"damage":17,"enemies":"Gremlin Nob","floor":7,"turns":4},{"damage":0,"enemies":"Exordium Wildlife","floor":12,"turns":3},{"damage":10,"enemies":"Hexaghost","floor":16,"turns":9},{"damage":0,"enemies":"Spheric Guardian","floor":18,"turns":3},{"damage":13,"enemies":"Shell Parasite","floor":19,"turns":4},{"damage":0,"enemies":"Snake Plant","floor":21,"turns":3},{"damage":16,"enemies":"Centurion and Healer","floor":22,"turns":4},{"damage":9,"enemies":"Replay:Snechameleon","floor":24,"turns":4},{"damage":1,"enemies":"Chosen and Byrds","floor":28,"turns":4},{"damage":0,"enemies":"Snake Plant","floor":29,"turns":4},{"damage":0,"enemies":"Snecko","floor":30,"turns":3},{"damage":10,"enemies":"Pondfish","floor":33,"turns":9},{"damage":7,"enemies":"3 Shapes","floor":35,"turns":3},{"damage":7,"enemies":"Orb Walker","floor":38,"turns":2},{"damage":0,"enemies":"Sphere and 2 Shapes","floor":39,"turns":4},{"damage":2,"enemies":"Maw","floor":44,"turns":5},{"damage":0,"enemies":"3 Darklings","floor":47,"turns":3},{"damage":0,"enemies":"4 Shapes","floor":48,"turns":5},{"damage":0,"enemies":"Writhing Mass","floor":50,"turns":2},{"damage":60,"enemies":"hubris:GrandSnecko","floor":52,"turns":8}],"seed_played":"876570916107435339","potions_obtained":[{"floor":1,"key":"Weak Potion"},{"floor":7,"key":"Explosive Potion"},{"floor":12,"key":"Adrenaline Potion"},{"floor":16,"key":"Swift Potion"},{"floor":21,"key":"SkillPotion"},{"floor":22,"key":"DuplicationPotion"},{"floor":38,"key":"LiquidBronze"},{"floor":39,"key":"SpeedPotion"}],"is_trial":false,"path_per_floor":["M","M","M","$","M","E","?","R","T","R","$","M","?","?","R","B",null,"M","M","?","M","M","R","E","?","T","R","M","M","M","AVR","R","B",null,"M","?","?","M","M","R","T","AVR","T","M","PTL","PTL","M","M","R","M","R","B"],"character_chosen":"THE_CURSED","items_purchased":["ReplayTheSpireMod:CursedCoin","Iron Hammer","TheCursedMod:FuryStrike"],"campfire_rested":6,"item_purchase_floors":[4,4,11],"current_hp_per_floor":[75,75,75,75,73,56,40,40,40,56,56,56,56,56,56,47,56,56,46,46,51,41,56,47,36,36,52,56,56,56,56,56,46,56,49,49,49,45,51,56,56,56,56,54,54,54,56,56,56,56,56,0,0],"gold":195,"neow_bonus":"THREE_ENEMY_KILL","is_daily":false,"chose_seed":false,"campfire_upgraded":2,"win_rate":0.0,"timestamp":1613270997,"path_taken":["M","M","M","$","M","E","?","R","T","R","$","M","?","?","R","BOSS","M","M","?","M","M","R","E","?","T","R","M","?","M","AVR","R","BOSS","M","?","?","M","?","R","?","AVR","T","M","PTL","PTL","M","M","R","M","R","BOSS"],"items_purchased_type":["Relic","Relic","Card"],"build_version":"2020-12-22","purchased_purges":1,"victory":false,"max_hp_per_floor":[75,75,75,75,75,56,56,56,56,56,56,56,56,56,56,56,56,56,56,56,56,56,56,56,56,56,56,56,56,56,56,56,56,56,56,56,56,56,56,56,56,56,56,56,56,56,56,56,56,56,56,56,56],"card_choices":[{"not_picked":["TheCursedMod:Stretching","TheCursedMod:CursedBlade"],"picked":"TheCursedMod:CursedArmor","floor":1},{"not_picked":["TheCursedMod:CursedBoomerang","TheCursedMod:AshesToAshes"],"picked":"TheCursedMod:CursedAmulet","floor":2},{"not_picked":["TheCursedMod:BloodBarrier","TheCursedMod:WearCloak"],"picked":"TheCursedMod:ReleasedStrength","floor":3},{"not_picked":["TheCursedMod:UltimatePain","TheCursedMod:SmokeScreen"],"picked":"TheCursedMod:CursedStaff","floor":5},{"not_picked":["TheCursedMod:FleshFromBone","TheCursedMod:CircleOfCorruption"],"picked":"TheCursedMod:SpitefulPray","floor":6},{"not_picked":["TheCursedMod:RapidMovement","TheCursedMod:RavingStaff"],"picked":"TheCursedMod:SurpriseAttack","floor":7},{"not_picked":["TheCursedMod:Grudge","TheCursedMod:Stigma"],"picked":"TheCursedMod:ManaBullet","floor":12},{"not_picked":["TheCursedMod:ParallelWorld","TheCursedMod:CircleOfAbyss"],"picked":"TheCursedMod:StunningStrike","floor":16},{"not_picked":["TheCursedMod:Torture","TheCursedMod:WearCloak+1"],"picked":"TheCursedMod:SpitefulStrike+1","floor":18},{"not_picked":["TheCursedMod:SoulCrush","TheCursedMod:Stigma+1","TheCursedMod:RapidMovement"],"picked":"SKIP","floor":19},{"not_picked":["TheCursedMod:RavingStaff","TheCursedMod:CursedArmor","TheCursedMod:VitalStrike"],"picked":"SKIP","floor":21},{"not_picked":["TheCursedMod:Obscuration","TheCursedMod:ShockAndAwe"],"picked":"TheCursedMod:HellsGateOpen+1","floor":22},{"not_picked":["TheCursedMod:SpitefulPlan","TheCursedMod:RavingStaff+1"],"picked":"TheCursedMod:SurpriseAttack","floor":24},{"not_picked":["TheCursedMod:BlessingInDisguise","TheCursedMod:CircleOfFlame","TheCursedMod:CursedAmulet"],"picked":"SKIP","floor":28},{"not_picked":["TheCursedMod:ManaBullet+1","TheCursedMod:Stretching"],"picked":"TheCursedMod:CircleOfFlame+1","floor":29},{"not_picked":["TheCursedMod:EmpowerCircles","TheCursedMod:RavingStaff+1"],"picked":"TheCursedMod:Neurasthenia","floor":30},{"not_picked":["TheCursedMod:ShockAndAwe","TheCursedMod:StunningStrike"],"picked":"TheCursedMod:DarkBarrier","floor":33},{"not_picked":["hexamod:Float","m_Survivalism"],"picked":"sneckomod:Unknown","floor":34},{"not_picked":["Specialist","Forethought"],"picked":"ReplayTheSpireMod:Private Reserves","floor":34},{"not_picked":["infinitespire:SevenWalls","Replay:Fractal Strike"],"picked":"infinitespire:DeathsTouch","floor":34},{"not_picked":["TheCursedMod:CursedMace","TheCursedMod:ManaBullet+1"],"picked":"TheCursedMod:SurpriseAttack","floor":35},{"not_picked":["infinitespire:SealOfDarkness+","infinitespire:NeuralNetwork"],"picked":"infinitespire:FinalStrike","floor":36},{"not_picked":["TheCursedMod:SpitefulPray","TheCursedMod:CircleOfFlame","TheCursedMod:CursedMace+1"],"picked":"SKIP","floor":38},{"not_picked":["TheCursedMod:CursedAmulet+1","TheCursedMod:CircleOfCorruption","TheCursedMod:UltimatePain"],"picked":"SKIP","floor":39},{"not_picked":["TheCursedMod:Torture+1","TheCursedMod:CircleOfBlood","TheCursedMod:CursedBlade+1"],"picked":"SKIP","floor":44},{"not_picked":["TheCursedMod:Stretching","TheCursedMod:Evocation+1","TheCursedMod:RavingStaff"],"picked":"SKIP","floor":47},{"not_picked":["TheCursedMod:Evocation+1","TheCursedMod:ShockAndAwe"],"picked":"TheCursedMod:SpitefulStrike+1","floor":48},{"not_picked":["TheCursedMod:CircleOfAmplification+1","TheCursedMod:SmokeScreen","TheCursedMod:DoubleShield"],"picked":"SKIP","floor":50}],"player_experience":83747,"relics_obtained":[{"floor":6,"key":"infinitespire:Lychee Nut"},{"floor":7,"key":"Replay:Rubber Ducky"},{"floor":9,"key":"Whetstone"},{"floor":24,"key":"Runesmith:AutoHammer"},{"floor":26,"key":"Kunai"},{"floor":37,"key":"Replay:Kaleidoscope"},{"floor":41,"key":"Bag of Marbles"},{"floor":43,"key":"Regal Pillow"}],"event_choices":[{"damage_healed":0,"gold_gain":0,"player_choice":"Searched \u00271\u0027 times","damage_taken":0,"max_hp_gain":0,"max_hp_loss":0,"event_name":"Dead Adventurer","floor":7,"gold_loss":0},{"damage_healed":0,"gold_gain":0,"player_choice":"Bought 0 Potions","damage_taken":0,"max_hp_gain":0,"max_hp_loss":0,"event_name":"The Woman in Blue","floor":14,"gold_loss":0},{"damage_healed":0,"gold_gain":0,"player_choice":"Ignored","damage_taken":0,"max_hp_gain":0,"max_hp_loss":0,"event_name":"Beggar","floor":20,"gold_loss":0},{"damage_healed":0,"gold_gain":0,"player_choice":"Relic","damage_taken":0,"max_hp_gain":0,"max_hp_loss":0,"event_name":"Wheel of Change","floor":37,"gold_loss":0}],"is_beta":false,"boss_relics":[{"not_picked":["hubris:HollowSoul","Snecko Eye"],"picked":"Fusion Hammer"},{"not_picked":["Honey Jar","infinitespire:Cupcake"],"picked":"ReplayTheSpireMod:SealedPack"}],"items_purged_floors":[42],"is_endless":false,"potions_floor_spawned":[1,7,12,16,21,22,30,38,39],"killed_by":"hubris:GrandSnecko","ascension_level":0}}