{"host":"ocll6kdfqxraqtza","time":1613285667,"event":{"mods":["2.2 Compatiblity","Act Like it!","Arknights","Aspiration","BaseMod","Better Third Choice","Gensokyo","Hallownest","Hermit","Hubris","Jorbs\u0027s Wanderer Trilogy","Luminous","Marisa（霧雨　魔理沙）","Minty Spire (QoL Compilation)","Reimu（博??梦）","Reliquary","Replay The Spire","Shade Mod","StSLib","The Alterego","The Bug Knight","The Cursed","The Hierophant","The Marked","The Runesmith","TheBandit","Wandering Minibosses"],"gold_per_floor":[111,121,121,121,134,164,164,184,184,184,184,212,225,251,251,251,251],"floor_reached":16,"language":"ENG","playtime":267,"items_purged":[],"score":132,"play_id":"4f3f0b31-1786-4d60-9eff-4ef577924845","local_time":"20210214145427","is_ascension_mode":true,"campfire_choices":[{"data":"Anger","floor":7.0,"key":"SMITH"},{"data":"Whirlwind","floor":10.0,"key":"SMITH"},{"data":"Demon Form","floor":15,"key":"SMITH"}],"circlet_count":0,"master_deck":["Strike_R","Strike_R","Strike_R","Defend_R","Defend_R","Defend_R","Defend_R","Bash","Anger+1","Whirlwind+1","Clothesline","Pummel","Offering","Run Through","Searing Blow","hubris:CleavingFinish","Anger","Dropkick","Demon Form+1","True Grit","Clash"],"relics":["Burning Blood","NeowsBlessing","Mirror","hubris:OldNail","reliquary:TatteredRug"],"acts_visited":["Exordium"],"potions_floor_usage":[16],"damage_taken":[{"damage":0.0,"enemies":"Cultist","floor":1.0,"turns":1.0},{"damage":0.0,"enemies":"Small Slimes","floor":2.0,"turns":1.0},{"damage":0.0,"enemies":"Jaw Worm","floor":5.0,"turns":1.0},{"damage":21.0,"enemies":"Gremlin Nob","floor":6.0,"turns":4.0},{"damage":5.0,"enemies":"Gremlin Gang","floor":8.0,"turns":2.0},{"damage":36,"enemies":"Lagavulin","floor":12,"turns":4},{"damage":12,"enemies":"Blue Slaver","floor":13,"turns":2},{"damage":19,"enemies":"Gremlin Nob","floor":14,"turns":4},{"damage":19,"enemies":"Slime Boss","floor":16,"turns":4}],"seed_played":"-31067000270269629","potions_obtained":[{"floor":2.0,"key":"ColorlessPotion"},{"floor":12,"key":"Weak Potion"},{"floor":13,"key":"Strength Potion"}],"is_trial":false,"path_per_floor":["M","M","?","?","M","E","R","M","T","R","?","E","M","E","R","B"],"character_chosen":"IRONCLAD","items_purchased":[],"campfire_rested":0,"item_purchase_floors":[],"current_hp_per_floor":[80,80,73,73,79,64,64,65,65,65,65,35,29,16,16,0,0],"gold":251,"neow_bonus":"THREE_ENEMY_KILL","is_daily":false,"chose_seed":false,"campfire_upgraded":3,"win_rate":0.0,"timestamp":1613285667,"path_taken":["M","?","?","?","M","E","R","?","T","R","?","E","M","E","R","BOSS"],"items_purchased_type":[],"build_version":"2020-12-22","purchased_purges":0,"victory":false,"max_hp_per_floor":[80,80,80,80,80,80,80,80,80,80,80,80,80,80,80,80,80],"card_choices":[{"not_picked":["Headbutt","Fire Breathing"],"picked":"Anger","floor":1.0},{"not_picked":["Rupture","Sentinel"],"picked":"Whirlwind","floor":2.0},{"not_picked":["Headbutt","ReplayTheSpireMod:Strike From Hell"],"picked":"Clothesline","floor":5.0},{"not_picked":["Perfected Strike","Twin Strike"],"picked":"Pummel","floor":6.0},{"not_picked":["Pommel Strike","Run Through"],"picked":"Offering","floor":8.0},{"not_picked":["Headbutt","Warcry"],"picked":"Demon Form","floor":12},{"not_picked":["Havoc","hubris:SharpeningStone"],"picked":"True Grit","floor":13},{"not_picked":["Massacre","Sword Boomerang"],"picked":"Clash","floor":14}],"player_experience":542437,"relics_obtained":[{"floor":6.0,"key":"Mirror"},{"floor":12,"key":"hubris:OldNail"},{"floor":14,"key":"reliquary:TatteredRug"}],"event_choices":[{"cards_removed":["Strike_R"],"damage_healed":0.0,"max_hp_gain":0.0,"max_hp_loss":0.0,"gold_gain":0.0,"event_name":"Golden Wing","player_choice":"Card Removal","floor":3.0,"gold_loss":0.0,"damage_taken":7.0},{"cards_removed":["Strike_R"],"damage_healed":0.0,"max_hp_gain":0.0,"max_hp_loss":0.0,"gold_gain":0.0,"event_name":"Purifier","player_choice":"Purged","floor":4.0,"gold_loss":0.0,"damage_taken":0.0}],"is_beta":false,"boss_relics":[],"items_purged_floors":[],"is_endless":false,"potions_floor_spawned":[2,12,13,14],"killed_by":"Slime Boss","ascension_level":2}}