{"host":"7lqra3rfanasaqnt","time":1613342086,"event":{"mods":["AchievementEnabler","Act Like it!","BaseMod","Colored Powertips","Downfall","Friendly Minions","Gremlin Mod","Minty Spire (QoL Compilation)","StSLib"],"gold_per_floor":[99,118,136,136,147,147,147,161,161,191,22,47,47,67,78,78,78,78],"floor_reached":16,"language":"ENG","playtime":695,"items_purged":[],"score":144,"play_id":"e9a187d9-4224-4640-b8c1-8f603f2d5c30","local_time":"20210214153446","is_ascension_mode":true,"campfire_choices":[{"data":"sneckomod:Unknown","floor":1,"key":"SMITH"},{"data":"sneckomod:WideSting","floor":9,"key":"SMITH"}],"circlet_count":0,"master_deck":["sneckomod:Strike","sneckomod:Strike","sneckomod:Strike","sneckomod:Defend","sneckomod:Defend","sneckomod:Defend","sneckomod:TailWhip","sneckomod:SnekBite","sneckomod:Unknown+1","sneckomod:Unknown","sneckomod:UnknownCommonAttack","sneckomod:WideSting+1","sneckomod:UnknownExhaust","sneckomod:UnknownVulnerable+1","sneckomod:SerpentIdol","sneckomod:QuickMove","sneckomod:UnknownColorless+1","A Thousand Cuts+1","sneckomod:UnknownBoss+1","sneckomod:UnknownBlock+1"],"relics":["sneckomod:SneckoSoul","sneckomod:UnknownEgg","Lantern","InkBottle","sneckomod:SneckoCommon","Ornamental Fan"],"acts_visited":["Exordium"],"potions_floor_usage":[16],"damage_taken":[{"damage":0,"enemies":"2 Louse","floor":2,"turns":3},{"damage":0,"enemies":"Cultist","floor":3,"turns":3},{"damage":11,"enemies":"Jaw Worm","floor":5,"turns":3},{"damage":8,"enemies":"Blue Slaver","floor":8,"turns":3},{"damage":39,"enemies":"3 Sentries","floor":10,"turns":7},{"damage":0,"enemies":"downfall:FleeingMerchant","floor":11,"turns":4},{"damage":0,"enemies":"Lagavulin","floor":12,"turns":3},{"damage":1,"enemies":"2 Fungi Beasts","floor":14,"turns":4},{"damage":0,"enemies":"downfall:LooterAlt","floor":15,"turns":2},{"damage":43,"enemies":"WA_ARCHETYPE_RETAIN","floor":16,"turns":6}],"seed_played":"-8932449449251486472","potions_obtained":[{"floor":8,"key":"Ancient Potion"},{"floor":12,"key":"SmokeBomb"},{"floor":14,"key":"champ:CounterPotion"},{"floor":15,"key":"sneckomod:MuddlingPotion"}],"is_trial":false,"path_per_floor":["R","M","M","?","M","?","T","M","R","E","$","E","R","M","M","B"],"character_chosen":"THE_SNECKO","items_purchased":["sneckomod:SneckoCommon"],"campfire_rested":0,"item_purchase_floors":[11],"current_hp_per_floor":[90,90,90,100,89,89,89,81,81,42,42,42,42,41,41,0,0,0],"gold":78,"neow_bonus":"ONE_RANDOM_RARE_CARD","is_daily":false,"chose_seed":false,"campfire_upgraded":2,"win_rate":0.0,"timestamp":1613342086,"path_taken":["R","M","M","?","?","?","T","M","R","E","?","E","R","M","M","BOSS"],"items_purchased_type":["Relic"],"build_version":"2020-12-22","purchased_purges":0,"victory":false,"max_hp_per_floor":[90,90,90,100,100,100,100,100,100,100,100,100,100,100,100,100,100,100],"card_choices":[{"not_picked":["sneckomod:DiceBlock","sneckomod:UnknownBlock"],"picked":"sneckomod:UnknownCommonAttack","floor":2},{"not_picked":["sneckomod:QuickBite","sneckomod:Nope"],"picked":"sneckomod:WideSting","floor":3},{"not_picked":["sneckomod:UnknownCommonAttack","sneckomod:SlitherStrike"],"picked":"sneckomod:UnknownExhaust","floor":5},{"not_picked":["sneckomod:SoulExchange","sneckomod:IronFang"],"picked":"sneckomod:UnknownVulnerable+1","floor":8},{"not_picked":["sneckomod:UnknownCommonAttack+1","sneckomod:SoulCleanse"],"picked":"sneckomod:SerpentIdol","floor":10},{"not_picked":["sneckomod:QuickBite","sneckomod:RainOfDice"],"picked":"sneckomod:QuickMove","floor":11},{"not_picked":["sneckomod:UnknownBlock+1","sneckomod:QuickMove"],"picked":"sneckomod:UnknownColorless+1","floor":12},{"not_picked":["sneckomod:SoulRoll","sneckomod:WideSting"],"picked":"sneckomod:UnknownBoss+1","floor":14},{"not_picked":["sneckomod:QuickBite","sneckomod:Nope"],"picked":"sneckomod:UnknownBlock+1","floor":15}],"player_experience":596871,"relics_obtained":[{"floor":7,"key":"Lantern"},{"floor":10,"key":"InkBottle"},{"floor":12,"key":"Ornamental Fan"}],"event_choices":[{"cards_removed":["sneckomod:Transmogrify"],"damage_healed":0,"gold_gain":0,"player_choice":"Offered Rare","damage_taken":0,"max_hp_gain":10,"max_hp_loss":0,"event_name":"Bonfire Elementals","floor":4,"gold_loss":0}],"is_beta":false,"boss_relics":[],"items_purged_floors":[],"is_endless":false,"potions_floor_spawned":[8,12,14,15],"killed_by":"WA_ARCHETYPE_RETAIN","ascension_level":1}}