{"host":"mlerl2sxhcwd6xvy","time":1613267577,"event":{"mods":["BaseMod","Downfall","Minty Spire (QoL Compilation)","StSLib","The Runesmith"],"gold_per_floor":[119,41,41,41,53,83,83,83,83,103,119,136,164,183,183,278,278,290,302,81,94,94,94,94],"floor_reached":23,"language":"ENG","playtime":1466,"items_purged":["Shame"],"score":239,"play_id":"d422f4f2-8ce7-4f38-852c-121772695e6e","local_time":"20210213205257","is_ascension_mode":true,"campfire_choices":[{"data":"Sunder","floor":7,"key":"SMITH"},{"floor":15,"key":"DIG"}],"circlet_count":0,"master_deck":["Strike_B","Strike_B+1","Defend_B","Defend_B","Defend_B","Defend_B+1","Zap","Dualcast","Coolheaded","Sunder+1","Clumsy","Amplify","Sweeping Beam","All For One","Gash","Undo","Defragment","Rebound","Stack","Creative AI","Decay","Turbo+1","Hologram","Beam Cell+1","Cold Snap+1","Gash","Reprogram+1","Amplify","Conserve Battery"],"relics":["Cracked Core","NeowsBlessing","downfall:ExtraCursedKey","FaceOfCleric","Juzu Bracelet","Eternal Feather","Shovel","Calipers","Astrolabe","Orrery"],"acts_visited":["Exordium","TheCity"],"potions_floor_usage":[14,16,19],"damage_taken":[{"damage":0,"enemies":"2 Louse","floor":1,"turns":1},{"damage":0,"enemies":"Cultist","floor":5,"turns":1},{"damage":0,"enemies":"Gremlin Nob","floor":6,"turns":1},{"damage":0,"enemies":"Small Slimes","floor":10,"turns":1},{"damage":0,"enemies":"Blue Slaver","floor":11,"turns":3},{"damage":2,"enemies":"3 Louse","floor":12,"turns":3},{"damage":6,"enemies":"3 Sentries","floor":13,"turns":5},{"damage":6,"enemies":"Exordium Wildlife","floor":14,"turns":2},{"damage":7,"enemies":"The Guardian","floor":16,"turns":15},{"damage":17,"enemies":"2 Thieves","floor":18,"turns":4},{"damage":31,"enemies":"Chosen","floor":19,"turns":4},{"damage":32,"enemies":"Centurion and Healer","floor":21,"turns":5},{"damage":9,"enemies":"Slavers","floor":23,"turns":1}],"seed_played":"6717375827321547164","potions_obtained":[{"floor":6,"key":"LiquidMemories"},{"floor":10,"key":"FearPotion"},{"floor":12,"key":"Fire Potion"},{"floor":18,"key":"champ:CounterPotion"},{"floor":21,"key":"Guardian:BlockOnCardUsePotion"}],"is_trial":false,"path_per_floor":["M","$","?","?","M","E","R","?","T","M","M","M","E","M","R","B",null,"M","M","$","M","?","E"],"character_chosen":"DEFECT","items_purchased":["Sunder","Orrery"],"campfire_rested":0,"item_purchase_floors":[2,20],"current_hp_per_floor":[75,75,75,75,76,77,77,62,62,63,64,63,58,53,65,59,83,67,37,37,6,6,0,0],"gold":94,"neow_bonus":"THREE_ENEMY_KILL","is_daily":false,"chose_seed":false,"campfire_upgraded":1,"win_rate":0.0,"timestamp":1613267577,"path_taken":["M","$","?","?","?","E","R","?","T","M","M","M","E","M","R","BOSS","M","M","$","M","?","E"],"items_purchased_type":["Card","Relic"],"build_version":"2020-12-22","purchased_purges":1,"victory":false,"max_hp_per_floor":[75,75,75,75,76,77,77,77,77,78,79,80,81,82,82,83,83,84,85,85,86,86,86,86],"card_choices":[{"not_picked":["Go for the Eyes","Redo"],"picked":"Coolheaded","floor":1},{"not_picked":["Scrape","Rebound"],"picked":"Sweeping Beam","floor":5},{"not_picked":["Self Repair","Beam Cell"],"picked":"All For One","floor":6},{"not_picked":["Go for the Eyes","Storm"],"picked":"Gash","floor":10},{"not_picked":["Go for the Eyes","Redo"],"picked":"Undo","floor":11},{"not_picked":["Compile Driver","Sweeping Beam"],"picked":"Defragment","floor":12},{"not_picked":["Scrape","Blizzard"],"picked":"Rebound","floor":13},{"not_picked":["Compile Driver","Go for the Eyes"],"picked":"Stack","floor":14},{"not_picked":["All For One","Multi-Cast"],"picked":"Creative AI","floor":16},{"not_picked":["Redo","Compile Driver"],"picked":"Beam Cell","floor":18},{"not_picked":["Rip and Tear","Steam"],"picked":"Hologram","floor":19},{"not_picked":["Go for the Eyes","Cold Snap"],"picked":"Beam Cell+1","floor":20},{"not_picked":["Stack+1","Coolheaded"],"picked":"Cold Snap+1","floor":20},{"not_picked":["Reprogram+1","Compile Driver"],"picked":"Gash","floor":20},{"not_picked":["Compile Driver","Cold Snap"],"picked":"Reprogram+1","floor":21}],"player_experience":242913,"relics_obtained":[{"floor":6,"key":"Juzu Bracelet"},{"floor":9,"key":"Eternal Feather"},{"floor":13,"key":"Shovel"},{"floor":15,"key":"Calipers"}],"event_choices":[{"damage_healed":0,"gold_gain":0,"player_choice":"Trade","damage_taken":0,"relics_obtained":["FaceOfCleric"],"max_hp_gain":0,"max_hp_loss":0,"event_name":"FaceTrader","floor":4,"gold_loss":0},{"damage_healed":0,"gold_gain":0,"player_choice":"Entered Light","damage_taken":15,"max_hp_gain":0,"max_hp_loss":0,"event_name":"Shining Light","floor":8,"gold_loss":0,"cards_upgraded":["Defend_B","Strike_B"]},{"damage_healed":0,"gold_gain":0,"cards_transformed":["Beam Cell","Strike_B"],"player_choice":"Became Test Subject","damage_taken":0,"max_hp_gain":0,"max_hp_loss":0,"event_name":"Drug Dealer","floor":22,"gold_loss":0,"cards_obtained":["Amplify","Conserve Battery"]}],"is_beta":false,"boss_relics":[{"not_picked":["Ectoplasm","Busted Crown"],"picked":"Astrolabe"}],"items_purged_floors":[20],"is_endless":false,"potions_floor_spawned":[6,10,12,13,18,21],"killed_by":"Slavers","ascension_level":1}}