{"host":"ty2cix8xj6r3ad26","time":1613305836,"event":{"mods":["AchievementEnabler","BaseMod","BetterRewards","Minty Spire (QoL Compilation)","Quick Restart","StSLib","SuperFastMode"],"gold_per_floor":[110,110,125,142,142,142,175,175,201,201,217,189,66,91,91,195,195,207,217,33,33,33,59,59,84,84,183,193,207,234,234,234,330,330,343,343,343,120,133,160,177,192,192,192,24,54,70,95,95,95],"floor_reached":51,"language":"ENG","playtime":3630,"items_purged":["Strike_B","Defend_B","Loop","Hello World"],"score":1370,"play_id":"e8ed1b51-5ec0-4abe-8246-b41251a8e615","local_time":"20210214143036","is_ascension_mode":true,"campfire_choices":[{"data":"Zap","floor":6,"key":"SMITH"},{"data":"Reinforced Body","floor":8,"key":"SMITH"},{"data":"Coolheaded","floor":10,"key":"SMITH"},{"data":"Barrage","floor":15,"key":"SMITH"},{"data":"Thunder Strike","floor":24,"key":"SMITH"},{"data":"Consume","floor":32,"key":"SMITH"},{"data":"Buffer","floor":44,"key":"SMITH"},{"data":"Meteor Strike","floor":49,"key":"SMITH"}],"circlet_count":0,"master_deck":["AscendersBane","Zap+1","Dualcast+1","Chill","Reinforced Body+1","FTL","Coolheaded+1","Capacitor","Barrage+1","Thunder Strike+1","Loop","Machine Learning","Reboot","Melter","Undo","Ghostly+1","Ghostly","Ghostly","Ghostly+1","Ghostly","Storm+1","Consume+1","Buffer+1","Self Repair","Madness","Madness","Meteor Strike+1","Mayhem","Parasite"],"relics":["Cracked Core","Membership Card","CaptainsWheel","Orichalcum","Bag of Preparation","Lantern","Runic Capacitor","Oddly Smooth Stone","Pandora\u0027s Box","Singing Bowl","Tiny Chest","Anchor","Mummified Hand","Red Mask","Ornamental Fan","Sozu","Strange Spoon","Strawberry","HornCleat","War Paint","Ancient Tea Set","Akabeko"],"acts_visited":["Exordium","TheCity","TheBeyond"],"potions_floor_usage":[7,7,16,30,33,40,50],"damage_taken":[{"damage":2,"enemies":"Jaw Worm","floor":1,"turns":3},{"damage":4,"enemies":"Small Slimes","floor":3,"turns":4},{"damage":0,"enemies":"Cultist","floor":4,"turns":4},{"damage":0,"enemies":"Lagavulin","floor":7,"turns":6},{"damage":0,"enemies":"Red Slaver","floor":11,"turns":3},{"damage":0,"enemies":"Exordium Thugs","floor":12,"turns":6},{"damage":4,"enemies":"Slime Boss","floor":16,"turns":7},{"damage":9,"enemies":"2 Thieves","floor":18,"turns":4},{"damage":0,"enemies":"Chosen","floor":19,"turns":4},{"damage":0,"enemies":"Slavers","floor":23,"turns":6},{"damage":0,"enemies":"Book of Stabbing","floor":25,"turns":5},{"damage":0,"enemies":"Snecko","floor":28,"turns":5},{"damage":0,"enemies":"Centurion and Healer","floor":29,"turns":4},{"damage":0,"enemies":"Masked Bandits","floor":30,"turns":3},{"damage":24,"enemies":"Automaton","floor":33,"turns":9},{"damage":0,"enemies":"3 Shapes","floor":35,"turns":3},{"damage":0,"enemies":"Orb Walker","floor":39,"turns":3},{"damage":0,"enemies":"Nemesis","floor":40,"turns":5},{"damage":0,"enemies":"Spire Growth","floor":41,"turns":5},{"damage":0,"enemies":"Transient","floor":42,"turns":5},{"damage":0,"enemies":"Giant Head","floor":46,"turns":5},{"damage":0,"enemies":"Writhing Mass","floor":47,"turns":3},{"damage":0,"enemies":"Donu and Deca","floor":50,"turns":8}],"seed_played":"8757381659741006958","potions_obtained":[{"floor":12,"key":"LiquidMemories"},{"floor":16,"key":"ColorlessPotion"},{"floor":18,"key":"Dexterity Potion"},{"floor":25,"key":"SkillPotion"},{"floor":29,"key":"DistilledChaos"},{"floor":30,"key":"Ancient Potion"},{"floor":33,"key":"Strength Potion"}],"is_trial":false,"path_per_floor":["M","?","M","M","?","R","E","R","T","R","M","M","$","T","R","B",null,"M","M","$","?","?","E","R","E","T","?","M","M","?","T","R","B",null,"M","?","?","$","M","E","M","M","T","R","$","E","M","T","R","B",null],"character_chosen":"DEFECT","items_purchased":["Membership Card","Chill","Strength Potion","Orichalcum","FocusPotion","Reinforced Body","Runic Capacitor","Singing Bowl","Strange Spoon","Meteor Strike","War Paint","Mayhem"],"campfire_rested":0,"item_purchase_floors":[0,0,0,0,0,0,13,20,38,38,45,45],"current_hp_per_floor":[66,51,47,47,47,47,47,47,47,47,47,47,47,47,47,43,67,58,58,58,58,37,37,37,39,39,39,41,41,43,43,43,19,37,37,32,31,31,40,56,60,62,62,62,62,64,66,66,66,66],"gold":95,"neow_bonus":"","is_daily":false,"chose_seed":false,"campfire_upgraded":8,"win_rate":0.0,"timestamp":1613305836,"path_taken":["M","?","M","M","?","R","E","R","T","R","?","M","$","?","R","BOSS","M","M","$","?","?","E","R","E","T","?","?","M","?","?","R","BOSS","M","?","?","$","M","E","M","M","T","R","?","E","M","?","R","BOSS"],"items_purchased_type":["Relic","Card","Potion","Relic","Potion","Card","Relic","Relic","Relic","Card","Relic","Card"],"build_version":"2020-12-22","purchased_purges":4,"victory":true,"max_hp_per_floor":[75,75,75,75,75,75,75,75,75,75,75,75,75,75,75,75,75,75,75,75,75,37,37,37,39,39,39,41,41,43,43,43,43,43,43,43,47,47,49,58,60,62,62,62,62,64,66,66,66,66],"card_choices":[{"not_picked":["Turbo","Streamline"],"picked":"FTL","floor":1},{"not_picked":["Steam","Hologram","Rebound"],"picked":"SKIP","floor":3},{"not_picked":["Loop","Meteor Strike"],"picked":"Coolheaded","floor":4},{"not_picked":["Rebound","Ball Lightning"],"picked":"Capacitor","floor":7},{"not_picked":["Reprogram","Ball Lightning"],"picked":"Loop","floor":11},{"not_picked":["Force Field","Reboot"],"picked":"Barrage","floor":12},{"not_picked":["Reboot","Buffer"],"picked":"Thunder Strike","floor":16},{"not_picked":["Go for the Eyes","Streamline","Conserve Battery"],"picked":"SKIP","floor":18},{"not_picked":["Leap","Darkness","Cold Snap+1"],"picked":"SKIP","floor":19},{"not_picked":["Gash","Turbo+1"],"picked":"Storm+1","floor":23},{"not_picked":["FTL","Force Field","Steam Power"],"picked":"Singing Bowl","floor":25},{"not_picked":["Compile Driver","Streamline","Redo"],"picked":"Singing Bowl","floor":28},{"not_picked":["Sweeping Beam","Steam"],"picked":"Consume","floor":29},{"not_picked":["Beam Cell","Go for the Eyes","Redo+1"],"picked":"Singing Bowl","floor":30},{"not_picked":["All For One","Multi-Cast"],"picked":"Buffer","floor":33},{"not_picked":["Go for the Eyes+1","Blizzard"],"picked":"Self Repair","floor":35},{"not_picked":["Swift Strike","Dark Shackles","Forethought"],"picked":"Singing Bowl","floor":37},{"not_picked":["Trip","Madness","Mind Blast"],"picked":"Singing Bowl","floor":37},{"not_picked":["Leap+1","Gash+1","Conserve Battery"],"picked":"Singing Bowl","floor":39},{"not_picked":["Genetic Algorithm","Go for the Eyes","Cold Snap"],"picked":"Singing Bowl","floor":40},{"not_picked":["Steam+1","Recycle","Loop"],"picked":"Singing Bowl","floor":41},{"not_picked":["Rebound+1","Stack+1","Gash+1"],"picked":"Singing Bowl","floor":42},{"not_picked":["Lockon+1","Fission","Turbo"],"picked":"Singing Bowl","floor":46},{"not_picked":["Go for the Eyes+1","Beam Cell+1","Redo"],"picked":"Singing Bowl","floor":47}],"player_experience":560475,"relics_obtained":[{"floor":7,"key":"Bag of Preparation"},{"floor":9,"key":"Lantern"},{"floor":14,"key":"Oddly Smooth Stone"},{"floor":23,"key":"Tiny Chest"},{"floor":25,"key":"Anchor"},{"floor":26,"key":"Mummified Hand"},{"floor":30,"key":"Red Mask"},{"floor":31,"key":"Ornamental Fan"},{"floor":40,"key":"Strawberry"},{"floor":43,"key":"HornCleat"},{"floor":46,"key":"Ancient Tea Set"},{"floor":48,"key":"Akabeko"}],"event_choices":[{"damage_healed":0,"gold_gain":0,"player_choice":"Entered Light","damage_taken":15,"max_hp_gain":0,"max_hp_loss":0,"event_name":"Shining Light","floor":2,"gold_loss":0,"cards_upgraded":["Dualcast","Defend_B"]},{"damage_healed":0,"gold_gain":0,"player_choice":"Bought 0 Potions","damage_taken":0,"max_hp_gain":0,"max_hp_loss":0,"event_name":"The Woman in Blue","floor":5,"gold_loss":0},{"damage_healed":0,"gold_gain":0,"player_choice":"Became a Ghost","damage_taken":0,"max_hp_gain":0,"max_hp_loss":38,"event_name":"Ghosts","floor":22,"gold_loss":0,"cards_obtained":["Ghostly","Ghostly","Ghostly","Ghostly","Ghostly"]},{"damage_healed":0,"gold_gain":99,"player_choice":"Stole From Cult","damage_taken":0,"max_hp_gain":0,"max_hp_loss":0,"event_name":"Nest","floor":27,"gold_loss":0},{"damage_healed":0,"gold_gain":0,"player_choice":"Fought Bandits","damage_taken":0,"max_hp_gain":0,"max_hp_loss":0,"event_name":"Masked Bandits","floor":30,"gold_loss":0},{"damage_healed":0,"gold_gain":0,"player_choice":"Embrace Madness","damage_taken":5,"max_hp_gain":0,"max_hp_loss":0,"event_name":"Winding Halls","floor":36,"gold_loss":0,"cards_obtained":["Madness","Madness"]},{"damage_healed":0,"gold_gain":0,"player_choice":"Memory 2","damage_taken":5,"max_hp_gain":0,"max_hp_loss":0,"event_name":"SensoryStone","floor":37,"gold_loss":0}],"is_beta":false,"boss_relics":[{"not_picked":["Inserter","Calling Bell"],"picked":"Pandora\u0027s Box"},{"not_picked":["SlaversCollar","Fusion Hammer"],"picked":"Sozu"}],"items_purged_floors":[0,13,20,38],"is_endless":false,"potions_floor_spawned":[4,12,16,18,25,29,30,33,42,47],"ascension_level":11}}