{"host":"hka8b3f4pkvnp4ei","time":1613279759,"event":{"mods":["BaseMod","Minty Spire (QoL Compilation)","Quick Restart","Replay The Spire","StSLib"],"gold_per_floor":[109,184,184,184,184,212,231,243,266,191,233,233,258,12,12,107,107,124,149,161,36,56,56,94,94,94,94,105,137,146,179,179,290,290,313,330,117,137,156,190,202,202,226,258,274,274,274,274,274,274,274,274,131,164,164],"floor_reached":56,"language":"ZHS","playtime":3600,"items_purged":["Strike_G","Strike_G","Strike_G","Defend_G"],"score":2038,"play_id":"bb210196-46f9-4e3a-9139-5fe247b41f17","local_time":"20210214131559","is_ascension_mode":true,"campfire_choices":[{"data":"Concentrate","floor":12.0,"key":"SMITH"},{"data":"Strike_G","floor":15.0,"key":"PURGE"},{"data":"Acrobatics","floor":23.0,"key":"SMITH"},{"data":"Neutralize","floor":25.0,"key":"SMITH"},{"data":"Defend_G","floor":32.0,"key":"PURGE"},{"floor":42.0,"key":"RECALL"},{"data":"Wraith Form v2","floor":46.0,"key":"SMITH"},{"data":"Defend_G","floor":49.0,"key":"PURGE"},{"data":"Tactician","floor":52.0,"key":"SMITH"}],"circlet_count":0,"master_deck":["AscendersBane","Defend_G","Defend_G","Survivor","Neutralize+1","Predator","Blade Dance+1","Concentrate+1","Terror+1","Acrobatics+1","Footwork+1","ReplayTheSpireMod:Shiv Toss+1","Backflip","Tactician+1","Wraith Form v2+1","Well Laid Plans+1","Accuracy"],"relics":["Ring of the Snake","NeowsBlessing","Kunai","FaceOfCleric","Orichalcum","Bag of Marbles","CeramicFish","Potion Belt","Coffee Dripper","War Paint","Replay:Bottled Flurry","Bottled Lightning","InkBottle","Painkiller Herb","White Beast Statue","Lizard Tail","Cauldron","Replay:Arrowhead"],"acts_visited":["Exordium","TheCity","TheBeyond","TheEnding"],"potions_floor_usage":[55,55,55,55,55],"damage_taken":[{"damage":0.0,"enemies":"Jaw Worm","floor":1.0,"turns":1.0},{"damage":0.0,"enemies":"3 Sentries","floor":6.0,"turns":1.0},{"damage":0.0,"enemies":"2 Louse","floor":7.0,"turns":1.0},{"damage":0.0,"enemies":"Cultist","floor":8.0,"turns":3.0},{"damage":0.0,"enemies":"Gremlin Nob","floor":11.0,"turns":3.0},{"damage":2.0,"enemies":"Lots of Slimes","floor":13.0,"turns":4.0},{"damage":54.0,"enemies":"Fading Forest","floor":16.0,"turns":11.0},{"damage":17.0,"enemies":"2 Thieves","floor":18.0,"turns":5.0},{"damage":2.0,"enemies":"3 Byrds","floor":19.0,"turns":5.0},{"damage":8.0,"enemies":"Snecko","floor":20.0,"turns":6.0},{"damage":1.0,"enemies":"Centurion and Healer","floor":22.0,"turns":9.0},{"damage":14.0,"enemies":"Book of Stabbing","floor":24.0,"turns":7.0},{"damage":0.0,"enemies":"Sentry and Sphere","floor":28.0,"turns":8.0},{"damage":0.0,"enemies":"Replay:Snechameleon","floor":29.0,"turns":5.0},{"damage":0.0,"enemies":"Book of Stabbing","floor":31.0,"turns":5.0},{"damage":2.0,"enemies":"Champ","floor":33.0,"turns":8.0},{"damage":0.0,"enemies":"Orb Walker","floor":35.0,"turns":3.0},{"damage":0.0,"enemies":"3 Darklings","floor":36.0,"turns":5.0},{"damage":0.0,"enemies":"Writhing Mass","floor":38.0,"turns":5.0},{"damage":0.0,"enemies":"Maw","floor":39.0,"turns":5.0},{"damage":2.0,"enemies":"Nemesis","floor":40.0,"turns":5.0},{"damage":0.0,"enemies":"Transient","floor":41.0,"turns":5.0},{"damage":9.0,"enemies":"R_Hoarder","floor":44.0,"turns":5.0},{"damage":1.0,"enemies":"4 Shapes","floor":45.0,"turns":5.0},{"damage":17.0,"enemies":"Time Eater","floor":50.0,"turns":10.0},{"damage":21.0,"enemies":"Shield and Spear","floor":54.0,"turns":8.0},{"damage":8,"enemies":"The Heart","floor":55,"turns":7}],"seed_played":"-1085489477203229430","potions_obtained":[{"floor":1.0,"key":"LiquidBronze"},{"floor":8.0,"key":"Strength Potion"},{"floor":11.0,"key":"EntropicBrew"},{"floor":22.0,"key":"Fire Potion"},{"floor":24.0,"key":"Dexterity Potion"},{"floor":28.0,"key":"Energy Potion"},{"floor":29.0,"key":"LiquidBronze"},{"floor":38.0,"key":"CunningPotion"},{"floor":39.0,"key":"FearPotion"},{"floor":41.0,"key":"BlessingOfTheForge"},{"floor":44.0,"key":"LiquidMemories"},{"floor":45.0,"key":"PowerPotion"},{"floor":53.0,"key":"DuplicationPotion"},{"floor":53.0,"key":"Block Potion"}],"is_trial":false,"path_per_floor":["M","?","?","T","?","E","M","M","T","$","E","R","M","$","R","B",null,"M","M","M","$","M","R","E","R","T","?","M","E","?","E","R","B",null,"?","?","T","?","?","E","?","T","T","E","?","T","T","?","T","B",null,"T","T","E","B",null],"character_chosen":"THE_SILENT","items_purchased":["Potion Belt","Accuracy","Cauldron"],"campfire_rested":0,"item_purchase_floors":[14,37,53],"current_hp_per_floor":[63,52,52,52,52,53,54,55,55,55,56,56,55,55,55,14,61,45,44,37,37,37,37,24,24,24,9,10,11,11,12,12,11,70,71,72,72,73,74,73,74,74,74,66,66,66,66,66,66,50,87,87,87,67,60],"gold":164,"neow_bonus":"THREE_ENEMY_KILL","is_daily":false,"chose_seed":false,"campfire_upgraded":5,"win_rate":0.0,"timestamp":1613279759,"path_taken":["M","?","?","?","?","E","M","?","T","?","E","R","M","$","R","BOSS","M","M","M","$","M","R","E","R","T","?","M","E","?","E","R","BOSS","?","?","T","?","?","E","?","T","T","E","?","T","T","?","T","BOSS","T","T","E","BOSS"],"items_purchased_type":["Relic","Card","Relic"],"build_version":"2020-12-22","purchased_purges":4,"victory":true,"max_hp_per_floor":[70,70,70,70,70,71,72,73,73,73,74,74,75,75,75,76,76,77,78,79,79,80,80,81,81,81,86,87,88,88,89,89,90,90,91,92,92,93,94,95,96,96,96,97,98,98,98,98,98,99,99,99,99,100,101],"card_choices":[{"not_picked":["PiercingWail","Quick Slash"],"picked":"Predator","floor":1.0},{"not_picked":["Backflip","Hidden Blade"],"picked":"Blade Dance","floor":6.0},{"not_picked":["Predator","ReplayTheSpireMod:Scrap Shanks","Footwork"],"picked":"SKIP","floor":7.0},{"not_picked":["Poisoned Stab","Crippling Poison"],"picked":"Concentrate","floor":8.0},{"not_picked":["Cloak And Dagger","PiercingWail"],"picked":"Terror","floor":11.0},{"not_picked":["Envenom","Poisoned Stab"],"picked":"Acrobatics","floor":13.0},{"not_picked":["ReplayTheSpireMod:Exploit Weakness+1","Sucker Punch","Acrobatics"],"picked":"SKIP","floor":18.0},{"not_picked":["All Out Attack","Dagger Spray+1"],"picked":"Footwork+1","floor":19.0},{"not_picked":["Underhanded Strike","Slice","Terror"],"picked":"SKIP","floor":20.0},{"not_picked":["ReplayTheSpireMod:Scrap Shanks","PiercingWail"],"picked":"ReplayTheSpireMod:Shiv Toss+1","floor":22.0},{"not_picked":["Outmaneuver","Leg Sweep"],"picked":"Backflip","floor":24.0},{"not_picked":["ReplayTheSpireMod:The Works","Outmaneuver","Prepared"],"picked":"SKIP","floor":28.0},{"not_picked":["Sucker Punch","Blade Dance+1","Bouncing Flask"],"picked":"SKIP","floor":29.0},{"not_picked":["Dagger Spray+1","Blade Dance","Slice"],"picked":"SKIP","floor":31.0},{"not_picked":["Doppelganger","Poison Darts"],"picked":"Wraith Form v2","floor":33.0},{"not_picked":["Catalyst+1","Outmaneuver+1"],"picked":"Well Laid Plans+1","floor":35.0},{"not_picked":["Concentrate+1","ReplayTheSpireMod:Scrap Shanks+1","Dodge and Roll"],"picked":"SKIP","floor":36.0},{"not_picked":["Dagger Throw+1","Choke","Sucker Punch"],"picked":"SKIP","floor":38.0},{"not_picked":["Toxin Wave+1","Backflip","Cloak And Dagger"],"picked":"SKIP","floor":39.0},{"not_picked":["Deadly Poison","Well Laid Plans+1","Accuracy"],"picked":"SKIP","floor":40.0},{"not_picked":["Tactician","Deflect","Catalyst+1"],"picked":"SKIP","floor":41.0},{"not_picked":["Replay:Poison Smokescreen","Burst","Blade Dance"],"picked":"SKIP","floor":44.0},{"not_picked":["ReplayTheSpireMod:Scrap Shanks","Riddle With Holes+1","Footwork+1"],"picked":"SKIP","floor":45.0},{"not_picked":["Draining Mist+1","Backstab","Sucker Punch+1"],"picked":"SKIP","floor":54.0}],"player_experience":476451,"relics_obtained":[{"floor":4.0,"key":"Kunai"},{"floor":6.0,"key":"Orichalcum"},{"floor":9.0,"key":"Bag of Marbles"},{"floor":11.0,"key":"CeramicFish"},{"floor":24.0,"key":"War Paint"},{"floor":26.0,"key":"Replay:Bottled Flurry"},{"floor":29.0,"key":"Bottled Lightning"},{"floor":31.0,"key":"InkBottle"},{"floor":40.0,"key":"White Beast Statue"},{"floor":44.0,"key":"Lizard Tail"},{"floor":54.0,"key":"Replay:Arrowhead"}],"event_choices":[{"damage_healed":0.0,"max_hp_gain":0.0,"max_hp_loss":0.0,"gold_gain":75.0,"event_name":"World of Goop","player_choice":"Gather Gold","floor":2.0,"gold_loss":0.0,"damage_taken":11.0},{"damage_healed":0.0,"max_hp_gain":0.0,"max_hp_loss":0.0,"gold_gain":0.0,"event_name":"FaceTrader","player_choice":"Trade","floor":5.0,"gold_loss":0.0,"damage_taken":0.0,"relics_obtained":["FaceOfCleric"]},{"damage_healed":0.0,"max_hp_gain":5.0,"max_hp_loss":0.0,"gold_gain":0.0,"event_name":"Forgotten Altar","player_choice":"Shed Blood","floor":27.0,"gold_loss":0.0,"damage_taken":20.0},{"damage_healed":0.0,"max_hp_gain":0.0,"max_hp_loss":0.0,"gold_gain":0.0,"event_name":"Match and Keep!","player_choice":"1 cards matched","floor":30.0,"gold_loss":0.0,"damage_taken":0.0,"cards_obtained":["Tactician"]},{"cards_removed":["Strike_G"],"damage_healed":0.0,"max_hp_gain":0.0,"max_hp_loss":0.0,"gold_gain":0.0,"event_name":"Purifier","player_choice":"Purged","floor":48.0,"gold_loss":0.0,"damage_taken":0.0}],"is_beta":false,"boss_relics":[{"not_picked":["Philosopher\u0027s Stone","Ring of Chaos"],"picked":"Coffee Dripper"},{"not_picked":["Kintsugi","WristBlade"],"picked":"Painkiller Herb"}],"items_purged_floors":[10,14,21,37],"is_endless":false,"potions_floor_spawned":[1,8,11,22,24,28,29,38,39,41,44,45,54],"ascension_level":10}}