{"host":"2qv44oxt58ptq59r","time":1613304631,"event":{"mods":["AchievementEnabler","BaseMod","Colored Powertips","Highlight Path","Minty Spire (QoL Compilation)","Permanent Neow","StSLib"],"gold_per_floor":[115,115,115,6,18,18,50,67,145,159,178,197,217,236,236,333,333,348,348,13,24,24,24,37,37,37],"floor_reached":25,"language":"ENG","playtime":3734,"items_purged":["Strike_R"],"score":290,"play_id":"758ef1f0-3083-46cf-89a9-21a0775842ee","local_time":"20210214121031","is_ascension_mode":true,"campfire_choices":[{"data":"Inflame","floor":6.0,"key":"SMITH"},{"data":"Blood for Blood","floor":15.0,"key":"SMITH"},{"floor":23,"key":"REST"}],"circlet_count":0,"master_deck":["Bash+1","Feel No Pain","Inflame+1","Headbutt","Uppercut","Blood for Blood+1","Heavy Blade","Heavy Blade","Juggernaut","Feed","Ghostly Armor","Feel No Pain","Thunderclap","Offering","Exhume","Dual Wield","Offering","Rampage","Feel No Pain","Cleave"],"relics":["Burning Blood","Oddly Smooth Stone","Gremlin Horn","Ornamental Fan","Pandora\u0027s Box","CultistMask","Potion Belt"],"acts_visited":["Exordium","TheCity"],"potions_floor_usage":[18,21,21,24,25,25],"damage_taken":[{"damage":8.0,"enemies":"2 Louse","floor":1.0,"turns":3.0},{"damage":0.0,"enemies":"Small Slimes","floor":5.0,"turns":2.0},{"damage":13.0,"enemies":"3 Sentries","floor":7.0,"turns":19.0},{"damage":0.0,"enemies":"Cultist","floor":8.0,"turns":3.0},{"damage":9.0,"enemies":"Exordium Wildlife","floor":10.0,"turns":4.0},{"damage":2.0,"enemies":"Lots of Slimes","floor":11.0,"turns":2.0},{"damage":0.0,"enemies":"Large Slime","floor":12.0,"turns":3.0},{"damage":0.0,"enemies":"Gremlin Gang","floor":13.0,"turns":5.0},{"damage":18.0,"enemies":"Exordium Thugs","floor":14.0,"turns":5.0},{"damage":28.0,"enemies":"The Guardian","floor":16.0,"turns":8.0},{"damage":16,"enemies":"3 Byrds","floor":18,"turns":6},{"damage":37,"enemies":"2 Thieves","floor":21,"turns":3},{"damage":33,"enemies":"Snake Plant","floor":24,"turns":3},{"damage":61,"enemies":"Book of Stabbing","floor":25,"turns":4}],"seed_played":"360589367311887819","potions_obtained":[{"floor":1.0,"key":"Fire Potion"},{"floor":3.0,"key":"BloodPotion"},{"floor":3.0,"key":"BlessingOfTheForge"},{"floor":3.0,"key":"SkillPotion"},{"floor":8.0,"key":"Strength Potion"},{"floor":11.0,"key":"LiquidMemories"},{"floor":12.0,"key":"SpeedPotion"},{"floor":14.0,"key":"DistilledChaos"},{"floor":16.0,"key":"BlessingOfTheForge"},{"floor":24,"key":"DuplicationPotion"}],"is_trial":false,"path_per_floor":["M","?","?","$","M","R","E","M","T","M","M","M","M","M","R","B",null,"M","?","$","M","$","R","M","E"],"character_chosen":"IRONCLAD","items_purchased":["Inflame","Potion Belt","EntropicBrew","Feel No Pain"],"campfire_rested":1,"item_purchase_floors":[4,20,20,20],"current_hp_per_floor":[70,67,80,80,80,80,73,79,79,76,80,80,80,68,68,46,72,74,74,74,43,43,70,43,0,0],"gold":37,"neow_bonus":"UPGRADE_CARD","is_daily":false,"chose_seed":false,"campfire_upgraded":2,"win_rate":0.0,"timestamp":1613304631,"path_taken":["M","?","?","$","M","R","E","M","T","M","?","M","M","M","R","BOSS","M","?","$","?","$","R","M","E"],"items_purchased_type":["Card","Relic","Potion","Card"],"build_version":"2020-12-22","purchased_purges":1,"victory":false,"max_hp_per_floor":[80,80,80,80,80,80,80,80,80,80,80,80,80,80,80,80,80,92,92,92,92,92,92,92,92,92],"card_choices":[{"not_picked":["Ghostly Armor","Perfected Strike"],"picked":"Feel No Pain","floor":1.0},{"not_picked":["Rupture","Clothesline"],"picked":"Headbutt","floor":5.0},{"not_picked":["True Grit","Perfected Strike"],"picked":"Uppercut","floor":7.0},{"not_picked":["Hemokinesis","Pommel Strike"],"picked":"Blood for Blood","floor":8.0},{"not_picked":["Anger","Armaments"],"picked":"Heavy Blade","floor":10.0},{"not_picked":["Combust","True Grit","Flame Barrier"],"picked":"SKIP","floor":11.0},{"not_picked":["Headbutt","Perfected Strike"],"picked":"Heavy Blade","floor":12.0},{"not_picked":["Searing Blow","Burning Pact","Havoc"],"picked":"SKIP","floor":13.0},{"not_picked":["Evolve","Cleave"],"picked":"Juggernaut","floor":14.0},{"not_picked":["Brutality","Reaper"],"picked":"Feed","floor":16.0},{"not_picked":["Wild Strike","Hemokinesis","Rampage+1"],"picked":"SKIP","floor":18},{"not_picked":["Dual Wield+1","Perfected Strike+1"],"picked":"Cleave","floor":21},{"not_picked":["Warcry","Havoc","Reckless Charge"],"picked":"SKIP","floor":24}],"player_experience":5721580,"relics_obtained":[{"floor":7.0,"key":"Gremlin Horn"},{"floor":9.0,"key":"Ornamental Fan"}],"event_choices":[{"damage_healed":0.0,"max_hp_gain":0.0,"max_hp_loss":0.0,"gold_gain":0.0,"event_name":"Scrap Ooze","player_choice":"Success","floor":2.0,"gold_loss":0.0,"damage_taken":3.0,"relics_obtained":["Oddly Smooth Stone"]},{"damage_healed":0.0,"max_hp_gain":0.0,"max_hp_loss":0.0,"gold_gain":0.0,"event_name":"Lab","player_choice":"Got Potions","floor":3.0,"gold_loss":0.0,"damage_taken":0.0},{"damage_healed":0,"gold_gain":0,"player_choice":"Trade","damage_taken":0,"relics_obtained":["CultistMask"],"max_hp_gain":0,"max_hp_loss":0,"event_name":"FaceTrader","floor":19,"gold_loss":0}],"is_beta":false,"boss_relics":[{"not_picked":["Cursed Key","Velvet Choker"],"picked":"Pandora\u0027s Box"}],"items_purged_floors":[4],"is_endless":false,"potions_floor_spawned":[1,8,11,12,14,16,24],"killed_by":"Book of Stabbing","ascension_level":8}}