{"host":"wbs0wzz0alz01mnq","time":1613339075,"event":{"mods":["2.2 Compatiblity","BaseMod","Downfall","GifTheSpireLib","Googly Eyes","Minty Spire (QoL Compilation)","Quick Restart","StSLib"],"gold_per_floor":[99,111,123,141,141,66,66,166,201,217,231,141,91,91,91,91],"floor_reached":14,"language":"ENG","playtime":498,"items_purged":["Pain"],"score":140,"play_id":"7a593bab-9f05-46d2-a203-4f3dbbc05942","local_time":"20210214164435","is_ascension_mode":false,"campfire_choices":[{"data":"Slimebound:Split","floor":1,"key":"SMITH"},{"data":"downfall:Haunted","floor":13,"key":"PURGE"}],"circlet_count":0,"master_deck":["Slimebound:Strike_Slimebound","Slimebound:Strike_Slimebound","Slimebound:Strike_Slimebound","Slimebound:Tackle","Slimebound:Defend_Slimebound","Slimebound:Defend_Slimebound","Slimebound:Defend_Slimebound","Slimebound:Defend_Slimebound","Slimebound:Split+1","Slimebound:CorrosiveSpit","Slimebound:HauntingLick","Slimebound:HauntingLick","Slimebound:SamplingLick","downfall:Haunted","Slimebound:RallyTheTroops","Writhe","Injury","Slimebound:WasteNot","Slimebound:RainOfGoop","Slimebound:DivideAndConquer"],"relics":["Slimebound:AbsorbEndCombat","Slimebound:ScrapOozeRelic","Slimebound:GreedOozeRelic","Mercury Hourglass","Darkstone Periapt","Girya"],"acts_visited":["Exordium"],"potions_floor_usage":[14,14],"damage_taken":[{"damage":7,"enemies":"Cultist","floor":2,"turns":4},{"damage":0,"enemies":"Small Slimes","floor":3,"turns":3},{"damage":1,"enemies":"Jaw Worm","floor":4,"turns":2},{"damage":22,"enemies":"Gremlin Nob","floor":9,"turns":3},{"damage":34,"enemies":"Large Slime","floor":10,"turns":5},{"damage":27,"enemies":"Exordium Wildlife","floor":11,"turns":2},{"damage":12,"enemies":"downfall:FleeingMerchant","floor":12,"turns":4},{"damage":23,"enemies":"Lagavulin","floor":14,"turns":3}],"seed_played":"439931736921700714","potions_obtained":[{"floor":4,"key":"Guardian:BlockOnCardUsePotion"},{"floor":11,"key":"SpeedPotion"}],"is_trial":false,"path_per_floor":["R","M","M","M","?","?","T","?","E","M","M","$","R","E"],"character_chosen":"SLIMEBOUND","items_purchased":[],"campfire_rested":0,"item_purchase_floors":[],"current_hp_per_floor":[65,58,60,61,61,61,61,96,78,44,19,15,15,0,0,0],"gold":91,"neow_bonus":"RANDOM_COMMON_RELIC","is_daily":false,"chose_seed":false,"campfire_upgraded":1,"win_rate":0.0,"timestamp":1613339075,"path_taken":["R","M","?","M","?","?","T","?","E","M","?","?","R","E"],"items_purchased_type":[],"build_version":"2020-12-22","purchased_purges":1,"victory":false,"max_hp_per_floor":[65,65,65,65,65,65,65,100,100,100,100,100,100,100,100,100],"card_choices":[{"not_picked":["Slimebound:PressTheAttack","Slimebound:DisruptingSlam"],"picked":"Slimebound:HauntingLick","floor":2},{"not_picked":["Slimebound:SlimeBrawl","Slimebound:FormOfPuddle"],"picked":"Slimebound:HauntingLick","floor":3},{"not_picked":["Slimebound:FinishingTackle","Slimebound:SplitBruiser"],"picked":"Slimebound:SamplingLick","floor":4},{"not_picked":["Slimebound:PressTheAttack","Slimebound:SplitAcid"],"picked":"Slimebound:WasteNot","floor":9},{"not_picked":["Slimebound:SplitLeeching","Slimebound:SlimeBarrage","Slimebound:FinishingTackle"],"picked":"SKIP","floor":10},{"not_picked":["Slimebound:SplitMire","Slimebound:SlimeBrawl"],"picked":"Slimebound:RainOfGoop","floor":11},{"not_picked":["Slimebound:Prepare","Slimebound:ForwardTackle"],"picked":"Slimebound:DivideAndConquer","floor":12}],"player_experience":40762,"relics_obtained":[{"floor":7,"key":"Mercury Hourglass"},{"floor":9,"key":"Girya"}],"event_choices":[],"is_beta":false,"boss_relics":[],"items_purged_floors":[12],"is_endless":false,"potions_floor_spawned":[4,11],"killed_by":"Lagavulin","ascension_level":0}}