{"host":"41vgbr386mrj4p17","time":1613274677,"event":{"mods":["AchievementEnabler","AlwaysNeverKeys","BaseMod","Bestiary","Better Altar","Better Match","Better Note","Better Sensory Stone","Better Skull","Better Third Choice","Colored Map","Curses Come First","Downfall","Googly Eyes","Hermit","Highlight Path","Minty Spire (QoL Compilation)","Shade Mod","StSLib","The Cursed"],"gold_per_floor":[99,116,22,197,216,16,40,40,52,77,102,102,2,22,34,130,130,130,144,155,167,167,167,167,193,193,103,103,113,146,31,44,141,141,141,160,179,196,196,196,248,258,258,258,258],"floor_reached":43,"language":"ENG","playtime":3153,"items_purged":["Doubt","bronze:Strike"],"score":491,"play_id":"c8c4d08c-fe8e-4e33-8281-ae2e0e1844da","local_time":"20210213225117","is_ascension_mode":true,"campfire_choices":[{"data":"bronze:Goto","floor":1,"key":"SMITH"},{"data":"bronze:OilSpill","floor":6,"key":"SMITH"},{"data":"bronze:MaxOutput","floor":8,"key":"SMITH"},{"data":"bronze:MaxOutput","floor":13,"key":"SMITH"},{"data":"bronze:BugBarrage","floor":18,"key":"SMITH"},{"data":"bronze:Allocate","floor":23,"key":"SMITH"},{"data":"bronze:AlphaBuild","floor":26,"key":"SMITH"},{"data":"bronze:CleanCode","floor":35,"key":"SMITH"}],"circlet_count":0,"master_deck":["bronze:Strike","bronze:Strike","bronze:Defend","bronze:Defend","bronze:Defend","bronze:Defend","bronze:Replicate","bronze:Goto+1","bronze:DelayedGuard","bronze:OilSpill+1","bronze:MaxOutput+1","bronze:WhirlingStrike","bronze:Turbo","bronze:ChosenStrike","bronze:MaxOutput+1","bronze:Break","bronze:BugBarrage+1","bronze:DelayedSlice+1","bronze:Break+1","bronze:DelayedSlice","bronze:Allocate+1","bronze:AlphaBuild+1","bronze:Shell+1","bronze:CleanCode+1","bronze:AlphaBuild","bronze:Allocate+1","bronze:CleanCode","bronze:BronzeArmor","bronze:Allocate+1","bronze:Shell+1"],"relics":["bronze:PlatinumCore","downfall:HeartBlessingBlue","downfall:HeartBlessingGreen","Bag of Preparation","Boot","Odd Mushroom","downfall:HeartBlessingRed","bronze:BottledCode","InkBottle","Ice Cream","Gremlin Horn","Coffee Dripper","bronze:ProtectiveGoggles"],"acts_visited":["Exordium","TheCity","TheBeyond"],"potions_floor_usage":[16,19,27,32,32,33],"damage_taken":[{"damage":10,"enemies":"Small Slimes","floor":2,"turns":2},{"damage":0,"enemies":"downfall:FleeingMerchant","floor":3,"turns":4},{"damage":2,"enemies":"2 Louse","floor":5,"turns":2},{"damage":0,"enemies":"Cultist","floor":9,"turns":3},{"damage":12,"enemies":"Gremlin Nob","floor":10,"turns":4},{"damage":0,"enemies":"The Mushroom Lair","floor":11,"turns":2},{"damage":0,"enemies":"Exordium Wildlife","floor":14,"turns":1},{"damage":0,"enemies":"Blue Slaver","floor":15,"turns":1},{"damage":8,"enemies":"SI_SHIV_ARCHETYPE","floor":16,"turns":4},{"damage":0,"enemies":"Spheric Guardian","floor":19,"turns":2},{"damage":4,"enemies":"Chosen","floor":20,"turns":2},{"damage":0,"enemies":"3 Cultists","floor":21,"turns":3},{"damage":20,"enemies":"Slavers","floor":25,"turns":2},{"damage":17,"enemies":"downfall:FleeingMerchant","floor":27,"turns":4},{"damage":0,"enemies":"Snecko","floor":29,"turns":1},{"damage":0,"enemies":"Gremlin Leader","floor":30,"turns":2},{"damage":12,"enemies":"downfall:FleeingMerchant","floor":31,"turns":4},{"damage":10,"enemies":"Chosen and Byrds","floor":32,"turns":2},{"damage":17,"enemies":"IC_MUSHROOM_ARCHETYPE","floor":33,"turns":3},{"damage":0,"enemies":"3 Darklings","floor":36,"turns":2},{"damage":0,"enemies":"Orb Walker","floor":37,"turns":1},{"damage":23,"enemies":"Maw","floor":38,"turns":7},{"damage":0,"enemies":"3 Darklings","floor":42,"turns":2},{"damage":58,"enemies":"Giant Head","floor":43,"turns":7}],"seed_played":"-7330699745468529938","potions_obtained":[{"floor":9,"key":"Regen Potion"},{"floor":10,"key":"LiquidBronze"},{"floor":14,"key":"sneckomod:MuddlingPotion"},{"floor":16,"key":"bronze:BurnAndBuffPotion"},{"floor":20,"key":"DuplicationPotion"},{"floor":25,"key":"Dexterity Potion"},{"floor":32,"key":"LiquidMemories"}],"is_trial":false,"path_per_floor":["R","M","$","?","M","R","T","R","M","E","?","?","R","M","M","B",null,"R","M","M","M","?","R","T","E","R","$","?","M","E","$","M","B",null,"R","M","M","M","?","?","T","M","E"],"character_chosen":"THE_AUTOMATON","items_purchased":["bronze:MaxOutput"],"campfire_rested":0,"item_purchase_floors":[3],"current_hp_per_floor":[77,67,67,67,65,75,75,75,75,63,63,63,63,63,63,55,87,87,87,83,83,77,77,77,57,57,40,40,40,40,28,23,6,77,77,77,77,54,54,54,54,54,0,0,0],"gold":258,"neow_bonus":"TEN_PERCENT_HP_BONUS","is_daily":false,"chose_seed":false,"campfire_upgraded":8,"win_rate":0.0,"timestamp":1613274677,"path_taken":["R","M","$","?","M","R","T","R","M","E","?","?","R","?","M","BOSS","R","M","M","M","?","R","T","E","R","$","?","?","E","?","M","BOSS","R","M","M","M","?","?","T","M","E"],"items_purchased_type":["Card"],"build_version":"2020-12-22","purchased_purges":2,"victory":false,"max_hp_per_floor":[77,77,77,77,77,87,87,87,87,87,87,87,87,87,87,87,87,87,87,87,87,77,77,77,77,77,77,77,77,77,77,77,77,77,77,77,77,77,77,77,77,77,77,77,77],"card_choices":[{"not_picked":["bronze:Return","bronze:Constructor"],"picked":"bronze:DelayedGuard","floor":2},{"not_picked":["bronze:Branch","bronze:WildBeam"],"picked":"bronze:OilSpill","floor":3},{"not_picked":["bronze:Fortify","bronze:Shield"],"picked":"bronze:WhirlingStrike","floor":5},{"not_picked":["bronze:Overload","bronze:Safeguard"],"picked":"bronze:Turbo","floor":9},{"not_picked":["bronze:Philosophize","bronze:FollowUp"],"picked":"bronze:ChosenStrike","floor":10},{"not_picked":["bronze:DigitalCarnage","bronze:CutThrough"],"picked":"bronze:MaxOutput","floor":11},{"not_picked":["bronze:WildBeam","bronze:WhirlingStrike"],"picked":"bronze:BugBarrage","floor":14},{"not_picked":["bronze:Overload","bronze:Overheat"],"picked":"bronze:DelayedSlice","floor":15},{"not_picked":["bronze:ThunderWave","bronze:Format"],"picked":"bronze:Break","floor":16},{"not_picked":["bronze:NullPointer","bronze:Branch"],"picked":"bronze:DelayedSlice","floor":19},{"not_picked":["bronze:DelayedSlice","bronze:WhirlingStrike","bronze:Flail"],"picked":"SKIP","floor":20},{"not_picked":["bronze:BugBarrage","bronze:Separator"],"picked":"bronze:Allocate","floor":21},{"not_picked":["bronze:ChosenStrike+1","bronze:Overload"],"picked":"bronze:AlphaBuild","floor":25},{"not_picked":["bronze:Overheat","bronze:WildBeam"],"picked":"bronze:Shell","floor":27},{"not_picked":["bronze:Constructor","bronze:WildBeam","bronze:Iterate"],"picked":"SKIP","floor":29},{"not_picked":["bronze:Overheat","bronze:Boost"],"picked":"bronze:CleanCode","floor":30},{"not_picked":["bronze:Frontload","bronze:BitShift"],"picked":"bronze:AlphaBuild","floor":31},{"not_picked":["bronze:Safeguard","bronze:Boost"],"picked":"bronze:Allocate+1","floor":32},{"not_picked":["bronze:HyperBeam","bronze:Break"],"picked":"bronze:CleanCode","floor":33},{"not_picked":["bronze:Separator","bronze:BitShift","bronze:DarkDash"],"picked":"SKIP","floor":36},{"not_picked":["bronze:WildBeam+1","bronze:Constructor"],"picked":"bronze:BronzeArmor","floor":37},{"not_picked":["bronze:Overheat+1","bronze:GetLatest"],"picked":"bronze:Allocate+1","floor":38},{"not_picked":["bronze:DelayedSlice","bronze:Deprecate"],"picked":"bronze:Shell+1","floor":42}],"player_experience":1098207,"relics_obtained":[{"floor":7,"key":"Bag of Preparation"},{"floor":10,"key":"Boot"},{"floor":11,"key":"Odd Mushroom"},{"floor":24,"key":"InkBottle"},{"floor":25,"key":"Ice Cream"},{"floor":30,"key":"Gremlin Horn"},{"floor":41,"key":"bronze:ProtectiveGoggles"}],"event_choices":[{"damage_healed":0,"gold_gain":0,"player_choice":"Fought Mushrooms","damage_taken":0,"max_hp_gain":0,"max_hp_loss":0,"event_name":"Mushrooms","floor":11,"gold_loss":0},{"cards_removed":["bronze:Strike"],"damage_healed":0,"gold_gain":0,"player_choice":"Removed Attack","damage_taken":0,"max_hp_gain":0,"max_hp_loss":0,"event_name":"Falling","floor":40,"gold_loss":0}],"is_beta":false,"boss_relics":[{"not_picked":["Calling Bell","Velvet Choker"],"picked":"bronze:PlatinumCore"},{"not_picked":["Snecko Eye","Tiny House"],"picked":"Coffee Dripper"}],"items_purged_floors":[27,31],"is_endless":false,"potions_floor_spawned":[9,10,14,15,16,20,25,32],"killed_by":"Giant Head","ascension_level":1}}