{"host":"5fpb1gzflhq9886n","time":1613276992,"event":{"mods":["AchievementEnabler","BaseMod","Colored Map","Colored Powertips","Minty Spire (QoL Compilation)","Permanent Neow"],"gold_per_floor":[218,493,270,287,84,115,133,133,133,133,133,133,168,181,181,304,304,325,273,79,94,118,118,118],"floor_reached":23,"language":"ENG","playtime":887,"items_purged":["Regret"],"score":311,"play_id":"4d72a746-c92a-47dd-8e1a-d9c92c6331ae","local_time":"20210213232952","is_ascension_mode":true,"campfire_choices":[{"floor":8,"key":"REST"},{"floor":10,"key":"RECALL"},{"data":"Spot Weakness","floor":12,"key":"SMITH"},{"floor":15,"key":"REST"}],"circlet_count":0,"master_deck":["Strike_R","Strike_R","Strike_R","Strike_R","Strike_R","Defend_R","Defend_R","Defend_R","Defend_R","Bash","Shrug It Off","Dark Embrace","Spot Weakness+1","Hemokinesis","Inflame","Twin Strike","Shrug It Off","Iron Wave","Twin Strike","Fire Breathing","Feed","Sword Boomerang","Cleave"],"relics":["Burning Blood","Membership Card","Omamori","Pocketwatch","Golden Idol","Bag of Marbles","Fusion Hammer","MawBank","Toxic Egg 2","OrangePellets"],"acts_visited":["Exordium","TheCity"],"potions_floor_usage":[16,18],"damage_taken":[{"damage":19,"enemies":"Jaw Worm","floor":1,"turns":5},{"damage":2,"enemies":"Cultist","floor":4,"turns":4},{"damage":31,"enemies":"Lagavulin","floor":6,"turns":5},{"damage":4,"enemies":"Small Slimes","floor":7,"turns":4},{"damage":27,"enemies":"Gremlin Nob","floor":13,"turns":4},{"damage":9,"enemies":"3 Louse","floor":14,"turns":2},{"damage":6,"enemies":"Slime Boss","floor":16,"turns":5},{"damage":8,"enemies":"2 Thieves","floor":18,"turns":4},{"damage":23,"enemies":"Shell Parasite","floor":21,"turns":3},{"damage":42,"enemies":"Snecko","floor":22,"turns":6},{"damage":24,"enemies":"Book of Stabbing","floor":23,"turns":2}],"seed_played":"-9128235677060610552","potions_obtained":[{"floor":1,"key":"Strength Potion"},{"floor":13,"key":"BlessingOfTheForge"},{"floor":14,"key":"PowerPotion"},{"floor":16,"key":"ColorlessPotion"},{"floor":18,"key":"BloodPotion"}],"is_trial":false,"path_per_floor":["M","?","$","M","$","E","M","R","T","R","?","R","E","M","R","B",null,"M","?","$","M","M","E"],"character_chosen":"IRONCLAD","items_purchased":["Membership Card","Omamori","Spot Weakness","Hemokinesis","Inflame","Twin Strike","Toxic Egg 2","OrangePellets"],"campfire_rested":2,"item_purchase_floors":[3,5,5,5,5,5,20,20],"current_hp_per_floor":[67,67,67,71,71,46,48,72,72,72,72,72,51,48,70,70,73,74,74,74,57,21,0,0],"gold":118,"neow_bonus":"HUNDRED_GOLD","is_daily":false,"chose_seed":false,"campfire_upgraded":1,"win_rate":0.0,"timestamp":1613276992,"path_taken":["M","?","$","M","$","E","?","R","T","R","?","R","E","M","R","BOSS","M","?","$","M","M","E"],"items_purchased_type":["Relic","Relic","Card","Card","Card","Card","Relic","Relic"],"build_version":"2020-12-22","purchased_purges":1,"victory":false,"max_hp_per_floor":[80,80,80,80,80,80,80,80,80,80,74,74,74,74,74,74,74,77,77,77,77,77,77,77],"card_choices":[{"not_picked":["Burning Pact","Armaments"],"picked":"Shrug It Off","floor":1},{"not_picked":["Rampage","Clothesline"],"picked":"Dark Embrace","floor":4},{"not_picked":["Anger","Dark Embrace"],"picked":"Shrug It Off","floor":6},{"not_picked":["Metallicize","Sentinel"],"picked":"Iron Wave","floor":7},{"not_picked":["Wild Strike","Headbutt"],"picked":"Twin Strike","floor":13},{"not_picked":["Bloodletting","Ghostly Armor"],"picked":"Fire Breathing","floor":14},{"not_picked":["Fiend Fire","Berserk"],"picked":"Feed","floor":16},{"not_picked":["Sentinel","Anger","Evolve+1"],"picked":"SKIP","floor":18},{"not_picked":["Headbutt","Clothesline"],"picked":"Sword Boomerang","floor":21},{"not_picked":["Warcry+1","Disarm+1"],"picked":"Cleave","floor":22}],"player_experience":811279,"relics_obtained":[{"floor":6,"key":"Pocketwatch"},{"floor":13,"key":"Bag of Marbles"}],"event_choices":[{"damage_healed":0,"gold_gain":275,"player_choice":"Desecrate","damage_taken":0,"max_hp_gain":0,"max_hp_loss":0,"event_name":"Golden Shrine","floor":2,"gold_loss":0,"cards_obtained":["Regret"]},{"damage_healed":0,"gold_gain":0,"player_choice":"Lose Max HP","damage_taken":0,"relics_obtained":["Golden Idol"],"max_hp_gain":0,"max_hp_loss":6,"event_name":"Golden Idol","floor":11,"gold_loss":0},{"damage_healed":0,"gold_gain":0,"player_choice":"Paid Gold","damage_taken":0,"relics_obtained":["MawBank"],"max_hp_gain":0,"max_hp_loss":0,"event_name":"WeMeetAgain","floor":19,"gold_loss":52}],"is_beta":false,"boss_relics":[{"not_picked":["SacredBark","Runic Pyramid"],"picked":"Fusion Hammer"}],"items_purged_floors":[3],"is_endless":false,"potions_floor_spawned":[1,13,14,16,18],"killed_by":"Book of Stabbing","ascension_level":5}}