{"host":"10hinapzqlh39548","time":1613308541,"event":{"mods":["BaseMod","Colored Powertips","Minty Spire (QoL Compilation)","MostiFishMod","Reliquary","Replay The Spire","StSLib","The Runesmith"],"gold_per_floor":[114,133,133,19,40,74,74,118,197,197,231,256,256,299,299,418,418,439,364,389,169,268,311,311,311,334,172,206,331,456,491,491,620,720,744,744,757,780,805,848,872,872,918,952,952,645,745,761,761,761,761,761,414,454,454],"floor_reached":56,"language":"ENG","playtime":7865,"items_purged":["Runesmith:Strike_RS","Runesmith:Strike_RS","Runesmith:Strike_RS","Runesmith:Defend_RS"],"score":1521,"play_id":"3b02e50a-afcb-400e-876d-ee49ef65d460","local_time":"20210214141541","is_ascension_mode":true,"campfire_choices":[{"data":"Runesmith:CraftProtectio","floor":7.0,"key":"SMITH"},{"data":"Runesmith:Grindstone","floor":10.0,"key":"SMITH"},{"data":"Runesmith:DoubleUp","floor":15.0,"key":"SMITH"},{"data":"Runesmith:ArcReactor","floor":24.0,"key":"SMITH"},{"floor":32.0,"key":"RECALL"},{"data":"Runesmith:Grindstone","floor":42.0,"key":"SMITH"},{"data":"Runesmith:Grindstone","floor":45.0,"key":"SMITH"},{"data":"Runesmith:Terraform","floor":49.0,"key":"SMITH"},{"data":"Runesmith:Fortify","floor":52.0,"key":"SMITH"}],"circlet_count":0,"master_deck":["Runesmith:Defend_RS","Runesmith:Defend_RS","Runesmith:Defend_RS","Runesmith:Fortify+1","Runesmith:MakeshiftArmor","Runesmith:RuneHurl","Runesmith:DoubleUp+1","Runesmith:LithiumIon","Runesmith:CraftProtectio+1","Runesmith:Grindstone+1","Runesmith:FieryHammer","Runesmith:Grindstone+1","Runesmith:HammerTime+1","Runesmith:ArcReactor+1","Runesmith:HammerThrow+1","Runesmith:HeatedChisel+1","Runesmith:LithiumIon+1","Runesmith:Terraform+1","Necronomicurse","Runesmith:LithiumIon","Runesmith:MakeshiftArmor+1","Runesmith:EarthShield+1","Runesmith:HammerThrow+1","Pot Of Greed","Pot Of Greed","Pot Of Greed","Runesmith:ReplicatingBarrier+1","Runesmith:Grindstone+1","Runesmith:FieryHammer+1","Runesmith:EarthShield+1","Runesmith:CreatorForm+1","Runesmith:EarthShield+1","Runesmith:ReplicatingBarrier+1","Runesmith:LithiumIon+1","Runesmith:LithiumIon+1"],"relics":["Runesmith:BrokenRuby","DaveBox","SynthV:TestCard","Golden Idol","DianPoetry","Centennial Puzzle","FossilizedHelix","Molten Egg 2","Blue Candle","JellyFishMachine","Vajra","Necronomicon","SynthV:C4","reliquary:Buckler","StoneCalendar","Golden Egg","Grinning Jar","Replay:Wanted Poster","Nunchaku","Ancient Tea Set","MealTicket","Turnip","Bottled Lightning"],"acts_visited":["Exordium","TheCity","TheBeyond","TheEnding"],"potions_floor_usage":[],"damage_taken":[{"damage":0.0,"enemies":"Jaw Worm","floor":1.0,"turns":5.0},{"damage":0.0,"enemies":"2 Louse","floor":2.0,"turns":3.0},{"damage":5.0,"enemies":"Small Slimes","floor":5.0,"turns":4.0},{"damage":11.0,"enemies":"3 Sentries","floor":6.0,"turns":16.0},{"damage":0.0,"enemies":"Lagavulin","floor":8.0,"turns":12.0},{"damage":1.0,"enemies":"3 Sentries","floor":11.0,"turns":13.0},{"damage":0.0,"enemies":"3 Louse","floor":12.0,"turns":3.0},{"damage":14.0,"enemies":"Gremlin Nob","floor":14.0,"turns":4.0},{"damage":3.0,"enemies":"The Guardian","floor":16.0,"turns":7.0},{"damage":0.0,"enemies":"3 Byrds","floor":18.0,"turns":3.0},{"damage":0.0,"enemies":"Shell Parasite","floor":20.0,"turns":5.0},{"damage":12.0,"enemies":"Gremlin Leader","floor":23.0,"turns":9.0},{"damage":6.0,"enemies":"Book of Stabbing","floor":28.0,"turns":4.0},{"damage":0.0,"enemies":"Colosseum Slavers","floor":30.0,"turns":5.0},{"damage":0.0,"enemies":"Colosseum Nobs","floor":30.0,"turns":4.0},{"damage":0.0,"enemies":"Replay:Snechameleon","floor":31.0,"turns":6.0},{"damage":0.0,"enemies":"Automaton","floor":33.0,"turns":8.0},{"damage":0.0,"enemies":"3 Shapes","floor":35.0,"turns":3.0},{"damage":0.0,"enemies":"3 Darklings","floor":37.0,"turns":4.0},{"damage":0.0,"enemies":"Jaw Worm Horde","floor":38.0,"turns":6.0},{"damage":0.0,"enemies":"4 Shapes","floor":39.0,"turns":2.0},{"damage":0.0,"enemies":"Giant Head","floor":40.0,"turns":7.0},{"damage":0.0,"enemies":"Maw","floor":41.0,"turns":6.0},{"damage":0.0,"enemies":"R_Hoarder","floor":44.0,"turns":5.0},{"damage":0.0,"enemies":"Transient","floor":48.0,"turns":5.0},{"damage":5.0,"enemies":"Replay:Hell Engine","floor":50.0,"turns":7.0},{"damage":5,"enemies":"Shield and Spear","floor":54,"turns":3},{"damage":35,"enemies":"The Heart","floor":55,"turns":10}],"seed_played":"6520333123727126745","potions_obtained":[{"floor":5.0,"key":"Ancient Potion"},{"floor":6.0,"key":"AttackPotion"},{"floor":8.0,"key":"SpeedPotion"},{"floor":11.0,"key":"Fire Potion"},{"floor":28.0,"key":"DistilledChaos"}],"is_trial":false,"path_per_floor":["M","M","?","$","M","E","R","E","T","R","E","M","?","E","R","B",null,"M","?","M","$","?","E","R","?","T","$","E","?","?","E","R","B",null,"M","?","M","M","M","E","M","R","T","E","R","$","?","M","R","B",null,"R","$","E","B",null],"character_chosen":"RUNESMITH_CLASS","items_purchased":["Runesmith:LithiumIon","Runesmith:LithiumIon","Runesmith:Terraform","Runesmith:LithiumIon","Runesmith:ReplicatingBarrier","Runesmith:LithiumIon","Turnip"],"campfire_rested":0,"item_purchase_floors":[4,21,21,27,46,53,53],"current_hp_per_floor":[70,70,53,53,48,37,37,41,41,41,54,54,54,40,40,37,70,70,70,70,70,70,58,58,42,42,42,36,36,36,36,36,36,70,70,70,70,70,70,70,70,70,70,70,70,70,70,70,70,65,70,70,70,65,30],"gold":454,"neow_bonus":"TRANSFORM_CARD","is_daily":false,"chose_seed":false,"campfire_upgraded":8,"win_rate":0.0,"timestamp":1613308541,"path_taken":["M","M","?","$","M","E","R","E","T","R","E","M","?","E","R","BOSS","M","?","M","$","?","E","R","?","T","$","E","?","?","E","R","BOSS","M","?","?","M","M","E","M","R","T","E","R","$","?","?","R","BOSS","R","$","E","BOSS"],"items_purchased_type":["Card","Card","Card","Card","Card","Card","Relic"],"build_version":"2020-12-22","purchased_purges":4,"victory":true,"max_hp_per_floor":[70,70,70,70,70,70,70,70,70,70,70,70,70,70,70,70,70,70,70,70,70,70,70,70,70,70,70,70,70,70,70,70,70,70,70,70,70,70,70,70,70,70,70,70,70,70,70,70,70,70,70,70,70,70,70],"card_choices":[{"not_picked":["Runesmith:HeatedChisel","Runesmith:Firewall"],"picked":"Runesmith:RuneHurl","floor":1.0},{"not_picked":["Runesmith:Repurpose","Runesmith:PerfectChisel","Runesmith:WhiteBalance","Runesmith:ShiftingStrike"],"picked":"Runesmith:DoubleUp","floor":2.0},{"not_picked":["Runesmith:UnstableHammer","Runesmith:CraftSpiculum","Runesmith:Retool","Runesmith:EarthShield"],"picked":"Runesmith:CraftMedicinae","floor":5.0},{"not_picked":["Runesmith:HeatedChisel","Runesmith:UnstableHammer","Runesmith:ShiftingStrike","Runesmith:HammerTime"],"picked":"Runesmith:CraftProtectio","floor":6.0},{"not_picked":["Runesmith:Augment","Runesmith:RuneHurl","Runesmith:Malloc","Runesmith:Refine"],"picked":"Runesmith:Grindstone","floor":8.0},{"not_picked":["Runesmith:Electrocute","Runesmith:Overpower","Runesmith:HammerAndChisel","Runesmith:ShiftingStrike"],"picked":"Runesmith:FieryHammer","floor":11.0},{"not_picked":["Runesmith:LightningRod","Runesmith:CraftObretio","Runesmith:Reinforce","Runesmith:PerfectChisel"],"picked":"Runesmith:Grindstone","floor":12.0},{"not_picked":["Runesmith:OneForEveryone+1","Runesmith:ChiselStab+1","Runesmith:Discharge+1","Runesmith:StaticCage"],"picked":"Runesmith:HammerTime+1","floor":14.0},{"not_picked":["Runesmith:LastStand","Runesmith:UnlimitedPower","Runesmith:CraftPrismatica","Runesmith:Duplicate"],"picked":"Runesmith:ArcReactor","floor":16.0},{"not_picked":["Runesmith:StaticCage+1","Runesmith:RuneHurl+1","Runesmith:NegativeSpace","Runesmith:Firewall"],"picked":"Runesmith:HammerThrow+1","floor":18.0},{"not_picked":["Runesmith:CraftVitae","Runesmith:StaticCage","Runesmith:Overpower+1","Runesmith:ShiftingStrike+1"],"picked":"Runesmith:HeatedChisel+1","floor":20.0},{"not_picked":["Runesmith:GrandSlam+1","Runesmith:Augment","Runesmith:UnstableHammer+1","Runesmith:Permafrost","Runesmith:Repurpose+1"],"picked":"SKIP","floor":23.0},{"not_picked":["Runesmith:Electrocute+1","Runesmith:ChiselStab+1","Runesmith:Discharge+1","Runesmith:StaticCage"],"picked":"Runesmith:MakeshiftArmor+1","floor":28.0},{"not_picked":["Runesmith:EnergizedChisel+1","Runesmith:CraftMagma","Runesmith:Firewall","Runesmith:Repurpose+1"],"picked":"Runesmith:EarthShield","floor":29.0},{"not_picked":["Runesmith:FrozenChisel+1","Runesmith:BackupBattery+1","Runesmith:ElementalConversion","Runesmith:CraftMagma"],"picked":"Runesmith:HammerThrow+1","floor":29.0},{"not_picked":["Runesmith:Repurpose","Runesmith:UnstableHammer+1","Runesmith:NanitesCloud","Runesmith:Attraction","Runesmith:StaticCage"],"picked":"SKIP","floor":31.0},{"not_picked":["Runesmith:GrandSlam+1","Runesmith:Duplicate","Runesmith:GenerateForcefield","Runesmith:CraftMedicinae"],"picked":"Runesmith:ReplicatingBarrier","floor":33.0},{"not_picked":["Runesmith:WhiteBalance+1","Runesmith:Permafrost","Runesmith:StaticCage","Runesmith:HammerThrow+1","Runesmith:UnstableHammer+1"],"picked":"SKIP","floor":35.0},{"not_picked":["Runesmith:HammerThrow+1","Runesmith:FrozenChisel+1","Runesmith:BackupBattery","Runesmith:HeatedChisel+1"],"picked":"Runesmith:Grindstone","floor":37.0},{"not_picked":["Runesmith:StaticCage","Runesmith:BackupBattery","Runesmith:OneForEveryone+1","Runesmith:ShiftingStrike+1"],"picked":"Runesmith:FieryHammer+1","floor":38.0},{"not_picked":["Runesmith:EnergizedChisel+1","Runesmith:ElementalConversion+1","Runesmith:RunicBlueprint+1","Runesmith:RuneHurl+1"],"picked":"Runesmith:EarthShield+1","floor":39.0},{"not_picked":["Runesmith:NegativeSpace","Runesmith:StaticCage+1","Runesmith:MakeshiftArmor","Runesmith:Repurpose+1"],"picked":"Runesmith:CreatorForm","floor":40.0},{"not_picked":["Runesmith:RuneHurl+1","Runesmith:Retool+1","Runesmith:MakeshiftArmor","Runesmith:ShiftingStrike+1"],"picked":"Runesmith:EarthShield+1","floor":41.0},{"not_picked":["Runesmith:ChaoticBlast+1","Runesmith:Overpower+1","Runesmith:CraftReservo","Runesmith:UnstableHammer+1","Runesmith:EarthShield+1"],"picked":"SKIP","floor":44.0},{"not_picked":["Runesmith:ElementalConversion+1","Runesmith:CraftProtectio+1","Runesmith:Refine","Runesmith:StaticCage","Runesmith:HeatExchange+1"],"picked":"SKIP","floor":48.0},{"not_picked":["Runesmith:EarthShield","Runesmith:GenerateForcefield","Runesmith:Overpower+1","Runesmith:UnlimitedPower","Runesmith:CraftSpiculum+1"],"picked":"SKIP","floor":54}],"player_experience":1206200,"relics_obtained":[{"floor":1.0,"key":"SynthV:TestCard"},{"floor":6.0,"key":"DianPoetry"},{"floor":8.0,"key":"Centennial Puzzle"},{"floor":11.0,"key":"FossilizedHelix"},{"floor":14.0,"key":"Blue Candle"},{"floor":23.0,"key":"Vajra"},{"floor":25.0,"key":"Necronomicon"},{"floor":26.0,"key":"SynthV:C4"},{"floor":28.0,"key":"reliquary:Buckler"},{"floor":30.0,"key":"StoneCalendar"},{"floor":30.0,"key":"Golden Egg"},{"floor":31.0,"key":"Grinning Jar"},{"floor":40.0,"key":"Nunchaku"},{"floor":43.0,"key":"Ancient Tea Set"},{"floor":44.0,"key":"MealTicket"},{"floor":54,"key":"Bottled Lightning"}],"event_choices":[{"damage_healed":0.0,"max_hp_gain":0.0,"max_hp_loss":0.0,"gold_gain":0.0,"event_name":"Golden Idol","player_choice":"Take Damage","floor":3.0,"gold_loss":0.0,"damage_taken":17.0,"relics_obtained":["Golden Idol"]},{"damage_healed":0.0,"max_hp_gain":0.0,"max_hp_loss":0.0,"gold_gain":0.0,"event_name":"Dead Adventurer","player_choice":"Searched \u00272\u0027 times","floor":13.0,"gold_loss":0.0,"damage_taken":0.0,"relics_obtained":["Molten Egg 2"]},{"cards_removed":["Runesmith:CraftMedicinae"],"damage_healed":0.0,"max_hp_gain":0.0,"max_hp_loss":0.0,"gold_gain":0.0,"event_name":"Beggar","player_choice":"Gave Gold","floor":19.0,"gold_loss":75.0,"damage_taken":0.0},{"damage_healed":0.0,"max_hp_gain":0.0,"max_hp_loss":0.0,"gold_gain":99.0,"event_name":"Nest","player_choice":"Stole From Cult","floor":22.0,"gold_loss":0.0,"damage_taken":0.0},{"damage_healed":0.0,"max_hp_gain":0.0,"max_hp_loss":0.0,"gold_gain":0.0,"event_name":"Cursed Tome","player_choice":"Obtained Book","floor":25.0,"gold_loss":0.0,"damage_taken":16.0},{"damage_healed":0.0,"max_hp_gain":0.0,"max_hp_loss":0.0,"gold_gain":0.0,"event_name":"Colosseum","player_choice":"Fight","floor":30.0,"gold_loss":0.0,"damage_taken":0.0},{"damage_healed":0.0,"max_hp_gain":0.0,"max_hp_loss":0.0,"gold_gain":0.0,"event_name":"Colosseum","player_choice":"Fought Nobs","floor":30.0,"gold_loss":0.0,"damage_taken":0.0},{"cards_removed":["Runesmith:CraftFirestone"],"damage_healed":0.0,"max_hp_gain":0.0,"max_hp_loss":0.0,"gold_gain":0.0,"event_name":"Bonfire Elementals","player_choice":"Offered Basic","floor":36.0,"gold_loss":0.0,"damage_taken":0.0},{"damage_healed":0.0,"max_hp_gain":0.0,"max_hp_loss":0.0,"gold_gain":100.0,"event_name":"Golden Shrine","player_choice":"Pray","floor":47.0,"gold_loss":0.0,"damage_taken":0.0}],"is_beta":false,"boss_relics":[{"not_picked":["MoonlightInvasionPlan","Astrolabe"],"picked":"JellyFishMachine"},{"not_picked":["Replay:Bronze Core","BloodWine"],"picked":"Replay:Wanted Poster"}],"items_purged_floors":[4,21,27,46],"is_endless":false,"potions_floor_spawned":[5,6,8,11,12,23,28,31,33,37,38,39,48,54],"ascension_level":1}}