{"host":"9teu7m87l4miz299","time":1613278695,"event":{"mods":["BaseMod","Minty Spire (QoL Compilation)","Quick Restart","StSLib","Td1madao Mod","The Cursed","The Hierophant","The Poker Player","The Runesmith"],"gold_per_floor":[112,4,179,179,189,189,205,220,244,261,261,289,301,321,321,422,422,422,422,432,451,469,469,496,496,496,509,509,561,561,97,97,97,97],"floor_reached":33,"language":"KOR","playtime":1287,"items_purged":["Doubt"],"score":377,"play_id":"0c9e495f-eafe-41df-be94-603d9262afcc","local_time":"20210214135815","is_ascension_mode":true,"campfire_choices":[{"data":"Footwork","floor":6,"key":"SMITH"},{"data":"Distraction","floor":11,"key":"SMITH"},{"floor":15,"key":"REST"},{"floor":23,"key":"REST"},{"floor":30,"key":"REST"},{"floor":32,"key":"REST"}],"circlet_count":0,"master_deck":["Strike_G","Strike_G","Strike_G","Strike_G","Strike_G","Defend_G","Defend_G","Defend_G","Defend_G","Defend_G","Survivor","Neutralize","Blade Dance","Cloak And Dagger","Footwork+1","Crippling Poison","Flying Knee","Dagger Spray","Escape Plan","Riddle With Holes","Distraction+1","Bouncing Flask","Masterful Stab","Accuracy","Night Terror","Accuracy+1","Infinite Blades","Escape Plan+1","Leg Sweep","Backflip+1","Chrysalis+1","Acrobatics+1"],"relics":["Ring of the Snake","Prayer Wheel","Toy Ornithopter","Orichalcum","Sozu","Tiny Chest","Toxic Egg 2","Singing Bowl","Omamori","Bronze Scales"],"acts_visited":["Exordium","TheCity"],"potions_floor_usage":[12,12,16,18],"damage_taken":[{"damage":4,"enemies":"Cultist","floor":1,"turns":5},{"damage":0,"enemies":"2 Louse","floor":5,"turns":4},{"damage":0,"enemies":"Jaw Worm","floor":7,"turns":5},{"damage":2,"enemies":"Exordium Wildlife","floor":8,"turns":4},{"damage":19,"enemies":"Exordium Thugs","floor":10,"turns":7},{"damage":22,"enemies":"Gremlin Nob","floor":12,"turns":5},{"damage":0,"enemies":"Blue Slaver","floor":13,"turns":5},{"damage":0,"enemies":"Exordium Wildlife","floor":14,"turns":4},{"damage":32,"enemies":"Slime Boss","floor":16,"turns":16},{"damage":0,"enemies":"Shell Parasite","floor":18,"turns":1},{"damage":0,"enemies":"3 Byrds","floor":20,"turns":3},{"damage":41,"enemies":"3 Cultists","floor":21,"turns":6},{"damage":18,"enemies":"Shelled Parasite and Fungi","floor":22,"turns":5},{"damage":15,"enemies":"Book of Stabbing","floor":24,"turns":6},{"damage":19,"enemies":"Chosen and Byrds","floor":27,"turns":8},{"damage":53,"enemies":"Champ","floor":33,"turns":9}],"seed_played":"7662190416928222394","potions_obtained":[{"floor":5,"key":"BlessingOfTheForge"},{"floor":8,"key":"SmokeBomb"},{"floor":10,"key":"CunningPotion"},{"floor":13,"key":"Swift Potion"}],"is_trial":false,"path_per_floor":["M","$","?","?","M","R","M","M","T","M","R","E","M","M","R","B",null,"M","?","M","M","M","R","E","?","T","M","T","T","R","$","R","B"],"character_chosen":"THE_SILENT","items_purchased":["Footwork","Crippling Poison","Chrysalis+1","Bronze Scales","Acrobatics+1"],"campfire_rested":4,"item_purchase_floors":[2,2,31,31,31],"current_hp_per_floor":[59,59,59,64,64,64,64,62,62,43,43,31,31,31,51,24,57,62,62,62,21,3,23,8,30,30,11,11,11,31,31,51,0,0],"gold":97,"neow_bonus":"ONE_RARE_RELIC","is_daily":false,"chose_seed":false,"campfire_upgraded":2,"win_rate":0.0,"timestamp":1613278695,"path_taken":["M","$","?","?","M","R","?","M","T","M","R","E","M","M","R","BOSS","M","?","M","M","M","R","E","?","T","?","?","?","R","$","R","BOSS"],"items_purchased_type":["Card","Card","Card","Relic","Card"],"build_version":"2020-12-22","purchased_purges":1,"victory":false,"max_hp_per_floor":[63,63,63,68,68,68,68,68,68,68,68,68,68,68,68,68,68,68,68,68,68,68,68,68,68,68,68,68,68,68,68,68,68,68],"card_choices":[{"not_picked":["Outmaneuver","Riddle With Holes"],"picked":"Blade Dance","floor":1},{"not_picked":["Bane","Blade Dance"],"picked":"Cloak And Dagger","floor":1},{"not_picked":["Prepared","PiercingWail"],"picked":"Flying Knee","floor":5},{"not_picked":["Blur","Dash"],"picked":"Dagger Spray","floor":5},{"not_picked":["Slice","PiercingWail"],"picked":"Escape Plan","floor":7},{"not_picked":["Acrobatics","Calculated Gamble","Outmaneuver"],"picked":"SKIP","floor":7},{"not_picked":["Wraith Form v2","Dagger Spray"],"picked":"Riddle With Holes","floor":8},{"not_picked":["All Out Attack","Expertise","Cloak And Dagger"],"picked":"SKIP","floor":8},{"not_picked":["Tactician","Dodge and Roll"],"picked":"Distraction","floor":10},{"not_picked":["Eviscerate","Expertise","Masterful Stab"],"picked":"SKIP","floor":10},{"not_picked":["Crippling Poison","Escape Plan","Prepared"],"picked":"SKIP","floor":12},{"not_picked":["Crippling Poison","Deflect"],"picked":"Bouncing Flask","floor":13},{"not_picked":["Cloak And Dagger","Quick Slash"],"picked":"Masterful Stab","floor":13},{"not_picked":["Bouncing Flask","Slice"],"picked":"Accuracy","floor":14},{"not_picked":["Slice","Quick Slash","PiercingWail"],"picked":"SKIP","floor":14},{"not_picked":["Tools of the Trade","Unload"],"picked":"Night Terror","floor":16},{"not_picked":["Deflect","Distraction+1"],"picked":"Accuracy+1","floor":20},{"not_picked":["Setup","Outmaneuver"],"picked":"Infinite Blades","floor":20},{"not_picked":["Reflex+1","Flying Knee+1"],"picked":"Escape Plan+1","floor":21},{"not_picked":["Underhanded Strike","Dagger Spray","Riddle With Holes+1"],"picked":"SKIP","floor":21},{"not_picked":["Slice","Prepared","Underhanded Strike"],"picked":"SKIP","floor":22},{"not_picked":["Tactician","Poisoned Stab+1","PiercingWail"],"picked":"SKIP","floor":22},{"not_picked":["Riddle With Holes","Concentrate"],"picked":"Leg Sweep","floor":24},{"not_picked":["Caltrops","Flying Knee+1"],"picked":"Backflip+1","floor":27},{"not_picked":["Deadly Poison+1","Outmaneuver+1","Bane"],"picked":"SKIP","floor":27}],"player_experience":1169655,"relics_obtained":[{"floor":9,"key":"Toy Ornithopter"},{"floor":12,"key":"Orichalcum"},{"floor":24,"key":"Tiny Chest"},{"floor":26,"key":"Toxic Egg 2"},{"floor":28,"key":"Singing Bowl"},{"floor":29,"key":"Omamori"}],"event_choices":[{"damage_healed":0,"gold_gain":175,"player_choice":"AGREE","damage_taken":0,"max_hp_gain":0,"max_hp_loss":0,"event_name":"Liars Game","floor":3,"gold_loss":0,"cards_obtained":["Doubt"]},{"damage_healed":0,"gold_gain":0,"player_choice":"Donut","damage_taken":0,"max_hp_gain":5,"max_hp_loss":0,"event_name":"Big Fish","floor":4,"gold_loss":0},{"damage_healed":0,"gold_gain":0,"player_choice":"Ignored","damage_taken":0,"max_hp_gain":0,"max_hp_loss":0,"event_name":"Ghosts","floor":19,"gold_loss":0},{"damage_healed":22,"gold_gain":0,"player_choice":"Heal","damage_taken":0,"max_hp_gain":0,"max_hp_loss":0,"event_name":"The Library","floor":25,"gold_loss":0}],"is_beta":false,"boss_relics":[{"not_picked":["Black Star","Fusion Hammer"],"picked":"Sozu"}],"items_purged_floors":[31],"is_endless":false,"potions_floor_spawned":[5,8,10,13,21,22,24],"killed_by":"Champ","ascension_level":8}}