{"host":"diogo","time":1613331562,"event":{"mods":["BaseMod","Minty Spire (QoL Compilation)","StSLib","SuperFastMode"],"gold_per_floor":[132,162,192,249,282,378,420,345,368,115,175,250,292,254,266,593,605,656,668,710,637,679,691,628,119,119,215,263,347,347,41,41,344,344,377,419,578,578,578,578,312,312,312,369,408,441,477,558,558,558],"floor_reached":51,"language":"ENG","playtime":3720,"items_purged":["Beam Cell","Cleave","Sword Boomerang"],"score":1074,"play_id":"56260f56-6c1c-4e7e-ba57-149e41cfbcd5","local_time":"20210214203922","daily_mods":["SealedDeck","Red Cards","Midas"],"is_ascension_mode":true,"campfire_choices":[{"floor":15,"key":"REST"},{"floor":23,"key":"REST"},{"floor":32,"key":"REST"},{"floor":40,"key":"REST"},{"floor":42,"key":"REST"},{"floor":49,"key":"REST"}],"circlet_count":0,"master_deck":["BootSequence","Reinforced Body","Sword Boomerang","Reprogram","Reprogram","Fission","Iron Wave","Self Repair+1","Parasite","Recycle"],"relics":["Cracked Core","Pen Nib","Regal Pillow","Sling","MawBank","SacredBark","Ancient Tea Set","Akabeko","Medical Kit","Strawberry","Oddly Smooth Stone","Art of War","Torii","Cursed Key","Gambling Chip","Chemical X","Bottled Tornado"],"acts_visited":["Exordium","TheCity","TheBeyond"],"potions_floor_usage":[4,6,20,22,22,27,37,45,46,47,48,50],"damage_taken":[{"damage":0,"enemies":"Jaw Worm","floor":1,"turns":2},{"damage":0,"enemies":"Small Slimes","floor":2,"turns":2},{"damage":0,"enemies":"Cultist","floor":3,"turns":2},{"damage":6,"enemies":"Exordium Thugs","floor":4,"turns":3},{"damage":4,"enemies":"3 Louse","floor":5,"turns":2},{"damage":4,"enemies":"Gremlin Nob","floor":6,"turns":3},{"damage":0,"enemies":"Looter","floor":7,"turns":2},{"damage":3,"enemies":"Exordium Thugs","floor":11,"turns":3},{"damage":0,"enemies":"3 Sentries","floor":12,"turns":3},{"damage":6,"enemies":"Lots of Slimes","floor":13,"turns":4},{"damage":2,"enemies":"The Guardian","floor":16,"turns":8},{"damage":0,"enemies":"Shell Parasite","floor":18,"turns":3},{"damage":5,"enemies":"3 Byrds","floor":20,"turns":4},{"damage":37,"enemies":"Cultist and Chosen","floor":22,"turns":7},{"damage":37,"enemies":"Gremlin Leader","floor":27,"turns":8},{"damage":15,"enemies":"Centurion and Healer","floor":28,"turns":5},{"damage":40,"enemies":"Book of Stabbing","floor":29,"turns":6},{"damage":21,"enemies":"Champ","floor":33,"turns":17},{"damage":1,"enemies":"Orb Walker","floor":35,"turns":5},{"damage":12,"enemies":"3 Darklings","floor":36,"turns":8},{"damage":67,"enemies":"2 Orb Walkers","floor":37,"turns":9},{"damage":38,"enemies":"Sphere and 2 Shapes","floor":44,"turns":7},{"damage":17,"enemies":"4 Shapes","floor":45,"turns":9},{"damage":1,"enemies":"Jaw Worm Horde","floor":46,"turns":5},{"damage":0,"enemies":"Writhing Mass","floor":47,"turns":7},{"damage":33,"enemies":"Reptomancer","floor":48,"turns":8},{"damage":15,"enemies":"Time Eater","floor":50,"turns":19}],"seed_played":"5176834662258893265","potions_obtained":[{"floor":2,"key":"AttackPotion"},{"floor":3,"key":"FearPotion"},{"floor":5,"key":"FearPotion"},{"floor":11,"key":"GamblersBrew"},{"floor":20,"key":"Block Potion"},{"floor":22,"key":"LiquidBronze"},{"floor":33,"key":"EssenceOfSteel"},{"floor":37,"key":"ColorlessPotion"},{"floor":45,"key":"Swift Potion"},{"floor":46,"key":"Explosive Potion"},{"floor":48,"key":"FocusPotion"}],"is_trial":true,"path_per_floor":["M","M","M","M","M","E","M","$","T","$","M","E","M","?","R","B",null,"M","?","M","?","M","R","?","$","T","E","M","E","?","$","R","B",null,"M","M","?","?","?","R","$","R","T","M","M","M","M","E","R","B",null],"character_chosen":"DEFECT","items_purchased":["Sling","Akabeko","Medical Kit","FairyPotion","Torii","Chemical X","EssenceOfSteel","Dexterity Potion"],"campfire_rested":6,"item_purchase_floors":[10,25,25,25,31,41,41,41],"current_hp_per_floor":[68,68,68,62,58,54,54,54,54,54,51,51,45,45,75,73,75,75,75,70,70,33,70,70,70,77,40,25,45,45,45,82,71,79,82,80,23,23,23,62,62,82,82,54,47,56,66,43,82,77],"gold":558,"neow_bonus":"","is_daily":false,"chose_seed":false,"campfire_upgraded":0,"win_rate":0.0,"timestamp":1613331562,"path_taken":["M","M","M","M","M","E","M","$","T","$","M","E","M","?","R","BOSS","M","?","M","?","M","R","?","$","T","E","?","E","?","$","R","BOSS","M","M","?","?","?","R","$","R","T","M","M","?","?","E","R","BOSS"],"items_purchased_type":["Relic","Relic","Relic","Potion","Relic","Relic","Potion","Potion"],"build_version":"2020-12-18","purchased_purges":3,"victory":true,"max_hp_per_floor":[75,75,75,75,75,75,75,75,75,75,75,75,75,75,75,75,75,75,75,75,75,75,75,75,75,82,82,82,82,82,82,82,82,82,82,82,82,82,82,82,82,82,82,82,82,82,82,82,82,82],"card_choices":[{"not_picked":["Stack","Go for the Eyes"],"picked":"Clash","floor":1},{"not_picked":["Headbutt","Combust","Body Slam"],"picked":"SKIP","floor":2},{"not_picked":["Combust","Headbutt","True Grit"],"picked":"SKIP","floor":3},{"not_picked":["Go for the Eyes","Hello World","Rampage"],"picked":"SKIP","floor":4},{"not_picked":["Coolheaded","Headbutt"],"picked":"Reprogram","floor":5},{"not_picked":["Conserve Battery","Rebound","Demon Form"],"picked":"SKIP","floor":6},{"not_picked":["Turbo","Redo","Clothesline"],"picked":"SKIP","floor":7},{"not_picked":["Skim","Perfected Strike","Steam"],"picked":"SKIP","floor":11},{"not_picked":["Leap","Havoc","Recycle"],"picked":"SKIP","floor":12},{"not_picked":["Hello World","Anger","Cleave"],"picked":"SKIP","floor":13},{"not_picked":["Feed","Corruption"],"picked":"Fission","floor":16},{"not_picked":["Cleave+1","Heavy Blade","Melter+1"],"picked":"SKIP","floor":18},{"not_picked":["Leap","Force Field","Rip and Tear+1"],"picked":"SKIP","floor":20},{"not_picked":["Redo","Tempest"],"picked":"Iron Wave","floor":22},{"not_picked":["Pommel Strike+1","Body Slam","Fusion"],"picked":"SKIP","floor":27},{"not_picked":["Core Surge","Coolheaded"],"picked":"Self Repair+1","floor":28},{"not_picked":["Perfected Strike","Wild Strike","Pommel Strike"],"picked":"SKIP","floor":29},{"not_picked":["Compile Driver","Anger","Carnage+1"],"picked":"SKIP","floor":35},{"not_picked":["Hologram+1","Headbutt+1","Flex+1"],"picked":"SKIP","floor":36},{"not_picked":["Stack+1","Beam Cell","Shrug It Off+1"],"picked":"SKIP","floor":44},{"not_picked":["Twin Strike","Coolheaded+1","Warcry+1"],"picked":"SKIP","floor":45},{"not_picked":["Ghostly Armor+1","Chaos+1","Meteor Strike"],"picked":"SKIP","floor":46},{"not_picked":["Dropkick+1","Clothesline+1","Rebound"],"picked":"SKIP","floor":47},{"not_picked":["Gash+1","Twin Strike"],"picked":"Recycle","floor":48}],"player_experience":386231,"relics_obtained":[{"floor":6,"key":"Pen Nib"},{"floor":9,"key":"Regal Pillow"},{"floor":12,"key":"MawBank"},{"floor":26,"key":"Strawberry"},{"floor":27,"key":"Oddly Smooth Stone"},{"floor":29,"key":"Art of War"},{"floor":37,"key":"Gambling Chip"},{"floor":48,"key":"Bottled Tornado"}],"event_choices":[{"cards_removed":["Heavy Blade"],"damage_healed":0,"gold_gain":0,"player_choice":"Card Removal","damage_taken":0,"max_hp_gain":0,"max_hp_loss":0,"event_name":"The Cleric","floor":14,"gold_loss":50},{"damage_healed":0,"gold_gain":0,"player_choice":"Ignored","damage_taken":0,"max_hp_gain":0,"max_hp_loss":0,"event_name":"Vampires","floor":19,"gold_loss":0},{"damage_healed":0,"gold_gain":0,"player_choice":"Obtained Relic","damage_taken":0,"relics_obtained":["Ancient Tea Set"],"max_hp_gain":0,"max_hp_loss":0,"event_name":"Addict","floor":21,"gold_loss":85},{"cards_removed":["Clash"],"damage_healed":0,"gold_gain":0,"player_choice":"Gave Gold","damage_taken":0,"max_hp_gain":0,"max_hp_loss":0,"event_name":"Beggar","floor":24,"gold_loss":75},{"cards_removed":["Flex"],"damage_healed":0,"gold_gain":0,"player_choice":"Elegance","damage_taken":0,"max_hp_gain":0,"max_hp_loss":0,"event_name":"Back to Basics","floor":30,"gold_loss":0},{"damage_healed":0,"gold_gain":0,"player_choice":"Fight","damage_taken":0,"max_hp_gain":0,"max_hp_loss":0,"event_name":"Mysterious Sphere","floor":37,"gold_loss":0},{"damage_healed":0,"gold_gain":0,"player_choice":"Ignored","damage_taken":0,"max_hp_gain":0,"max_hp_loss":0,"event_name":"Tomb of Lord Red Mask","floor":38,"gold_loss":0},{"cards_removed":["Shrug It Off"],"damage_healed":0,"gold_gain":0,"player_choice":"Purged","damage_taken":0,"max_hp_gain":0,"max_hp_loss":0,"event_name":"Purifier","floor":39,"gold_loss":0}],"is_beta":true,"boss_relics":[{"not_picked":["Inserter","Velvet Choker"],"picked":"SacredBark"},{"not_picked":["Snecko Eye","Empty Cage"],"picked":"Cursed Key"}],"items_purged_floors":[8,10,25],"is_endless":false,"potions_floor_spawned":[2,3,5,11,20,22,33,37,45,46,48],"ascension_level":9}}