{"host":"c83fcgyuu74iknko","time":1613289171,"event":{"mods":["BaseMod","BetterRewards","Colored Map","Colored Powertips","Minty Spire (QoL Compilation)","Quick Restart","StSLib","The Animator","The Senshi"],"gold_per_floor":[111,111,128,0,12,12,22,81,81,81,108,184,113,127,127,228,228,248,248,82,93,112,112,112,140,163,163,163,163],"floor_reached":28,"language":"ENG","playtime":1482,"items_purged":["theSenshi:SailorJupiterAssists"],"score":386,"play_id":"d1322ea4-c380-448d-b99f-54983d55eff4","local_time":"20210213235251","is_ascension_mode":true,"campfire_choices":[{"data":"theSenshi:MoonPrismPowerMakeUp","floor":6,"key":"SMITH"},{"data":"theSenshi:StarlightHoneymoonTherapyKiss","floor":10,"key":"SMITH"},{"floor":15,"key":"REST"},{"data":"theSenshi:MoonGorgeousMeditation","floor":23,"key":"SMITH"},{"data":"theSenshi:UranusStrength","floor":27,"key":"SMITH"}],"circlet_count":0,"master_deck":["theSenshi:SailorKick","theSenshi:SailorKick","theSenshi:SailorKick","theSenshi:SailorKick","theSenshi:SailorBlock","theSenshi:SailorBlock","theSenshi:SailorBlock","theSenshi:SailorBlock","theSenshi:MoonPrismPowerMakeUp+1","theSenshi:MoonHealingEscalation","theSenshi:StarlightHoneymoonTherapyKiss+1","theSenshi:MoonSpiralHeartAttack","theSenshi:MoonPrincessHalation","theSenshi:MoonPunch","theSenshi:MoonsReflection","theSenshi:UranusStrength+1","theSenshi:MoonCrystalPowerMakeUp","theSenshi:MoonGorgeousMeditation+1","theSenshi:GatheringStrength+1","theSenshi:LateForSchool","theSenshi:Sidestep"],"relics":["theSenshi:TransformationBroochRelic","FossilizedHelix","theSenshi:FeatherClipsRelic","Nunchaku","Toy Ornithopter","Singing Bowl","Philosopher\u0027s Stone","theSenshi:CutieMoonRodRelic","MutagenicStrength","Thread and Needle","Smiling Mask"],"acts_visited":["Exordium","TheCity"],"potions_floor_usage":[7,25,25,25],"damage_taken":[{"damage":6,"enemies":"Jaw Worm","floor":1,"turns":4},{"damage":22,"enemies":"Cultist","floor":3,"turns":7},{"damage":0,"enemies":"2 Louse","floor":5,"turns":3},{"damage":0,"enemies":"2 Fungi Beasts","floor":7,"turns":2},{"damage":35,"enemies":"Lagavulin Event","floor":8,"turns":9},{"damage":28,"enemies":"Lagavulin","floor":11,"turns":6},{"damage":10,"enemies":"Gremlin Gang","floor":14,"turns":4},{"damage":24,"enemies":"Hexaghost","floor":16,"turns":11},{"damage":22,"enemies":"Shell Parasite","floor":18,"turns":6},{"damage":34,"enemies":"3 Byrds","floor":21,"turns":5},{"damage":33,"enemies":"Shelled Parasite and Fungi","floor":22,"turns":7},{"damage":24,"enemies":"Gremlin Leader","floor":25,"turns":6},{"damage":61,"enemies":"Slavers","floor":28,"turns":3}],"seed_played":"7270914714140382039","potions_obtained":[{"floor":3,"key":"Energy Potion"},{"floor":5,"key":"Explosive Potion"},{"floor":8,"key":"SmokeBomb"},{"floor":21,"key":"EssenceOfSteel"},{"floor":22,"key":"Energy Potion"}],"is_trial":false,"path_per_floor":["M","?","M","$","M","R","M","?","T","R","E","T","$","M","R","B",null,"M","?","$","M","M","R","?","E","T","R","E"],"character_chosen":"THE_SENSHI","items_purchased":["theSenshi:MoonHealingEscalation","theSenshi:StarlightHoneymoonTherapyKiss","theSenshi:MoonPunch","theSenshi:MoonCrystalPowerMakeUp","theSenshi:CutieMoonRodRelic","theSenshi:LateForSchool"],"campfire_rested":1,"item_purchase_floors":[0,0,4,13,20,20],"current_hp_per_floor":[69,69,57,57,57,57,57,43,43,43,21,21,21,19,42,39,77,71,71,71,50,35,35,35,42,42,42,0,0],"gold":163,"neow_bonus":"","is_daily":false,"chose_seed":false,"campfire_upgraded":4,"win_rate":0.0,"timestamp":1613289171,"path_taken":["M","?","M","$","?","R","?","?","T","R","E","?","$","M","R","BOSS","M","?","$","M","M","R","?","E","T","R","E"],"items_purchased_type":["Card","Card","Card","Card","Relic","Card"],"build_version":"2020-12-22","purchased_purges":1,"victory":false,"max_hp_per_floor":[75,75,75,75,75,75,75,75,75,75,75,75,75,77,77,77,77,77,77,77,79,81,81,81,81,81,81,81,81],"card_choices":[{"not_picked":["theSenshi:SailorJupiterAssists","theSenshi:PlutosSolemnity"],"picked":"theSenshi:MoonSpiralHeartAttack","floor":1},{"not_picked":["theSenshi:KlutzyLuck","theSenshi:SailorPlanetAttack"],"picked":"theSenshi:MoonPrincessHalation","floor":3},{"not_picked":["theSenshi:LateForSchool","theSenshi:SailorJupiterAssists"],"picked":"theSenshi:MoonsReflection","floor":5},{"not_picked":["theSenshi:OdangoHead","theSenshi:HesSoDreamy","theSenshi:TuxedoSmokingBomber"],"picked":"SKIP","floor":7},{"not_picked":["theSenshi:MoonPower","theSenshi:Overload"],"picked":"theSenshi:UranusStrength","floor":8},{"not_picked":["theSenshi:SailorUranusAssists","theSenshi:LunasBite","theSenshi:SailorMercuryAssists"],"picked":"SKIP","floor":11},{"not_picked":["theSenshi:SailorMarsAssists","theSenshi:LateForSchool","theSenshi:SailorJupiterAssists"],"picked":"Singing Bowl","floor":14},{"not_picked":["theSenshi:StarlightHoneymoonTherapyKiss","theSenshi:JupitersPower"],"picked":"theSenshi:MoonGorgeousMeditation","floor":16},{"not_picked":["theSenshi:MoonTwilightFlash","theSenshi:PlutosSolemnity+1"],"picked":"theSenshi:GatheringStrength+1","floor":18},{"not_picked":["theSenshi:YouCanTalk","theSenshi:EncouragingSpeech","theSenshi:MoonKick"],"picked":"Singing Bowl","floor":21},{"not_picked":["theSenshi:YouCanTalk","theSenshi:MoonKick","theSenshi:LunaWiseMentor"],"picked":"Singing Bowl","floor":22},{"not_picked":["theSenshi:SailorPlutoAssists","theSenshi:LunasBite"],"picked":"theSenshi:Sidestep","floor":25}],"player_experience":261035,"relics_obtained":[{"floor":9,"key":"Nunchaku"},{"floor":11,"key":"Toy Ornithopter"},{"floor":12,"key":"Singing Bowl"},{"floor":25,"key":"Thread and Needle"},{"floor":26,"key":"Smiling Mask"}],"event_choices":[{"damage_healed":0,"gold_gain":0,"cards_transformed":["theSenshi:RoseThrow"],"player_choice":"Transformed","damage_taken":0,"max_hp_gain":0,"max_hp_loss":0,"event_name":"Transmorgrifier","floor":2,"gold_loss":0,"cards_obtained":["theSenshi:SailorJupiterAssists"]},{"damage_healed":0,"gold_gain":30,"player_choice":"Searched \u00273\u0027 times","damage_taken":0,"relics_obtained":["theSenshi:FeatherClipsRelic"],"max_hp_gain":0,"max_hp_loss":0,"event_name":"Dead Adventurer","floor":8,"gold_loss":0},{"damage_healed":0,"gold_gain":0,"player_choice":"Ignored","damage_taken":0,"max_hp_gain":0,"max_hp_loss":0,"event_name":"Vampires","floor":19,"gold_loss":0},{"damage_healed":0,"gold_gain":0,"player_choice":"Inject Mutagens","damage_taken":0,"relics_obtained":["MutagenicStrength"],"max_hp_gain":0,"max_hp_loss":0,"event_name":"Drug Dealer","floor":24,"gold_loss":0}],"is_beta":false,"boss_relics":[{"not_picked":["Pandora\u0027s Box","SlaversCollar"],"picked":"Philosopher\u0027s Stone"}],"items_purged_floors":[4],"is_endless":false,"potions_floor_spawned":[3,5,8,21,22],"killed_by":"Slavers","ascension_level":3}}