{"host":"2lo6hma6kymb0g9i","time":1613283186,"event":{"mods":["BaseMod","Colored Map","DeckTracker","Minty Spire (QoL Compilation)"],"gold_per_floor":[115,134,409,422,347,347,131,165,242,242,267,267,267,296,296,370,370,382,394,269,286,298,326,326,356,356,356,388,399,416,443,443,515,515,525,540,221,237,250,280,293,318,369,403,420,433,467,480,480,480,480,480,480,43,77,77,77],"floor_reached":56,"language":"JPN","playtime":7279,"items_purged":["Regret","Strike_R","Strike_R","Strike_R","Strike_R"],"score":2123,"play_id":"0d1ab5ea-b660-41db-9ee1-bd7ca5a4cbbb","local_time":"20210214151306","is_ascension_mode":true,"campfire_choices":[{"data":"Demon Form","floor":6.0,"key":"SMITH"},{"data":"Armaments","floor":15.0,"key":"SMITH"},{"data":"Burning Pact","floor":24.0,"key":"SMITH"},{"data":"Battle Trance","floor":27.0,"key":"SMITH"},{"data":"Limit Break","floor":32.0,"key":"SMITH"},{"floor":49,"key":"RECALL"},{"data":"Disarm","floor":53,"key":"SMITH"}],"circlet_count":0,"master_deck":["AscendersBane","Defend_R+1","Defend_R","Defend_R","Defend_R","Bash","Demon Form+1","Iron Wave","Cleave+1","Battle Trance+1","Armaments+1","Second Wind","Limit Break+1","Flame Barrier","Reaper","Burning Pact+1","Headbutt","Seeing Red","Ghostly Armor+1","Shockwave","Shrug It Off+1","Pommel Strike","Offering","Disarm+1","Pommel Strike+1","Metallicize","Twin Strike","Entrench","Clothesline","Iron Wave","Sword Boomerang"],"relics":["Burning Blood","Orichalcum","Kunai","Happy Flower","Oddly Smooth Stone","Dream Catcher","Coffee Dripper","Red Skull","Eternal Feather","Red Mask","Turnip","Runic Cube","Bag of Preparation","Vajra","Smiling Mask","Blood Vial","Thread and Needle","War Paint","Bag of Marbles","Anchor","Whetstone"],"acts_visited":["Exordium","TheCity","TheBeyond","TheEnding"],"potions_floor_usage":[44,51,56],"damage_taken":[{"damage":11.0,"enemies":"Jaw Worm","floor":1.0,"turns":6.0},{"damage":6.0,"enemies":"Cultist","floor":2.0,"turns":3.0},{"damage":11.0,"enemies":"Small Slimes","floor":4.0,"turns":4.0},{"damage":35.0,"enemies":"3 Sentries","floor":8.0,"turns":8.0},{"damage":20.0,"enemies":"Lagavulin","floor":11.0,"turns":6.0},{"damage":26.0,"enemies":"3 Sentries","floor":14.0,"turns":11.0},{"damage":20.0,"enemies":"Slime Boss","floor":16.0,"turns":9.0},{"damage":27.0,"enemies":"2 Thieves","floor":18.0,"turns":4.0},{"damage":15.0,"enemies":"3 Byrds","floor":19.0,"turns":5.0},{"damage":24.0,"enemies":"Shelled Parasite and Fungi","floor":21.0,"turns":4.0},{"damage":42.0,"enemies":"Centurion and Healer","floor":22.0,"turns":8.0},{"damage":70.0,"enemies":"Gremlin Leader","floor":23.0,"turns":7.0},{"damage":47.0,"enemies":"Slavers","floor":25.0,"turns":7.0},{"damage":57.0,"enemies":"Masked Bandits","floor":28.0,"turns":5.0},{"damage":31.0,"enemies":"Sentry and Sphere","floor":29.0,"turns":8.0},{"damage":10.0,"enemies":"3 Cultists","floor":30.0,"turns":5.0},{"damage":36.0,"enemies":"Book of Stabbing","floor":31.0,"turns":7.0},{"damage":42.0,"enemies":"Collector","floor":33.0,"turns":8.0},{"damage":40.0,"enemies":"3 Darklings","floor":35.0,"turns":5.0},{"damage":7.0,"enemies":"Orb Walker","floor":36.0,"turns":5.0},{"damage":55.0,"enemies":"Spire Growth","floor":38.0,"turns":9.0},{"damage":22.0,"enemies":"Jaw Worm Horde","floor":39.0,"turns":4.0},{"damage":60.0,"enemies":"Giant Head","floor":40.0,"turns":7.0},{"damage":40.0,"enemies":"Transient","floor":41.0,"turns":6.0},{"damage":37.0,"enemies":"Nemesis","floor":42.0,"turns":9.0},{"damage":25,"enemies":"Reptomancer","floor":44,"turns":5},{"damage":11,"enemies":"Maw","floor":45,"turns":8},{"damage":22,"enemies":"Sphere and 2 Shapes","floor":46,"turns":6},{"damage":10,"enemies":"Nemesis","floor":47,"turns":7},{"damage":17,"enemies":"3 Darklings","floor":48,"turns":6},{"damage":65,"enemies":"Time Eater","floor":50,"turns":12},{"damage":52,"enemies":"Awakened One","floor":51,"turns":12},{"damage":77,"enemies":"Shield and Spear","floor":55,"turns":8},{"damage":47,"enemies":"The Heart","floor":56,"turns":3}],"seed_played":"-1292345741902543880","potions_obtained":[{"floor":1.0,"key":"ColorlessPotion"},{"floor":2.0,"key":"BloodPotion"},{"floor":8.0,"key":"Block Potion"},{"floor":11.0,"key":"Fruit Juice"},{"floor":14.0,"key":"BloodPotion"},{"floor":18.0,"key":"Fruit Juice"},{"floor":23.0,"key":"SteroidPotion"},{"floor":25.0,"key":"Energy Potion"},{"floor":28.0,"key":"DistilledChaos"},{"floor":31.0,"key":"Strength Potion"},{"floor":38.0,"key":"DuplicationPotion"},{"floor":42.0,"key":"LiquidBronze"},{"floor":45,"key":"BloodPotion"},{"floor":46,"key":"SkillPotion"}],"is_trial":false,"path_per_floor":["M","M","?","M","$","R","$","E","T","?","E","?","T","E","R","B",null,"M","M","$","M","M","E","R","E","T","R","?","M","M","E","R","B",null,"M","M","$","M","M","E","M","E","T","E","M","M","E","M","R","B","B",null,"R","$","E","B"],"character_chosen":"IRONCLAD","items_purchased":["Battle Trance","Armaments","Bag of Preparation","Bag of Marbles","Anchor","Iron Wave"],"campfire_rested":0,"item_purchase_floors":[7,7,37,54,54,54],"current_hp_per_floor":[63,63,63,58,58,58,58,44,44,37,28,28,28,8,8,10,63,66,72,72,85,85,68,68,45,45,57,72,62,81,82,85,85,85,85,84,84,85,85,85,73,42,42,67,85,85,81,85,85,85,85,85,85,85,14,0,0],"gold":77,"neow_bonus":"ONE_RANDOM_RARE_CARD","is_daily":false,"chose_seed":false,"campfire_upgraded":6,"win_rate":0.0,"timestamp":1613283186,"path_taken":["M","M","?","M","$","R","?","E","T","?","E","?","?","E","R","BOSS","M","M","$","M","M","E","R","E","T","R","?","M","M","E","R","BOSS","M","M","$","M","M","E","M","E","T","E","M","M","E","M","R","BOSS","BOSS","R","$","E","BOSS"],"items_purchased_type":["Card","Card","Relic","Relic","Relic","Card"],"build_version":"2020-12-22","purchased_purges":5,"victory":false,"max_hp_per_floor":[75,75,75,75,75,75,75,75,75,75,80,80,80,80,80,80,80,85,85,85,85,85,85,85,85,85,85,85,85,85,85,85,85,85,85,85,85,85,85,85,85,85,85,85,85,85,85,85,85,85,85,85,85,85,85,85,85],"card_choices":[{"not_picked":["Flex","Reckless Charge","Perfected Strike"],"picked":"SKIP","floor":1.0},{"not_picked":["Evolve","True Grit"],"picked":"Iron Wave","floor":2.0},{"not_picked":["Seeing Red","Clash"],"picked":"Cleave","floor":4.0},{"not_picked":["Ghostly Armor","Cleave"],"picked":"Second Wind","floor":8.0},{"not_picked":["Intimidate","Disarm"],"picked":"Limit Break","floor":11.0},{"not_picked":["Clash","Offering"],"picked":"Flame Barrier","floor":14.0},{"not_picked":["Limit Break","Fiend Fire"],"picked":"Reaper","floor":16.0},{"not_picked":["Perfected Strike","Headbutt"],"picked":"Burning Pact","floor":18.0},{"not_picked":["Body Slam+1","Anger"],"picked":"Headbutt","floor":19.0},{"not_picked":["Twin Strike","Exhume"],"picked":"Seeing Red","floor":21.0},{"not_picked":["Dropkick","Power Through"],"picked":"Ghostly Armor","floor":22.0},{"not_picked":["Armaments","Intimidate+1"],"picked":"Shockwave","floor":23.0},{"not_picked":["Sever Soul","Thunderclap","Spot Weakness"],"picked":"SKIP","floor":25.0},{"not_picked":["Sentinel","Reckless Charge"],"picked":"Shrug It Off+1","floor":28.0},{"not_picked":["Body Slam","True Grit"],"picked":"Pommel Strike","floor":29.0},{"not_picked":["Wild Strike","Shrug It Off","Perfected Strike"],"picked":"SKIP","floor":30.0},{"not_picked":["Shockwave","Clash","Combust"],"picked":"SKIP","floor":31.0},{"not_picked":["Demon Form","Impervious"],"picked":"Offering","floor":33.0},{"not_picked":["Dropkick","Flex","Cleave+1"],"picked":"SKIP","floor":35.0},{"not_picked":["Heavy Blade","Perfected Strike+1"],"picked":"Disarm","floor":36.0},{"not_picked":["Infernal Blade","Anger","Clash"],"picked":"SKIP","floor":38.0},{"not_picked":["Inflame+1","Hemokinesis+1"],"picked":"Pommel Strike","floor":39.0},{"not_picked":["Shockwave","Thunderclap","Cleave"],"picked":"SKIP","floor":40.0},{"not_picked":["Reaper","Wild Strike"],"picked":"Metallicize","floor":41.0},{"not_picked":["Inflame+1","Havoc","Ghostly Armor"],"picked":"SKIP","floor":42.0},{"not_picked":["Cleave","Double Tap"],"picked":"Twin Strike","floor":44},{"not_picked":["Hemokinesis","Spot Weakness","Metallicize"],"picked":"SKIP","floor":45},{"not_picked":["Warcry","Body Slam"],"picked":"Entrench","floor":46},{"not_picked":["Seeing Red","Shockwave","Iron Wave"],"picked":"SKIP","floor":47},{"not_picked":["Warcry+1","Rampage"],"picked":"Clothesline","floor":48},{"not_picked":["Perfected Strike","Anger+1"],"picked":"Sword Boomerang","floor":55}],"player_experience":1187971,"relics_obtained":[{"floor":8.0,"key":"Orichalcum"},{"floor":9.0,"key":"Kunai"},{"floor":11.0,"key":"Happy Flower"},{"floor":13.0,"key":"Oddly Smooth Stone"},{"floor":14.0,"key":"Dream Catcher"},{"floor":23.0,"key":"Red Skull"},{"floor":25.0,"key":"Eternal Feather"},{"floor":28.0,"key":"Red Mask"},{"floor":31.0,"key":"Turnip"},{"floor":40.0,"key":"Vajra"},{"floor":42.0,"key":"Smiling Mask"},{"floor":43.0,"key":"Blood Vial"},{"floor":44,"key":"Thread and Needle"},{"floor":47,"key":"War Paint"},{"floor":55,"key":"Whetstone"}],"event_choices":[{"damage_healed":0.0,"max_hp_gain":0.0,"max_hp_loss":0.0,"gold_gain":275.0,"event_name":"Golden Shrine","player_choice":"Desecrate","floor":3.0,"gold_loss":0.0,"damage_taken":0.0,"cards_obtained":["Regret"]},{"cards_removed":["Strike_R"],"damage_healed":0.0,"max_hp_gain":0.0,"max_hp_loss":0.0,"gold_gain":0.0,"event_name":"Golden Wing","player_choice":"Card Removal","floor":10.0,"gold_loss":0.0,"damage_taken":7.0},{"damage_healed":0.0,"max_hp_gain":0.0,"max_hp_loss":0.0,"gold_gain":0.0,"event_name":"Scrap Ooze","player_choice":"Fled","floor":12.0,"gold_loss":0.0,"damage_taken":0.0},{"damage_healed":0.0,"max_hp_gain":0.0,"max_hp_loss":0.0,"gold_gain":0.0,"event_name":"Masked Bandits","player_choice":"Fought Bandits","floor":28.0,"gold_loss":0.0,"damage_taken":0.0}],"is_beta":false,"boss_relics":[{"not_picked":["Tiny House","Velvet Choker"],"picked":"Coffee Dripper"},{"not_picked":["Black Star","Mark of Pain"],"picked":"Runic Cube"}],"items_purged_floors":[5,7,20,37,54],"is_endless":false,"potions_floor_spawned":[1,2,8,11,14,18,23,25,28,29,31,33,38,42,45,46,47,48],"killed_by":"The Heart","ascension_level":20}}