{"host":"56792r0r1tfnc9x9","time":1613319074,"event":{"mods":["2.2 Compatiblity","Abigail Mod","AchievementEnabler","Act Like it!","Aspiration","BaseMod","Better Note","Better Third Choice","Better Vampires","BetterRewards","CapriCore","Colored Map","Colored Powertips","Conspire","Curses Come First","Downfall","Elementarium","Emptier Cage","Energized Spire","Fox Events","GifTheSpireLib","Halation","Hermit","Highlight Path","Hubris","Jedi Mod","JesterMod","Jorbs\u0027s Wanderer Trilogy","MarisaÅiñ∂âJÅ@ñÇóùçπÅj","Minty Spire (QoL Compilation)","MostiFishMod","Pale of the Ancients","Potionbrewer","Rare Cards Sparkle","Relic Stats","Reliquary","Replay The Spire","Robot Space Explorer","SacredBarkPlus","Shade Mod","Spicy Shops","Spire Arcade","StSLib","Stuff the Spire","Synergy Search","The Cursed","The Immortal","The Jungle","The Necromancer","The Runesmith","Waifu the Spire","Wandering Minibosses"],"gold_per_floor":[116,0,0,0,20,20,60,60,60,80,116,60,60,60,60,159,159,175,175,196,216,216,216,216,196,223,236,252,252,341,376,376,475,475,496,496,496,496],"floor_reached":36,"language":"ENG","playtime":3379,"items_purged":[],"score":901,"play_id":"c12ea017-4915-464c-9b93-a30004c009a5","local_time":"20210214101114","is_ascension_mode":true,"campfire_choices":[{"floor":6.0,"key":"REST"},{"data":"Slimebound:FlameTackle+1","floor":8.0,"key":"SMITH"},{"data":"Slimebound:FlameTackle+2","floor":13.0,"key":"SMITH"},{"data":"Slimebound:FlameTackle+3","floor":15.0,"key":"SMITH"},{"data":"Slimebound:FlameTackle+4","floor":23.0,"key":"SMITH"},{"data":"Slimebound:FlameTackle+5","floor":24.0,"key":"SMITH"},{"data":"Master of Strategy","floor":29,"key":"SMITH"},{"floor":32,"key":"REST"}],"circlet_count":1,"master_deck":["AscendersBane","Slimebound:Tackle","conspire:GhostlyDefend","conspire:GhostlyDefend","conspire:GhostlyDefend","conspire:GhostlyDefend","Slimebound:Split","Slimebound:CorrosiveSpit","Master of Strategy+1","Shame","Slimebound:SplitLeeching+1","Slimebound:TongueLash","Slimebound:LeechingTouch","Slimebound:SplitAcid","Slimebound:SlimeTap","Enlightenment","Injury","Slimebound:Repurpose","Slimebound:FlameTackle+6","Slimebound:FinishingTackle+1","Slimebound:FlameTackle+1","Slimebound:ComboTackle+1","Slimebound:OneTwoCombo+1","Slimebound:GrowthPunch+1","Bite+1","Bite+1","Bite+1","Slimebound:SplitAcid","CarveReality+1","Slimebound:LivingWall+1","MostiFishMod:Pointsdynamics","Slimebound:OozeBath","Slimebound:FormOfPuddle+1"],"relics":["Slimebound:AbsorbEndCombat","Circlet","aspiration:Nostalgia","Runesmith:BrokenRuby","aspiration:HummingbirdHeart","StuffTheSpire:GrapeVine","Du-Vu Doll","jedi:angrymask","halation:BottledHappiness","Golden Idol","conspire:InfiniteJournal","Molten Egg 2","Iron Hammer","Bottled Lightning","aspiration:WatcherSkillbook","Centennial Puzzle","Anchor","hubris:TinFlute","jesterMod:MachoBrace"],"acts_visited":["Exordium","TheCity","TheBeyond"],"potions_floor_usage":[36,36],"damage_taken":[{"damage":4.0,"enemies":"2 Louse","floor":1.0,"turns":1.0},{"damage":12.0,"enemies":"conspire:RoseBush","floor":5.0,"turns":2.0},{"damage":32.0,"enemies":"Replay:BlueRogue","floor":7.0,"turns":4.0},{"damage":4.0,"enemies":"Jaw Worm","floor":10.0,"turns":1.0},{"damage":12.0,"enemies":"3 Sentries","floor":11.0,"turns":4.0},{"damage":35.0,"enemies":"Fading Forest","floor":16.0,"turns":12.0},{"damage":28.0,"enemies":"conspire:FuzzyDice","floor":18.0,"turns":4.0},{"damage":12.0,"enemies":"2 Thieves","floor":20.0,"turns":2.0},{"damage":13.0,"enemies":"Snake Plant","floor":21.0,"turns":3.0},{"damage":23.0,"enemies":"Centurion and Healer","floor":27.0,"turns":4.0},{"damage":9,"enemies":"Cultist and Chosen","floor":28,"turns":2},{"damage":15,"enemies":"conspire:Head Lice","floor":31,"turns":4},{"damage":76,"enemies":"Automaton","floor":33,"turns":7},{"damage":21,"enemies":"3 Shapes","floor":35,"turns":3},{"damage":3,"enemies":"3 Darklings","floor":36,"turns":4}],"seed_played":"1623548848735807189","potions_obtained":[{"floor":10.0,"key":"potionbrewer:ToxicPotion"},{"floor":11.0,"key":"Dexterity Potion"},{"floor":20.0,"key":"jedi:wingpotion"},{"floor":21.0,"key":"champ:CounterPotion"},{"floor":25.0,"key":"Venom Potion"},{"floor":30,"key":"FairyPotion"},{"floor":35,"key":"Flashbang"}],"is_trial":false,"path_per_floor":["M","?","?","T","M","R","E","R","T","M","E","$","R","?","R","B",null,"M","?","M","M","?","R","R","?","T","M","M","R","?","E","R","B",null,"M","M"],"character_chosen":"SLIMEBOUND","items_purchased":["aspiration:Nostalgia","aspiration:HummingbirdHeart","StuffTheSpire:GrapeVine","Master of Strategy","jedi:angrymask","halation:BottledHappiness","Slimebound:SplitLeeching+1","Slimebound:TongueLash","Slimebound:LeechingTouch","Slimebound:SplitAcid","Slimebound:ComboTackle+1"],"campfire_rested":2,"item_purchase_floors":[0,0,0,0,0,0,0,0,0,0,12],"current_hp_per_floor":[23,29,29,29,33,51,41,41,41,41,45,45,45,45,45,48,57,44,44,44,42,42,42,42,42,42,36,33,33,14,14,28,13,40,27,35,35,35],"gold":496,"neow_bonus":"","is_daily":false,"chose_seed":false,"campfire_upgraded":6,"win_rate":0.0,"timestamp":1613319074,"path_taken":["M","?","?","?","?","R","E","R","T","M","E","$","R","?","R","BOSS","M","?","M","M","?","R","R","?","T","M","?","R","?","E","R","BOSS","M","M"],"items_purchased_type":["Relic","Relic","Relic","Card","Relic","Relic","Card","Card","Card","Card","Card"],"build_version":"2020-12-22","purchased_purges":0,"victory":false,"max_hp_per_floor":[54,60,60,60,60,60,60,60,60,60,60,60,60,60,60,60,60,60,49,49,49,49,49,49,49,49,49,49,49,49,49,49,49,49,49,49,49,49],"relic_stats":{"Centennial Puzzle":[54],"counters":[190,893],"Golden Idol":113,"obtain_stats":[{"jedi:angrymask":0,"CeramicFish":33,"potionbrewer:SalesContract":31,"StuffTheSpire:BottledEssence":35,"Old Coin":46,"StuffTheSpire:SapphireSignet":33,"Sozu":34,"potionbrewer:RamsHorn":13,"Centennial Puzzle":23,"HornCleat":0,"FaceOfCleric":30,"MealTicket":14,"Fusion Hammer":17,"Iron Hammer":9,"Kunai":8,"Toxic Egg 2":0,"hubris:TinFlute":31,"Runesmith:BrokenRuby":0,"wanderingMiniBosses:ThiefScarf":30,"halation:QuantumPhysicsTextbook":0,"aspiration:Nostalgia":0,"jesterMod:MachoBrace":34,"potionbrewer:MortarAndPestle":25,"halation:BottledHappiness":0,"Du-Vu Doll":6,"wanderingMiniBosses:Blackblade":35,"Molten Egg 2":7,"MetatronsCube":0,"Torii":17,"DaveBox":0,"Blue Doll":7,"conspire:SpecialSausage":17,"StuffTheSpire:GrapeVine":27,"Empty Cage":34,"conspire:InfiniteJournal":4,"SsserpentHead":7,"Matryoshka":11,"hubris:Backtick":17,"hubris:Icosahedron":12,"SlimeboundClassic:AbsorbEndCombat":0,"Pantograph":24,"hubris:CuriousFeather":0,"StuffTheSpire:Nightcore":36,"Gremlin Food":9,"Golden Idol":3,"StuffTheSpire:Saxophone":35,"Circlet":0,"aspiration:HummingbirdHeart":0,"jedi:crownofsimplicity":0,"halation:SelfBoilingWater":9,"Strange Spoon":0,"Anchor":30,"SynthV:TestCard":1,"StuffTheSpire:Mouthbags":6,"Ornamental Fan":9,"halation:EternalFortune":19,"aspiration:WatcherSkillbook":17,"aspiration:KaomsHeart":36,"StuffTheSpire:RubySignet":9,"Bag of Marbles":13,"Slimebound:AbsorbEndCombat":0,"Bottled Lightning":11,"halation:PinkSoulGem":15},{"jedi:angrymask":175,"CeramicFish":144,"potionbrewer:SalesContract":143,"StuffTheSpire:BottledEssence":145,"Old Coin":172,"StuffTheSpire:SapphireSignet":144,"Sozu":145,"potionbrewer:RamsHorn":123,"Centennial Puzzle":163,"HornCleat":126,"FaceOfCleric":165,"MealTicket":159,"Fusion Hammer":160,"Iron Hammer":178,"Kunai":131,"Toxic Egg 2":154,"hubris:TinFlute":143,"Runesmith:BrokenRuby":175,"wanderingMiniBosses:ThiefScarf":143,"halation:QuantumPhysicsTextbook":154,"aspiration:Nostalgia":175,"jesterMod:MachoBrace":188,"potionbrewer:MortarAndPestle":140,"halation:BottledHappiness":175,"Du-Vu Doll":130,"wanderingMiniBosses:Blackblade":168,"Molten Egg 2":178,"MetatronsCube":175,"Torii":117,"DaveBox":0,"Blue Doll":122,"conspire:SpecialSausage":134,"StuffTheSpire:GrapeVine":164,"Empty Cage":167,"conspire:InfiniteJournal":176,"SsserpentHead":113,"Matryoshka":114,"hubris:Backtick":117,"hubris:Icosahedron":132,"SlimeboundClassic:AbsorbEndCombat":0,"Pantograph":164,"hubris:CuriousFeather":154,"StuffTheSpire:Nightcore":168,"Gremlin Food":113,"Golden Idol":176,"StuffTheSpire:Saxophone":145,"Circlet":0,"aspiration:HummingbirdHeart":175,"jedi:crownofsimplicity":119,"halation:SelfBoilingWater":122,"Strange Spoon":154,"Anchor":186,"SynthV:TestCard":176,"StuffTheSpire:Mouthbags":113,"Ornamental Fan":157,"halation:EternalFortune":118,"aspiration:WatcherSkillbook":181,"aspiration:KaomsHeart":146,"StuffTheSpire:RubySignet":131,"Bag of Marbles":133,"Slimebound:AbsorbEndCombat":0,"Bottled Lightning":180,"halation:PinkSoulGem":133},{"jedi:angrymask":837,"CeramicFish":679,"potionbrewer:SalesContract":674,"StuffTheSpire:BottledEssence":685,"Old Coin":819,"StuffTheSpire:SapphireSignet":679,"Sozu":685,"potionbrewer:RamsHorn":567,"Centennial Puzzle":785,"HornCleat":581,"FaceOfCleric":793,"MealTicket":761,"Fusion Hammer":768,"Iron Hammer":844,"Kunai":605,"Toxic Egg 2":739,"hubris:TinFlute":674,"Runesmith:BrokenRuby":837,"wanderingMiniBosses:ThiefScarf":674,"halation:QuantumPhysicsTextbook":739,"aspiration:Nostalgia":837,"jesterMod:MachoBrace":886,"potionbrewer:MortarAndPestle":658,"halation:BottledHappiness":837,"Du-Vu Doll":601,"wanderingMiniBosses:Blackblade":808,"Molten Egg 2":844,"MetatronsCube":837,"Torii":535,"DaveBox":0,"Blue Doll":558,"conspire:SpecialSausage":629,"StuffTheSpire:GrapeVine":789,"Empty Cage":803,"conspire:InfiniteJournal":838,"SsserpentHead":506,"Matryoshka":510,"hubris:Backtick":535,"hubris:Icosahedron":610,"SlimeboundClassic:AbsorbEndCombat":0,"Pantograph":789,"hubris:CuriousFeather":739,"StuffTheSpire:Nightcore":808,"Gremlin Food":506,"Golden Idol":838,"StuffTheSpire:Saxophone":685,"Circlet":0,"aspiration:HummingbirdHeart":837,"jedi:crownofsimplicity":549,"halation:SelfBoilingWater":558,"Strange Spoon":739,"Anchor":875,"SynthV:TestCard":838,"StuffTheSpire:Mouthbags":506,"Ornamental Fan":749,"halation:EternalFortune":544,"aspiration:WatcherSkillbook":860,"aspiration:KaomsHeart":689,"StuffTheSpire:RubySignet":605,"Bag of Marbles":616,"Slimebound:AbsorbEndCombat":0,"Bottled Lightning":848,"halation:PinkSoulGem":616}]},"card_choices":[{"not_picked":["Slimebound:Grow","Slimebound:ProtectTheBoss"],"picked":"Slimebound:SlimeTap","floor":1.0},{"not_picked":["Slimebound:ComboTackle","Slimebound:SlimeSpikes","Slimebound:LeechingTouch","Slimebound:SplitAcid"],"picked":"Slimebound:Repurpose","floor":5.0},{"not_picked":["Slimebound:ViciousTackle+1","Slimebound:MinionMaster","Slimebound:PressTheAttack+1","Slimebound:LeechingTouch+1"],"picked":"Slimebound:FlameTackle+1","floor":7.0},{"not_picked":["Slimebound:SplitBruiser","Slimebound:SlimeBrawl","Slimebound:Grow","Slimebound:GoopSpray"],"picked":"Slimebound:FinishingTackle+1","floor":10.0},{"not_picked":["Slimebound:LeechEnergy+1","Slimebound:LeechingTouch+1","Slimebound:PressTheAttack+1","Slimebound:SplitMire"],"picked":"Slimebound:FlameTackle+1","floor":11.0},{"not_picked":["Slimebound:LeechLife+1","Slimebound:MassRepurpose","Slimebound:MinionMaster","Slimebound:Teamwork"],"picked":"Slimebound:OneTwoCombo+1","floor":16.0},{"not_picked":["Slimebound:SlimeBrawl","PathToVictory","InnerPeace","Slimebound:ViciousTackle+1","EmptyFist+1"],"picked":"Slimebound:GrowthPunch+1","floor":18.0},{"not_picked":["CutThroughFate+1","Slimebound:LeechEnergy+1","Slimebound:LeechingTouch+1","SashWhip+1"],"picked":"SKIP","floor":20.0},{"not_picked":["Slimebound:GrowthPunch+1","Consecrate+1","MentalFortress"],"picked":"Slimebound:SplitAcid","floor":21.0},{"not_picked":["EmptyBody","Slimebound:ViciousTackle+1","WaveOfTheHand"],"picked":"CarveReality+1","floor":27.0},{"not_picked":["Halt","Slimebound:SplitAcid+1","InnerPeace","Replay:BluntJabs+1"],"picked":"SKIP","floor":28},{"not_picked":["Slimebound:GrowthPunch+1","Replay:BluntJabs+1","FlurryOfBlows+1"],"picked":"Slimebound:LivingWall+1","floor":30},{"not_picked":["DeceiveReality","MostiFishMod:LegendTransform","MostiFishMod:PathToVictory"],"picked":"MostiFishMod:Pointsdynamics","floor":31},{"not_picked":["jedi:nirvanicrebirth","Slimebound:DuplicatedForm","Slimebound:LeechLife+1"],"picked":"Slimebound:OozeBath","floor":33},{"not_picked":["CutThroughFate+1","WindmillStrike+1","Replay:AtTheReady"],"picked":"Slimebound:FormOfPuddle+1","floor":35}],"player_experience":944322,"relics_obtained":[{"floor":1.0,"key":"SynthV:TestCard"},{"floor":4.0,"key":"conspire:InfiniteJournal"},{"floor":7.0,"key":"Molten Egg 2"},{"floor":9.0,"key":"Iron Hammer"},{"floor":11.0,"key":"Bottled Lightning"},{"floor":26.0,"key":"Centennial Puzzle"},{"floor":30,"key":"Anchor"},{"floor":31,"key":"hubris:TinFlute"}],"event_choices":[{"damage_healed":0.0,"max_hp_gain":0.0,"max_hp_loss":0.0,"gold_gain":0.0,"event_name":"betterThird:BetterSerpent","player_choice":"RENOUNCE","floor":2.0,"gold_loss":116.0,"damage_taken":116.0,"cards_obtained":["Enlightenment"]},{"damage_healed":0.0,"max_hp_gain":0.0,"max_hp_loss":0.0,"gold_gain":0.0,"event_name":"Golden Idol","player_choice":"Take Wound","floor":3.0,"gold_loss":0.0,"damage_taken":0.0,"relics_obtained":["Golden Idol"],"cards_obtained":["Injury"]},{"damage_healed":0.0,"max_hp_gain":0.0,"max_hp_loss":0.0,"gold_gain":0.0,"event_name":"conspire:LoneGhost","player_choice":"Agree","floor":14.0,"gold_loss":0.0,"damage_taken":0.0},{"damage_healed":0.0,"max_hp_gain":0.0,"max_hp_loss":11.0,"gold_gain":0.0,"event_name":"Vampires","player_choice":"Became a vampire","floor":19.0,"gold_loss":0.0,"damage_taken":0.0,"cards_obtained":["Bite","Bite","Bite"]},{"damage_healed":0.0,"max_hp_gain":0.0,"max_hp_loss":0.0,"gold_gain":0.0,"event_name":"The Woman in Blue","player_choice":"Bought 1 Potion","floor":25.0,"gold_loss":0.0,"damage_taken":0.0}],"is_beta":false,"boss_relics":[{"not_picked":["BloodWine","energizedSpire:HugeHouse"],"picked":"aspiration:WatcherSkillbook"},{"not_picked":["halation:HeavySnake","Runic Dome"],"picked":"jesterMod:MachoBrace"}],"items_purged_floors":[],"is_endless":false,"potions_floor_spawned":[10,11,20,21,35],"killed_by":"3 Darklings","ascension_level":20}}