{"host":"5pfivkovc4wibog0","time":1613312193,"event":{"mods":["2.2 Compatiblity","Act Like it!","BaseMod","Better Third Choice","Block Reminder","Colored Powertips","Downfall","Friendly Minions","GifTheSpireLib","Hermit","Koishi","Marisa????????","Minty Spire (QoL Compilation)","Permanent Neow","Quick Restart","Rare Cards Sparkle","Reimu??????","StSLib","The Administrix","The Animator","The Bladedancer","The Cursed","TheSwordswoman"],"gold_per_floor":[111,129,148,133,145,145,170,170,196,230,246,246,346,9,9,109,109,124,124,139,63,79,79,92,92,92,92,52,52,52,52],"floor_reached":30,"language":"ENG","playtime":1295,"items_purged":["Strike_B"],"score":252,"play_id":"a6b26b1d-a691-466a-a539-008a86c647ac","local_time":"20210214141633","is_ascension_mode":true,"campfire_choices":[{"data":"Zap","floor":6,"key":"SMITH"},{"data":"Genetic Algorithm","floor":8,"key":"SMITH"},{"data":"Self Repair","floor":12,"key":"SMITH"},{"data":"Capacitor","floor":15,"key":"SMITH"},{"data":"Echo Form","floor":23,"key":"SMITH"},{"data":"Consume","floor":25,"key":"SMITH"},{"data":"Scrape","floor":27,"key":"SMITH"}],"circlet_count":0,"master_deck":["Strike_B","Strike_B","Strike_B","Defend_B","Defend_B","Defend_B","Defend_B","Zap+1","Dualcast","Gash","Glacier","Conserve Battery","Genetic Algorithm+1","Capacitor+1","Self Repair+1","Echo Form+1","Gash","Consume+1","Blizzard","Scrape+1"],"relics":["Cracked Core","MealTicket","Regal Pillow","Boot","Blood Vial","Shuriken","Coffee Dripper","Gremlin Horn","ZunR:ReiMu"],"acts_visited":["Exordium","TheCity"],"potions_floor_usage":[],"damage_taken":[{"damage":0,"enemies":"Small Slimes","floor":1,"turns":2},{"damage":0,"enemies":"Cultist","floor":2,"turns":3},{"damage":0,"enemies":"2 Louse","floor":3,"turns":4},{"damage":4,"enemies":"Exordium Thugs","floor":4,"turns":5},{"damage":3,"enemies":"Large Slime","floor":5,"turns":8},{"damage":27,"enemies":"Lagavulin","floor":7,"turns":13},{"damage":14,"enemies":"3 Sentries","floor":10,"turns":10},{"damage":5,"enemies":"3 Louse","floor":11,"turns":4},{"damage":27,"enemies":"The Guardian","floor":16,"turns":17},{"damage":15,"enemies":"Spheric Guardian","floor":18,"turns":8},{"damage":4,"enemies":"Shell Parasite","floor":20,"turns":7},{"damage":41,"enemies":"Cultist and Chosen","floor":22,"turns":8},{"damage":25,"enemies":"Centurion and Healer","floor":24,"turns":8},{"damage":61,"enemies":"Slavers","floor":30,"turns":4}],"seed_played":"-7877429628901578297","potions_obtained":[{"floor":3,"key":"CultistPotion"},{"floor":5,"key":"Fire Potion"},{"floor":10,"key":"Energy Potion"}],"is_trial":false,"path_per_floor":["M","M","M","M","M","R","E","R","T","E","M","R","?","$","R","B",null,"M","?","M","$","M","R","M","R","T","R","?","?","E"],"character_chosen":"DEFECT","items_purchased":["Shuriken","Blizzard"],"campfire_rested":0,"item_purchase_floors":[14,21],"current_hp_per_floor":[75,75,75,71,68,68,41,41,41,27,24,24,24,39,39,24,75,75,75,75,75,44,44,41,41,41,41,41,41,0,0],"gold":52,"neow_bonus":"RANDOM_COMMON_RELIC","is_daily":false,"chose_seed":false,"campfire_upgraded":7,"win_rate":0.0,"timestamp":1613312193,"path_taken":["M","M","M","M","M","R","E","R","T","E","M","R","?","?","R","BOSS","M","?","M","?","M","R","M","R","T","R","?","?","E"],"items_purchased_type":["Relic","Card"],"build_version":"2020-12-22","purchased_purges":1,"victory":false,"max_hp_per_floor":[75,75,75,75,75,75,75,75,75,75,75,75,75,75,75,75,75,75,75,75,75,75,75,75,75,75,75,75,75,75,75],"card_choices":[{"not_picked":["Ball Lightning","Steam Power"],"picked":"Gash","floor":1},{"not_picked":["Storm","Beam Cell"],"picked":"Undo","floor":2},{"not_picked":["Beam Cell","Rebound"],"picked":"Glacier","floor":3},{"not_picked":["Double Energy","Auto Shields"],"picked":"Conserve Battery","floor":4},{"not_picked":["Glacier","Steam","Barrage"],"picked":"SKIP","floor":5},{"not_picked":["Coolheaded","Beam Cell"],"picked":"Genetic Algorithm","floor":7},{"not_picked":["Skim","Reprogram"],"picked":"Capacitor","floor":10},{"not_picked":["Turbo","Streamline"],"picked":"Self Repair","floor":11},{"not_picked":["Buffer","Meteor Strike"],"picked":"Echo Form","floor":16},{"not_picked":["Beam Cell","Static Discharge"],"picked":"Gash","floor":18},{"not_picked":["Redo","Reprogram","Coolheaded"],"picked":"SKIP","floor":20},{"not_picked":["Chaos","Steam Power"],"picked":"Scrape","floor":22},{"not_picked":["Sunder","Streamline","Go for the Eyes"],"picked":"SKIP","floor":24}],"player_experience":74657,"relics_obtained":[{"floor":7,"key":"Regal Pillow"},{"floor":9,"key":"Boot"},{"floor":10,"key":"Blood Vial"},{"floor":26,"key":"Gremlin Horn"}],"event_choices":[{"damage_healed":0,"gold_gain":100,"player_choice":"Pray","damage_taken":0,"max_hp_gain":0,"max_hp_loss":0,"event_name":"Golden Shrine","floor":13,"gold_loss":0},{"damage_healed":0,"gold_gain":0,"cards_transformed":["Undo"],"player_choice":"Transformed","damage_taken":0,"max_hp_gain":0,"max_hp_loss":0,"event_name":"Transmorgrifier","floor":19,"gold_loss":0,"cards_obtained":["Consume"]},{"damage_healed":0,"gold_gain":0,"player_choice":"Keep O-miki","damage_taken":0,"relics_obtained":["ZunR:ReiMu"],"max_hp_gain":0,"max_hp_loss":0,"event_name":"ZunEvent","floor":28,"gold_loss":40},{"damage_healed":0,"gold_gain":0,"player_choice":"Ignored","damage_taken":0,"max_hp_gain":0,"max_hp_loss":0,"event_name":"Ghosts","floor":29,"gold_loss":0}],"is_beta":false,"boss_relics":[{"not_picked":["Fusion Hammer","RedLine:ReiMu"],"picked":"Coffee Dripper"}],"items_purged_floors":[14],"is_endless":false,"potions_floor_spawned":[3,5,10,11,16,22,24],"killed_by":"Slavers","ascension_level":1}}