{"host":"4wa3ho6pk3pud1fu","time":1613265050,"event":{"mods":["BaseMod","BetterRewards","Colored Map","Colored Powertips","Ekko","Infinite Spire","Minty Spire (QoL Compilation)","Nova Terra(??·??)","Prisma Mod","Replay The Spire","Shop Mod","StSLib","The Alterego","The Runesmith","The Servant 0.9.4","TheSurvivalist","Waifu the Spire","Yuri Mod"],"gold_per_floor":[111,123,123,133,59,59,93,93,140,172,189,46,11,11,11,109,109,122,222,239,255,274,274,274],"floor_reached":23,"language":"ENG","playtime":1230,"items_purged":["Defend_B"],"score":316,"play_id":"a4f45106-9372-4957-ac24-e2b57a2af020","local_time":"20210213191050","is_ascension_mode":true,"campfire_choices":[{"data":"Heatsinks","floor":6.0,"key":"SMITH"},{"floor":8.0,"key":"REST"},{"data":"ReplayRNGCard","floor":8.0,"key":"SMITH"},{"floor":15.0,"key":"REST"},{"data":"FIFO Queue","floor":15.0,"key":"SMITH"}],"circlet_count":0,"master_deck":["Strike_B","Strike_B","Strike_B","Strike_B","Defend_B","Defend_B","Defend_B","Zap+1","Dualcast","FIFO Queue+1","Chaos","Coolheaded","Genetic Algorithm","Heatsinks+1","ReplayRNGCard+1","Barrage","Glacier","Loop","ReplayRNGCard","CurseOfTheBell","Redo","Turbo","Sweeping Beam","BasicCrystalCard+1"],"relics":["Cracked Core","infinitespire:Magic Flask","MerchantsRug","Regal Pillow","Tiny Chest","Pear","Nunchaku","Calling Bell","Ancient Tea Set","Ice Cream","infinitespire:Bottled Soul"],"acts_visited":["Exordium","TheCity"],"potions_floor_usage":[23],"damage_taken":[{"damage":8.0,"enemies":"Jaw Worm","floor":1.0,"turns":4.0},{"damage":12.0,"enemies":"Cultist","floor":2.0,"turns":6.0},{"damage":7.0,"enemies":"Small Slimes","floor":4.0,"turns":4.0},{"damage":42.0,"enemies":"Lagavulin","floor":7.0,"turns":8.0},{"damage":15.0,"enemies":"Replay:BlueRogue","floor":10.0,"turns":7.0},{"damage":18.0,"enemies":"Exordium Thugs","floor":11.0,"turns":5.0},{"damage":24.0,"enemies":"Slime Boss","floor":16.0,"turns":11.0},{"damage":25.0,"enemies":"Spheric Guardian","floor":18.0,"turns":5.0},{"damage":34.0,"enemies":"3 Byrds","floor":20.0,"turns":7.0},{"damage":17.0,"enemies":"Snecko","floor":21.0,"turns":6.0},{"damage":0.0,"enemies":"Snake Plant","floor":22.0,"turns":2.0},{"damage":10,"enemies":"Slavers","floor":23,"turns":2}],"seed_played":"-7196299797481485324","potions_obtained":[{"floor":2.0,"key":"Strength Potion"},{"floor":7.0,"key":"GamblersBrew"},{"floor":10.0,"key":"PowerPotion"},{"floor":16.0,"key":"Adrenaline Potion"},{"floor":20.0,"key":"EssenceOfDarkness"},{"floor":22.0,"key":"DuplicationPotion"}],"is_trial":false,"path_per_floor":["M","M","?","M","$","R","E","R","T","E","M","$","?","T","R","B",null,"M","?","M","M","M","E"],"character_chosen":"DEFECT","items_purchased":["FIFO Queue","infinitespire:Magic Flask","MerchantsRug","Heatsinks","Loop"],"campfire_rested":2,"item_purchase_floors":[0,0,0,5,12],"current_hp_per_floor":[67,55,55,48,48,48,6,43,43,38,20,20,41,41,81,57,85,60,60,26,9,9,0,0],"gold":274,"neow_bonus":"","is_daily":false,"chose_seed":false,"campfire_upgraded":3,"win_rate":0.0,"timestamp":1613265050,"path_taken":["M","M","?","M","$","R","E","R","T","E","?","?","?","?","R","BOSS","M","?","M","M","M","E"],"items_purchased_type":["Card","Relic","Relic","Card","Card"],"build_version":"2020-12-22","purchased_purges":1,"victory":false,"max_hp_per_floor":[75,75,75,75,75,75,75,75,75,85,85,85,85,85,85,85,85,85,85,85,85,85,85,85],"card_choices":[{"not_picked":["Hello World","Time Bomb"],"picked":"Chaos","floor":1.0},{"not_picked":["Lockon","Sweeping Beam"],"picked":"Coolheaded","floor":2.0},{"not_picked":["Recycle","Streamline"],"picked":"Genetic Algorithm","floor":4.0},{"not_picked":["Compile Driver","Streamline"],"picked":"ReplayRNGCard","floor":7.0},{"not_picked":["Rebound","Sweeping Beam"],"picked":"Barrage","floor":10.0},{"not_picked":["Rebound","Hologram"],"picked":"Glacier","floor":11.0},{"not_picked":["Multi-Cast","Buffer"],"picked":"ReplayRNGCard","floor":16.0},{"not_picked":["Sweeping Beam+1","Conserve Battery"],"picked":"Redo","floor":18.0},{"not_picked":["Scrape","Glacier"],"picked":"Turbo","floor":20.0},{"not_picked":["Go for the Eyes","Steam"],"picked":"Sweeping Beam","floor":21.0},{"not_picked":["Genetic Algorithm","Go for the Eyes+1"],"picked":"BasicCrystalCard+1","floor":22.0}],"player_experience":96562,"relics_obtained":[{"floor":7.0,"key":"Regal Pillow"},{"floor":9.0,"key":"Tiny Chest"},{"floor":10.0,"key":"Pear"},{"floor":14.0,"key":"Nunchaku"},{"floor":17.0,"key":"Ancient Tea Set"},{"floor":17.0,"key":"Ice Cream"},{"floor":17.0,"key":"infinitespire:Bottled Soul"}],"event_choices":[{"damage_healed":0.0,"max_hp_gain":0.0,"max_hp_loss":0.0,"gold_gain":0.0,"event_name":"Upgrade Shrine","player_choice":"Upgraded","floor":3.0,"gold_loss":0.0,"damage_taken":0.0,"cards_upgraded":["Zap"]},{"damage_healed":21.0,"max_hp_gain":0.0,"max_hp_loss":0.0,"gold_gain":0.0,"event_name":"The Cleric","player_choice":"Healed","floor":13.0,"gold_loss":35.0,"damage_taken":0.0},{"damage_healed":0.0,"max_hp_gain":0.0,"max_hp_loss":0.0,"gold_gain":100.0,"event_name":"Golden Shrine","player_choice":"Pray","floor":19.0,"gold_loss":0.0,"damage_taken":0.0}],"is_beta":false,"boss_relics":[{"not_picked":["ChewingGum","Replay:Wanted Poster"],"picked":"Calling Bell"}],"items_purged_floors":[12],"is_endless":false,"potions_floor_spawned":[2,7,10,16,20,22],"killed_by":"Slavers","ascension_level":1}}