{"host":"gobyjzz6xbwq9f9i","time":1613288705,"event":{"mods":["AchievementEnabler","BaseMod","Bestiary","Colored Map","Minty Spire (QoL Compilation)","Relic Stats","ojb\u0027s Info Mod"],"gold_per_floor":[115,129,129,144,159,193,193,193,268,268,268],"floor_reached":10,"language":"ENG","playtime":334,"items_purged":[],"score":102,"play_id":"4f4325d9-90e1-4661-8799-43075266d60f","local_time":"20210213234505","is_ascension_mode":true,"campfire_choices":[{"data":"Sunder","floor":7,"key":"SMITH"}],"circlet_count":0,"master_deck":["AscendersBane","Strike_B","Strike_B","Strike_B","Strike_B","Defend_B","Defend_B","Defend_B","Defend_B","Zap","Dualcast","Sunder+1","Streamline","Recycle","Undo","Fission+1"],"relics":["Cracked Core","Dead Branch","Kunai"],"acts_visited":["Exordium"],"potions_floor_usage":[10],"damage_taken":[{"damage":4,"enemies":"Jaw Worm","floor":1,"turns":3},{"damage":0,"enemies":"2 Louse","floor":2,"turns":1},{"damage":0,"enemies":"Small Slimes","floor":4,"turns":2},{"damage":17,"enemies":"3 Louse","floor":5,"turns":3},{"damage":45,"enemies":"3 Sentries","floor":6,"turns":9},{"damage":20,"enemies":"Lagavulin","floor":10,"turns":5}],"seed_played":"-6212649141264100246","potions_obtained":[{"floor":2,"key":"SteroidPotion"},{"floor":6,"key":"Dexterity Potion"}],"is_trial":false,"path_per_floor":["M","M","?","M","M","E","R","?","T","E"],"character_chosen":"DEFECT","items_purchased":[],"campfire_rested":0,"item_purchase_floors":[],"current_hp_per_floor":[71,71,71,71,54,9,9,9,9,0,0],"gold":268,"neow_bonus":"TEN_PERCENT_HP_BONUS","is_daily":false,"chose_seed":false,"campfire_upgraded":1,"win_rate":0.0,"timestamp":1613288705,"path_taken":["M","M","?","M","M","E","R","?","T","E"],"items_purchased_type":[],"build_version":"2020-12-22","purchased_purges":0,"victory":false,"max_hp_per_floor":[82,82,82,82,82,82,82,82,82,82,82],"relic_stats":{"counters":[6,23],"Dead Branch":[3],"Kunai":[1],"obtain_stats":[{"Dead Branch":6,"Kunai":9,"Cracked Core":0},{"Dead Branch":5,"Kunai":5,"Cracked Core":0},{"Dead Branch":18,"Kunai":18,"Cracked Core":0}]},"card_choices":[{"not_picked":["Go for the Eyes","Stack"],"picked":"Sunder","floor":1},{"not_picked":["Aggregate","Consume"],"picked":"Streamline","floor":2},{"not_picked":["Heatsinks","Sweeping Beam"],"picked":"Recycle","floor":4},{"not_picked":["Hello World","Gash"],"picked":"Undo","floor":5},{"not_picked":["Tempest","Go for the Eyes"],"picked":"Fission","floor":6}],"player_experience":1359165,"relics_obtained":[{"floor":6,"key":"Dead Branch"},{"floor":9,"key":"Kunai"}],"event_choices":[{"damage_healed":0,"gold_gain":0,"player_choice":"Ignored","damage_taken":0,"max_hp_gain":0,"max_hp_loss":0,"event_name":"Liars Game","floor":3,"gold_loss":0},{"damage_healed":0,"gold_gain":0,"player_choice":"Grow","damage_taken":0,"max_hp_gain":0,"max_hp_loss":0,"event_name":"Living Wall","floor":8,"gold_loss":0,"cards_upgraded":["Fission"]}],"is_beta":false,"boss_relics":[],"items_purged_floors":[],"is_endless":false,"potions_floor_spawned":[2,6],"killed_by":"Lagavulin","ascension_level":10}}