{"host":"ul3z8ex5o8l5j7mh","time":1613328452,"event":{"mods":["AchievementEnabler","BaseMod","Bestiary","Colored Map","Colored Powertips","DeckTracker","Keyboard Shortcuts","Minty Spire (QoL Compilation)","Relic Sorter","Relic Stats","SuperFastMode"],"gold_per_floor":[119,119,137,162,87,87,87,87,87,102,137,37,37,60,60,60,60],"floor_reached":16,"language":"ENG","playtime":787,"items_purged":["Injury","Regret"],"score":125,"play_id":"8782baac-20be-42ff-bade-4cdcf0b803f9","local_time":"20210214194732","is_ascension_mode":true,"campfire_choices":[{"data":"Pommel Strike","floor":6.0,"key":"SMITH"},{"data":"Twin Strike","floor":8.0,"key":"SMITH"},{"floor":15,"key":"REST"}],"circlet_count":0,"master_deck":["Strike_R","Strike_R","Strike_R","Strike_R","Strike_R","Defend_R","Defend_R","Defend_R","Defend_R","Bash","Pommel Strike+1","Twin Strike+1","Sword Boomerang","Cleave","Parasite","Rampage"],"relics":["Snecko Eye","Golden Idol","Tiny Chest","Dead Branch","Potion Belt"],"acts_visited":["Exordium"],"potions_floor_usage":[10,11,16],"damage_taken":[{"damage":7.0,"enemies":"Small Slimes","floor":1.0,"turns":4.0},{"damage":0.0,"enemies":"2 Louse","floor":3.0,"turns":2.0},{"damage":12.0,"enemies":"Jaw Worm","floor":4.0,"turns":3.0},{"damage":0,"enemies":"Red Slaver","floor":10,"turns":1},{"damage":30,"enemies":"Gremlin Nob","floor":11,"turns":4},{"damage":12,"enemies":"Looter","floor":14,"turns":3},{"damage":67,"enemies":"Hexaghost","floor":16,"turns":9}],"seed_played":"-5867917116998632697","potions_obtained":[{"floor":1.0,"key":"Block Potion"},{"floor":4.0,"key":"Strength Potion"},{"floor":10,"key":"BlessingOfTheForge"},{"floor":14,"key":"PowerPotion"}],"is_trial":false,"path_per_floor":["M","?","M","M","$","R","?","R","T","M","E","$","?","M","R","B"],"character_chosen":"IRONCLAD","items_purchased":[],"campfire_rested":1,"item_purchase_floors":[],"current_hp_per_floor":[73,73,73,61,61,61,61,61,61,61,31,31,51,39,63,0,0],"gold":60,"neow_bonus":"BOSS_RELIC","is_daily":false,"chose_seed":false,"campfire_upgraded":2,"win_rate":0.0,"timestamp":1613328452,"path_taken":["M","?","M","M","$","R","?","R","T","M","E","$","?","?","R","BOSS"],"items_purchased_type":[],"build_version":"2020-12-22","purchased_purges":2,"victory":false,"max_hp_per_floor":[80,80,80,80,80,80,80,80,80,80,80,80,80,80,80,80,80],"relic_stats":{"counters":[7,26],"Golden Idol":24,"Dead Branch":[0],"Snecko Eye":[47,32,48,53],"Tiny Chest":0,"obtain_stats":[{"Potion Belt":11,"Golden Idol":2,"Dead Branch":9,"Snecko Eye":0,"Tiny Chest":7,"Burning Blood":0},{"Potion Belt":5,"Golden Idol":1,"Dead Branch":3,"Snecko Eye":0,"Tiny Chest":3,"Burning Blood":0},{"Potion Belt":14,"Golden Idol":4,"Dead Branch":9,"Snecko Eye":0,"Tiny Chest":9,"Burning Blood":0}]},"card_choices":[{"not_picked":["Entrench","Body Slam"],"picked":"Pommel Strike","floor":1.0},{"not_picked":["Sentinel","Intimidate"],"picked":"Twin Strike","floor":3.0},{"not_picked":["Body Slam","Iron Wave"],"picked":"Sword Boomerang","floor":4.0},{"not_picked":["Fire Breathing","Power Through"],"picked":"Cleave","floor":10},{"not_picked":["Whirlwind","Pummel","Cleave"],"picked":"SKIP","floor":11},{"not_picked":["Whirlwind","Havoc"],"picked":"Rampage","floor":14}],"player_experience":378559,"relics_obtained":[{"floor":9.0,"key":"Dead Branch"},{"floor":11,"key":"Potion Belt"}],"event_choices":[{"damage_healed":0.0,"max_hp_gain":0.0,"max_hp_loss":0.0,"gold_gain":0.0,"event_name":"Golden Idol","player_choice":"Take Wound","floor":2.0,"gold_loss":0.0,"damage_taken":0.0,"relics_obtained":["Golden Idol"],"cards_obtained":["Injury"]},{"damage_healed":0.0,"max_hp_gain":0.0,"max_hp_loss":0.0,"gold_gain":0.0,"event_name":"Big Fish","player_choice":"Box","floor":7.0,"gold_loss":0.0,"damage_taken":0.0,"relics_obtained":["Tiny Chest"],"cards_obtained":["Regret"]},{"damage_healed":20,"gold_gain":0,"player_choice":"Healed and dodged fight","damage_taken":0,"max_hp_gain":0,"max_hp_loss":0,"event_name":"Mushrooms","floor":13,"gold_loss":0,"cards_obtained":["Parasite"]}],"is_beta":false,"boss_relics":[],"items_purged_floors":[5,12],"is_endless":false,"potions_floor_spawned":[1,4,10,14],"killed_by":"Hexaghost","ascension_level":5}}