{"host":"c83fcgyuu74iknko","time":1613265719,"event":{"mods":["BaseMod","Colored Map","Colored Powertips","Minty Spire (QoL Compilation)","Quick Restart","StSLib","The Animator","The Senshi"],"gold_per_floor":[118,118,128,128,128,161,175,175,175,186,73,73,73,39,39,39,39],"floor_reached":16,"language":"ENG","playtime":675,"items_purged":["theSenshi:SailorKick"],"score":98,"play_id":"d66562f2-8676-4224-8054-59ee4773948e","local_time":"20210213172159","is_ascension_mode":false,"campfire_choices":[{"data":"theSenshi:MoonPrismPowerMakeUp","floor":8,"key":"SMITH"},{"data":"theSenshi:KlutzyLuck","floor":13,"key":"SMITH"},{"data":"theSenshi:KlutzyLuck","floor":15,"key":"SMITH"}],"circlet_count":0,"master_deck":["theSenshi:SailorKick+1","theSenshi:SailorKick","theSenshi:SailorKick","theSenshi:SailorBlock","theSenshi:SailorBlock","theSenshi:SailorBlock+1","theSenshi:RoseThrow","theSenshi:MoonPrismPowerMakeUp+1","theSenshi:OdangoHead","theSenshi:MoonsReflection","theSenshi:SailorUranusAssists","theSenshi:MoonsReflection","theSenshi:KlutzyLuck+1","theSenshi:KlutzyLuck+1"],"relics":["theSenshi:TransformationBroochRelic","Nunchaku","White Beast Statue","Question Card"],"acts_visited":["Exordium"],"potions_floor_usage":[10,16],"damage_taken":[{"damage":0,"enemies":"Jaw Worm","floor":1,"turns":4},{"damage":0,"enemies":"2 Louse","floor":3,"turns":3},{"damage":40,"enemies":"3 Sentries","floor":6,"turns":11},{"damage":7,"enemies":"Small Slimes","floor":7,"turns":3},{"damage":0,"enemies":"Blue Slaver","floor":10,"turns":3},{"damage":19,"enemies":"Hexaghost","floor":16,"turns":9}],"seed_played":"2293776861462255192","potions_obtained":[{"floor":6,"key":"SpeedPotion"},{"floor":7,"key":"PowerPotion"},{"floor":10,"key":"Fire Potion"}],"is_trial":false,"path_per_floor":["M","?","M","?","?","E","M","R","T","M","$","?","R","$","R","B"],"character_chosen":"THE_SENSHI","items_purchased":["theSenshi:KlutzyLuck","theSenshi:KlutzyLuck"],"campfire_rested":0,"item_purchase_floors":[11,14],"current_hp_per_floor":[75,60,60,60,65,25,18,18,18,18,18,18,18,18,18,0,0],"gold":39,"neow_bonus":"RANDOM_COMMON_RELIC","is_daily":false,"chose_seed":false,"campfire_upgraded":3,"win_rate":0.0,"timestamp":1613265719,"path_taken":["M","?","M","?","?","E","M","R","T","M","$","?","R","?","R","BOSS"],"items_purchased_type":["Card","Card"],"build_version":"2020-12-22","purchased_purges":1,"victory":false,"max_hp_per_floor":[75,75,75,75,80,80,80,80,80,80,80,80,80,80,80,80,80],"card_choices":[{"not_picked":["theSenshi:EncouragingSpeech","theSenshi:SchoolBag"],"picked":"theSenshi:OdangoHead","floor":1},{"not_picked":["theSenshi:MoonKick","theSenshi:SailorMarsAssists"],"picked":"theSenshi:MoonsReflection","floor":3},{"not_picked":["theSenshi:MoonKick","theSenshi:SchoolBag"],"picked":"theSenshi:MoonsReflection","floor":6},{"not_picked":["theSenshi:TallSilhouette","theSenshi:InTheNickOfTime","theSenshi:MercurysCunning"],"picked":"SKIP","floor":7},{"not_picked":["theSenshi:TallSilhouette","theSenshi:SailorV","theSenshi:PlutosSolemnity","theSenshi:SailorStarFighterAssists"],"picked":"SKIP","floor":10}],"player_experience":247005,"relics_obtained":[{"floor":6,"key":"White Beast Statue"},{"floor":9,"key":"Question Card"}],"event_choices":[{"damage_healed":0,"gold_gain":0,"player_choice":"Entered Light","damage_taken":15,"max_hp_gain":0,"max_hp_loss":0,"event_name":"Shining Light","floor":2,"gold_loss":0,"cards_upgraded":["theSenshi:SailorBlock","theSenshi:SailorKick"]},{"damage_healed":0,"gold_gain":0,"cards_transformed":["theSenshi:SailorBlock"],"player_choice":"Change","damage_taken":0,"max_hp_gain":0,"max_hp_loss":0,"event_name":"Living Wall","floor":4,"gold_loss":0,"cards_obtained":["theSenshi:SailorUranusAssists"]},{"damage_healed":0,"gold_gain":0,"player_choice":"Donut","damage_taken":0,"max_hp_gain":5,"max_hp_loss":0,"event_name":"Big Fish","floor":5,"gold_loss":0},{"damage_healed":0,"gold_gain":0,"player_choice":"Ignored","damage_taken":0,"max_hp_gain":0,"max_hp_loss":0,"event_name":"Liars Game","floor":12,"gold_loss":0}],"is_beta":false,"boss_relics":[],"items_purged_floors":[11],"is_endless":false,"potions_floor_spawned":[6,7,10],"killed_by":"Hexaghost","ascension_level":0}}