{"host":"ak97kadm4gobvh6l","time":1613270482,"event":{"mods":["BaseMod","Colored Map","Downfall","Minty Spire (QoL Compilation)","StSLib"],"gold_per_floor":[99,199,213,223,233,266,266,298,98,133,33,63,63,77,91,191,191,191,210,229,241,241,276,355,355,685,685,695,154,154,182,194,299,299,299,311,327,347,98,116,184,184,218,103,203,220,220,254,273,273,273,306,130,130,130,130],"floor_reached":57,"language":"ENG","playtime":5455,"items_purged":["champ:Strike","champ:Strike","champ:Strike","champ:Strike"],"score":2024,"play_id":"af07b33f-d4a7-4681-810f-e2d6cf0d25a0","local_time":"20210214034122","is_ascension_mode":true,"campfire_choices":[{"floor":1,"key":"RECALL"},{"data":"champ:Taunt","floor":9,"key":"SMITH"},{"data":"champ:RageSigil","floor":11,"key":"SMITH"},{"data":"champ:PreemptiveStrike","floor":13,"key":"SMITH"},{"data":"champ:TornadoPunch","floor":18,"key":"SMITH"},{"data":"champ:HoldFirm","floor":25,"key":"SMITH"},{"data":"champ:FlashCut","floor":27,"key":"SMITH"},{"data":"champ:ShieldWall","floor":30,"key":"SMITH"},{"data":"champ:EnchantShield","floor":35,"key":"SMITH"},{"data":"champ:Lariat","floor":47,"key":"SMITH"},{"data":"champ:ShieldWall","floor":54,"key":"SMITH"}],"circlet_count":0,"master_deck":["champ:Defend","champ:Defend","champ:Defend","champ:Defend","champ:Execute","champ:Taunt+1","champ:TornadoPunch+1","champ:Endure","champ:ShieldSlam","champ:DefensiveStyle","champ:RageSigil+1","champ:PreemptiveStrike+1","champ:FocusedDefense","champ:HoldFirm+1","champ:SwordSigil","champ:ShieldSigil+1","champ:FlashCut+1","champ:FalseCounter+1","champ:ShieldWall+1","champ:EnchantShield+1","champ:ShieldWall+1","champ:DefensiveStyle+1","champ:Lariat+1","champ:FocusedDefense+1","champ:ShieldWall+1","champ:SwordSigil+1"],"relics":["champ:ChampionCrown","Torii","Akabeko","downfall:HeartBlessingRed","downfall:HeartBlessingGreen","bronze:DecasWashers","downfall:HeartBlessingBlue","Guardian:PocketSentry","Philosopher\u0027s Stone","Strawberry","Ornamental Fan","Old Coin","Kunai","Bronze Scales","Ginger","SacredBark","Membership Card","HornCleat","Mercury Hourglass","Potion Belt","Oddly Smooth Stone","Lantern","OrangePellets"],"acts_visited":["Exordium","TheCity","TheBeyond","TheEnding"],"potions_floor_usage":[43,48,56,56,56,56],"damage_taken":[{"damage":10,"enemies":"Cultist","floor":3,"turns":4},{"damage":10,"enemies":"Jaw Worm","floor":4,"turns":4},{"damage":0,"enemies":"Small Slimes","floor":5,"turns":3},{"damage":51,"enemies":"Lagavulin","floor":6,"turns":10},{"damage":22,"enemies":"3 Sentries","floor":8,"turns":9},{"damage":21,"enemies":"Lagavulin","floor":10,"turns":8},{"damage":19,"enemies":"Gremlin Nob","floor":12,"turns":3},{"damage":0,"enemies":"Blue Slaver","floor":14,"turns":2},{"damage":0,"enemies":"Red Slaver","floor":15,"turns":3},{"damage":41,"enemies":"WA_ARCHETYPE_RETAIN","floor":16,"turns":9},{"damage":0,"enemies":"3 Byrds","floor":19,"turns":2},{"damage":10,"enemies":"Spheric Guardian","floor":20,"turns":2},{"damage":0,"enemies":"Centurion and Healer","floor":21,"turns":3},{"damage":10,"enemies":"Slavers","floor":23,"turns":3},{"damage":10,"enemies":"Book of Stabbing","floor":26,"turns":3},{"damage":0,"enemies":"Cultist and Chosen","floor":28,"turns":3},{"damage":10,"enemies":"downfall:FleeingMerchant","floor":29,"turns":4},{"damage":0,"enemies":"Slavers","floor":31,"turns":1},{"damage":10,"enemies":"Snake Plant","floor":32,"turns":2},{"damage":0,"enemies":"SI_MIRROR_ARCHETYPE","floor":33,"turns":6},{"damage":0,"enemies":"3 Shapes","floor":36,"turns":7},{"damage":0,"enemies":"Orb Walker","floor":37,"turns":2},{"damage":31,"enemies":"Transient","floor":38,"turns":5},{"damage":10,"enemies":"downfall:FleeingMerchant","floor":39,"turns":4},{"damage":16,"enemies":"Spire Growth","floor":40,"turns":4},{"damage":10,"enemies":"Giant Head","floor":43,"turns":9},{"damage":0,"enemies":"downfall:FleeingMerchant","floor":44,"turns":4},{"damage":0,"enemies":"downfall:LadyInBlue","floor":45,"turns":7},{"damage":0,"enemies":"4 Shapes","floor":46,"turns":2},{"damage":1,"enemies":"Nemesis","floor":48,"turns":5},{"damage":0,"enemies":"Writhing Mass","floor":49,"turns":4},{"damage":32,"enemies":"IC_BLOCK_ARCHETYPE","floor":50,"turns":9},{"damage":0,"enemies":"downfall:CharBossMerchant","floor":52,"turns":6},{"damage":20,"enemies":"downfall:NeowBoss","floor":55,"turns":14},{"damage":48,"enemies":"downfall:NeowBossFinal","floor":56,"turns":11}],"seed_played":"8592303420252099243","potions_obtained":[{"floor":3,"key":"Slimebound:ThreeZeroPotion"},{"floor":6,"key":"SpeedPotion"},{"floor":10,"key":"Dexterity Potion"},{"floor":12,"key":"AttackPotion"},{"floor":14,"key":"Strength Potion"},{"floor":31,"key":"Block Potion"},{"floor":45,"key":"CultistPotion"},{"floor":45,"key":"champ:OpenerPotion"},{"floor":45,"key":"PowerPotion"},{"floor":48,"key":"champ:TechniquePotion"}],"is_trial":false,"path_per_floor":["R","?","M","M","M","E","T","E","R","E","R","E","R","M","M","B",null,"R","M","M","M","?","E","T","R","E","R","M","$","R","E","M","B",null,"R","M","M","M","$","M","T","?","E","?","?","M","R","E","M","B",null,"E","$","R","B","B",null],"character_chosen":"THE_CHAMP","items_purchased":["champ:ShieldWall","Kunai","Bronze Scales","Membership Card","champ:Lariat","champ:TechniquePotion","OrangePellets","Strength Potion"],"campfire_rested":0,"item_purchase_floors":[29,29,29,39,39,44,53,53],"current_hp_per_floor":[99,99,99,99,99,78,78,76,76,75,85,76,76,76,76,65,109,109,109,109,109,87,94,94,94,94,94,94,94,94,94,94,94,121,121,121,121,90,90,84,84,84,84,84,84,84,84,83,83,71,121,121,121,121,121,83],"gold":130,"neow_bonus":"TEN_PERCENT_HP_BONUS","is_daily":false,"chose_seed":false,"campfire_upgraded":10,"win_rate":0.0,"timestamp":1613270482,"path_taken":["R","?","M","M","M","E","T","E","R","E","R","E","R","M","M","BOSS","R","M","M","?","?","E","T","R","E","R","M","?","R","E","M","BOSS","R","M","M","M","$","M","T","?","E","?","?","M","R","E","M","BOSS","E","$","R","BOSS","BOSS"],"items_purchased_type":["Card","Relic","Relic","Relic","Card","Potion","Relic","Potion"],"build_version":"2020-12-22","purchased_purges":4,"victory":true,"max_hp_per_floor":[99,99,99,99,99,99,99,99,99,99,109,109,109,109,109,109,109,109,109,109,109,114,121,121,121,121,121,121,121,121,121,121,121,121,121,121,121,121,121,121,121,121,121,121,121,121,121,121,121,121,121,121,121,121,121,121],"card_choices":[{"not_picked":["champ:FaceSlap","champ:BerserkersShout"],"picked":"champ:TornadoPunch","floor":3},{"not_picked":["champ:EnGarde","champ:TornadoPunch"],"picked":"champ:Endure","floor":4},{"not_picked":["champ:AdrenalArmor","champ:Backstep"],"picked":"champ:ShieldSlam","floor":5},{"not_picked":["champ:BerserkersShout","champ:FocusedBerserking"],"picked":"champ:DefensiveStyle","floor":6},{"not_picked":["champ:AdrenalArmor","champ:Encircle","champ:EnGarde"],"picked":"SKIP","floor":8},{"not_picked":["champ:IgnorePain","champ:Encircle"],"picked":"champ:RageSigil","floor":10},{"not_picked":["champ:StanceDance","champ:EnragedBash"],"picked":"champ:PreemptiveStrike","floor":12},{"not_picked":["champ:StanceDance","champ:BerserkersShout"],"picked":"champ:FocusedDefense","floor":14},{"not_picked":["champ:BerserkersShout","champ:Shatter","champ:AdrenalArmor"],"picked":"SKIP","floor":15},{"not_picked":["champ:EnchantCrown","champ:StrikeOfGenius"],"picked":"champ:HoldFirm","floor":16},{"not_picked":["champ:FocusedBerserking+1","champ:RecklessLeap"],"picked":"champ:SwordSigil","floor":19},{"not_picked":["champ:Shatter","champ:RapidStrikes","champ:FocusedBerserking"],"picked":"SKIP","floor":20},{"not_picked":["champ:BerserkerStyle","champ:FocusedBerserking","champ:BerserkersShout"],"picked":"SKIP","floor":21},{"not_picked":["champ:CalledShot","champ:EnGarde+1"],"picked":"champ:ShieldSigil+1","floor":23},{"not_picked":["champ:RapidStrikes","champ:TornadoPunch"],"picked":"champ:FlashCut","floor":26},{"not_picked":["champ:FancyFootwork","champ:DancingMaster","champ:FocusedDefense"],"picked":"SKIP","floor":28},{"not_picked":["champ:Backstep+1","champ:DefensiveShout"],"picked":"champ:FalseCounter+1","floor":29},{"not_picked":["champ:PreciseThrust","champ:GutPunch","champ:Haymaker+1"],"picked":"SKIP","floor":31},{"not_picked":["champ:TornadoPunch","champ:StanceDance+1","champ:ShieldSigil"],"picked":"SKIP","floor":32},{"not_picked":["champ:Devastate","champ:HeavySlash"],"picked":"champ:EnchantShield","floor":33},{"not_picked":["champ:ArenaPreparation","champ:CrookedStrike+1","champ:GutPunch+1"],"picked":"SKIP","floor":36},{"not_picked":["champ:StanceDance+1","champ:PerfectedStrike"],"picked":"champ:ShieldWall+1","floor":37},{"not_picked":["champ:EnragedBash+1","champ:ShieldSigil","champ:GutPunch+1"],"picked":"SKIP","floor":38},{"not_picked":["champ:EnragedBash","champ:Haymaker+1"],"picked":"champ:DefensiveStyle+1","floor":39},{"not_picked":["champ:CrownThrow","champ:PreciseThrust"],"picked":"champ:FocusedDefense+1","floor":40},{"not_picked":["champ:FlashCut","champ:FaceSlap","champ:Backstep"],"picked":"SKIP","floor":43},{"not_picked":["champ:StanceDance+1","champ:MurderStrike","champ:BringItOn+1"],"picked":"SKIP","floor":44},{"not_picked":["champ:GutPunch+1","champ:StanceDance","champ:FaceSlap+1"],"picked":"SKIP","floor":46},{"not_picked":["champ:GutPunch+1","champ:EndlessRage+1"],"picked":"champ:ShieldWall","floor":48},{"not_picked":["champ:HeartStrike","champ:FocusedDefense+1"],"picked":"champ:SwordSigil+1","floor":49},{"not_picked":["champ:BerserkerStyle","champ:HeartStrike","champ:FanOfKnives+1"],"picked":"SKIP","floor":52}],"player_experience":1114495,"relics_obtained":[{"floor":6,"key":"Torii"},{"floor":8,"key":"Akabeko"},{"floor":10,"key":"bronze:DecasWashers"},{"floor":12,"key":"Guardian:PocketSentry"},{"floor":23,"key":"Strawberry"},{"floor":24,"key":"Ornamental Fan"},{"floor":26,"key":"Old Coin"},{"floor":31,"key":"Ginger"},{"floor":41,"key":"HornCleat"},{"floor":43,"key":"Mercury Hourglass"},{"floor":45,"key":"Potion Belt"},{"floor":48,"key":"Oddly Smooth Stone"},{"floor":52,"key":"Lantern"}],"event_choices":[],"is_beta":false,"boss_relics":[{"not_picked":["Black Star","Pandora\u0027s Box"],"picked":"Philosopher\u0027s Stone"},{"not_picked":["bronze:MakeshiftBattery","Cursed Key"],"picked":"SacredBark"}],"items_purged_floors":[29,39,44,53],"is_endless":false,"potions_floor_spawned":[3,6,10,12,14,31,32,33,38,45,48,49],"ascension_level":3}}