{"host":"FirstDane","time":1613280260,"event":{"mods":["BaseMod","Bestiary","Highlight Path","Minty Spire (QoL Compilation)","Relic Stats","Slay the Relics Exporter"],"gold_per_floor":[109,125,141,152,1,27,27,62,62,42,62,27,62,77,77,150,150,166,177,177,102,113,113,113,13,13,32,62,72,72,91,91,164,164,176,10,10,24,0,29,43,72,120,149,149,182,198,228,228,228,228,228,228,15,48,48],"floor_reached":57,"language":"ENG","playtime":6772,"items_purged":["Strike_G","Well Laid Plans"],"score":3234,"play_id":"3bb60a39-7921-4761-a040-213464acd6e8","local_time":"20210213232420","is_ascension_mode":true,"campfire_choices":[{"data":"Blade Dance","floor":7,"key":"SMITH"},{"data":"Burst","floor":15,"key":"SMITH"},{"data":"Ghostly","floor":23,"key":"SMITH"},{"data":"Bouncing Flask","floor":30,"key":"SMITH"},{"data":"Ghostly","floor":32,"key":"SMITH"},{"floor":49,"key":"RECALL"},{"data":"Bouncing Flask","floor":53,"key":"SMITH"}],"circlet_count":0,"master_deck":["AscendersBane","Strike_G+1","Strike_G+1","Strike_G+1","Defend_G+1","Defend_G+1","Defend_G+1","Defend_G+1","Defend_G+1","Survivor","Neutralize","Quick Slash","Blade Dance+1","Burst+1","Flechettes+1","Flying Knee+1","PiercingWail","Slice","Deflect","Blade Dance","Bouncing Flask+1","Venomology","PiercingWail","Ghostly+1","Ghostly+1","Ghostly","Deadly Poison","Dodge and Roll+1","Malaise","Outmaneuver+1","Corpse Explosion","Footwork+1","Ghostly+1","Terror+1","Bouncing Flask+1","Dash","Malaise","PiercingWail"],"relics":["Ring of the Snake","Bag of Marbles","Ancient Tea Set","Pantograph","Sundial","Paper Crane","Runic Pyramid","Singing Bowl","Whetstone","Cursed Key","DollysMirror","Red Mask","WingedGreaves","Lantern","Ornamental Fan","Strawberry","Bag of Preparation","Bronze Scales","StoneCalendar"],"acts_visited":["Exordium","TheCity","TheBeyond","TheEnding"],"potions_floor_usage":[6,13,16,18,19,22,28,33,35,40,46,46,56,56],"damage_taken":[{"damage":1,"enemies":"2 Louse","floor":1,"turns":3},{"damage":0,"enemies":"Cultist","floor":2,"turns":3},{"damage":2,"enemies":"Jaw Worm","floor":3,"turns":4},{"damage":13,"enemies":"Exordium Thugs","floor":4,"turns":7},{"damage":0,"enemies":"Gremlin Nob","floor":6,"turns":1},{"damage":23,"enemies":"Lagavulin","floor":8,"turns":7},{"damage":0,"enemies":"2 Fungi Beasts","floor":11,"turns":3},{"damage":5,"enemies":"Gremlin Nob","floor":13,"turns":3},{"damage":1,"enemies":"Large Slime","floor":14,"turns":4},{"damage":17,"enemies":"The Guardian","floor":16,"turns":12},{"damage":0,"enemies":"3 Byrds","floor":18,"turns":5},{"damage":4,"enemies":"Shell Parasite","floor":19,"turns":5},{"damage":4,"enemies":"Shelled Parasite and Fungi","floor":22,"turns":8},{"damage":0,"enemies":"Sentry and Sphere","floor":27,"turns":7},{"damage":2,"enemies":"Slavers","floor":28,"turns":9},{"damage":0,"enemies":"Chosen and Byrds","floor":29,"turns":6},{"damage":0,"enemies":"Snecko","floor":31,"turns":1},{"damage":0,"enemies":"Automaton","floor":33,"turns":13},{"damage":0,"enemies":"3 Darklings","floor":35,"turns":6},{"damage":0,"enemies":"Orb Walker","floor":38,"turns":6},{"damage":3,"enemies":"Nemesis","floor":40,"turns":9},{"damage":1,"enemies":"Transient","floor":41,"turns":6},{"damage":2,"enemies":"Reptomancer","floor":42,"turns":7},{"damage":7,"enemies":"Giant Head","floor":44,"turns":11},{"damage":8,"enemies":"Reptomancer","floor":46,"turns":7},{"damage":0,"enemies":"Spire Growth","floor":47,"turns":5},{"damage":0,"enemies":"Nemesis","floor":48,"turns":9},{"damage":0,"enemies":"Time Eater","floor":50,"turns":20},{"damage":7,"enemies":"Donu and Deca","floor":51,"turns":10},{"damage":0,"enemies":"Shield and Spear","floor":55,"turns":7},{"damage":39,"enemies":"The Heart","floor":56,"turns":14}],"seed_played":"-815733685164460919","potions_obtained":[{"floor":2,"key":"AttackPotion"},{"floor":4,"key":"EssenceOfSteel"},{"floor":10,"key":"EssenceOfSteel"},{"floor":11,"key":"AttackPotion"},{"floor":13,"key":"DuplicationPotion"},{"floor":16,"key":"EssenceOfSteel"},{"floor":18,"key":"DuplicationPotion"},{"floor":28,"key":"EntropicBrew"},{"floor":33,"key":"SpeedPotion"},{"floor":46,"key":"PowerPotion"}],"is_trial":false,"path_per_floor":["M","M","M","M","$","E","R","E","T","?","M","?","E","M","R","B",null,"M","M","?","?","M","R","?","$","T","M","E","M","R","M","R","B",null,"M","$","?","M","?","E","M","E","T","E","?","E","M","E","R","B","B",null,"R","$","E","B",null],"character_chosen":"THE_SILENT","items_purchased":["Flying Knee","PiercingWail","DollysMirror","Bronze Scales","PiercingWail"],"campfire_rested":0,"item_purchase_floors":[5,5,36,54,54],"current_hp_per_floor":[58,58,56,43,43,43,43,20,20,20,20,36,31,30,30,38,59,59,55,33,33,29,29,29,29,29,29,29,29,29,29,29,35,35,35,35,33,35,35,34,33,33,33,26,26,25,25,27,27,48,41,46,46,46,48,11],"gold":48,"neow_bonus":"RANDOM_COMMON_RELIC","is_daily":false,"chose_seed":false,"campfire_upgraded":6,"win_rate":0.0,"timestamp":1613280260,"path_taken":["M","M","M","M","$","E","R","E","T","?","?","?","E","M","R","BOSS","M","M","?","?","M","R","?","$","T","M","E","M","R","M","R","BOSS","M","$","?","M","?","E","M","E","T","E","?","E","?","E","R","BOSS","BOSS","R","$","E","BOSS"],"items_purchased_type":["Card","Card","Relic","Relic","Card"],"build_version":"2020-12-18","purchased_purges":2,"victory":true,"max_hp_per_floor":[66,66,66,66,66,66,66,66,66,66,66,66,66,66,66,66,66,66,66,33,33,33,33,33,33,33,33,35,35,35,35,35,35,35,35,35,33,35,35,37,37,39,39,39,39,46,46,48,48,48,48,48,48,48,50,50],"relic_stats":{"Singing Bowl":12,"counters":[31,218],"Sundial":[14],"Ornamental Fan":[96],"Pantograph":54,"Bronze Scales":[222],"StoneCalendar":[52],"Bag of Preparation":[8],"Whetstone":["Flechettes","Flying Knee"],"Cursed Key":1,"obtain_stats":[{"Lantern":42,"Singing Bowl":26,"StoneCalendar":55,"Bag of Preparation":48,"Whetstone":28,"Paper Crane":13,"Ancient Tea Set":6,"Cursed Key":34,"Sundial":9,"DollysMirror":36,"Ornamental Fan":44,"Pantograph":8,"Strawberry":46,"Bronze Scales":54,"WingedGreaves":40,"Bag of Marbles":0,"Red Mask":39,"Ring of the Snake":0,"Runic Pyramid":17},{"Lantern":23,"Singing Bowl":13,"StoneCalendar":30,"Bag of Preparation":27,"Whetstone":15,"Paper Crane":8,"Ancient Tea Set":5,"Cursed Key":18,"Sundial":6,"DollysMirror":19,"Ornamental Fan":24,"Pantograph":6,"Strawberry":25,"Bronze Scales":29,"WingedGreaves":21,"Bag of Marbles":0,"Red Mask":20,"Ring of the Snake":0,"Runic Pyramid":10},{"Lantern":135,"Singing Bowl":65,"StoneCalendar":204,"Bag of Preparation":167,"Whetstone":81,"Paper Crane":31,"Ancient Tea Set":18,"Cursed Key":101,"Sundial":25,"DollysMirror":107,"Ornamental Fan":146,"Pantograph":25,"Strawberry":153,"Bronze Scales":197,"WingedGreaves":122,"Bag of Marbles":0,"Red Mask":113,"Ring of the Snake":0,"Runic Pyramid":47}],"Ring of the Snake":[62]},"card_choices":[{"not_picked":["Calculated Gamble","Deflect"],"picked":"Quick Slash","floor":1},{"not_picked":["Flying Knee","Dagger Spray"],"picked":"Blade Dance","floor":2},{"not_picked":["Sucker Punch","Flying Knee"],"picked":"Burst","floor":3},{"not_picked":["Underhanded Strike","Infinite Blades"],"picked":"Flechettes","floor":4},{"not_picked":["Bane","Dagger Throw"],"picked":"Slice","floor":6},{"not_picked":["Choke","Poisoned Stab"],"picked":"Deflect","floor":8},{"not_picked":["Sucker Punch","PiercingWail"],"picked":"Well Laid Plans","floor":11},{"not_picked":["Flechettes","Sucker Punch"],"picked":"Blade Dance","floor":13},{"not_picked":["Slice","Deflect"],"picked":"Bouncing Flask","floor":14},{"not_picked":["Unload","A Thousand Cuts"],"picked":"Venomology","floor":16},{"not_picked":["Dagger Throw","Dodge and Roll","Poisoned Stab"],"picked":"SKIP","floor":18},{"not_picked":["Blade Dance","Endless Agony"],"picked":"PiercingWail","floor":19},{"not_picked":["Riddle With Holes+1","Dagger Spray"],"picked":"Deadly Poison","floor":22},{"not_picked":["Flying Knee","Calculated Gamble"],"picked":"Dodge and Roll+1","floor":27},{"not_picked":["Acrobatics","Deflect","Setup"],"picked":"Singing Bowl","floor":28},{"not_picked":["Endless Agony","Well Laid Plans"],"picked":"Malaise","floor":29},{"not_picked":["Slice","Flying Knee"],"picked":"Outmaneuver+1","floor":31},{"not_picked":["Storm of Steel","Doppelganger"],"picked":"Corpse Explosion","floor":33},{"not_picked":["Flying Knee","Skewer"],"picked":"Footwork+1","floor":35},{"not_picked":["Bane","Outmaneuver","Slice"],"picked":"Singing Bowl","floor":38},{"not_picked":["Choke","PiercingWail","Backstab+1"],"picked":"Singing Bowl","floor":40},{"not_picked":["Deflect","Poisoned Stab"],"picked":"Terror+1","floor":41},{"not_picked":["Deflect+1","Choke","Outmaneuver"],"picked":"Singing Bowl","floor":42},{"not_picked":["Expertise","PiercingWail+1"],"picked":"Bouncing Flask","floor":44},{"not_picked":["Prepared","Well Laid Plans+1"],"picked":"Dash","floor":46},{"not_picked":["Expertise","Concentrate"],"picked":"Malaise","floor":47},{"not_picked":["Doppelganger","Underhanded Strike","Dagger Throw+1"],"picked":"Singing Bowl","floor":48},{"not_picked":["Sucker Punch","Setup","Deflect"],"picked":"Singing Bowl","floor":55}],"player_experience":4130785,"relics_obtained":[{"floor":6,"key":"Ancient Tea Set"},{"floor":8,"key":"Pantograph"},{"floor":9,"key":"Sundial"},{"floor":13,"key":"Paper Crane"},{"floor":26,"key":"Singing Bowl"},{"floor":28,"key":"Whetstone"},{"floor":40,"key":"WingedGreaves"},{"floor":42,"key":"Lantern"},{"floor":44,"key":"Ornamental Fan"},{"floor":46,"key":"Strawberry"},{"floor":48,"key":"Bag of Preparation"},{"floor":55,"key":"StoneCalendar"}],"event_choices":[{"damage_healed":0,"gold_gain":0,"player_choice":"Bought 1 Potion","damage_taken":0,"max_hp_gain":0,"max_hp_loss":0,"event_name":"The Woman in Blue","floor":10,"gold_loss":0},{"damage_healed":16,"gold_gain":0,"player_choice":"Healed","damage_taken":0,"max_hp_gain":0,"max_hp_loss":0,"event_name":"The Cleric","floor":12,"gold_loss":35},{"damage_healed":0,"gold_gain":0,"player_choice":"Became a Ghost","damage_taken":0,"max_hp_gain":0,"max_hp_loss":33,"event_name":"Ghosts","floor":20,"gold_loss":0,"cards_obtained":["Ghostly","Ghostly","Ghostly"]},{"cards_removed":["Strike_G"],"damage_healed":0,"gold_gain":0,"player_choice":"Gave Gold","damage_taken":0,"max_hp_gain":0,"max_hp_loss":0,"event_name":"Beggar","floor":21,"gold_loss":75},{"damage_healed":0,"gold_gain":0,"player_choice":"Simplicity","damage_taken":0,"max_hp_gain":0,"max_hp_loss":0,"event_name":"Back to Basics","floor":24,"gold_loss":0,"cards_upgraded":["Strike_G","Strike_G","Strike_G","Defend_G","Defend_G","Defend_G","Defend_G","Defend_G"]},{"damage_healed":0,"gold_gain":0,"player_choice":"Max HP","damage_taken":0,"max_hp_gain":0,"max_hp_loss":2,"event_name":"Winding Halls","floor":37,"gold_loss":0},{"damage_healed":0,"gold_gain":0,"player_choice":"Paid","damage_taken":0,"relics_obtained":["Red Mask"],"max_hp_gain":0,"max_hp_loss":0,"event_name":"Tomb of Lord Red Mask","floor":39,"gold_loss":24},{"cards_removed":["Pain"],"damage_healed":0,"gold_gain":0,"player_choice":"Removed Curses","damage_taken":0,"max_hp_gain":0,"max_hp_loss":0,"event_name":"Fountain of Cleansing","floor":45,"gold_loss":0}],"is_beta":true,"boss_relics":[{"not_picked":["SlaversCollar","Astrolabe"],"picked":"Runic Pyramid"},{"not_picked":["Velvet Choker","SacredBark"],"picked":"Cursed Key"}],"items_purged_floors":[5,25],"is_endless":false,"potions_floor_spawned":[2,4,11,13,16,18,27,28,29,33,40,42,44,46,47,55],"ascension_level":20}}