{"host":"ix2a18c4ohfsrslv","time":1613265925,"event":{"mods":["BaseMod","Downfall","Hubris","Minty Spire (QoL Compilation)","Relic Stats","Reliquary","Shade Mod","StSLib"],"gold_per_floor":[110,128,203,203,76,76,102,102,125,153,165,177,209,239,251,368,380,412,115,115,128,140,173,173,173,173,173,203,214,214,230,230,335,335,355,13,61,0,0,0,13,47,70,70,70,70,90,115,115,115,115],"floor_reached":50,"language":"ENG","playtime":2866,"items_purged":["Shade:Defend_Shade","Shade:Strike_Shade","Shade:Strike_Shade"],"score":611,"play_id":"d424add0-a397-467b-8151-2ce74ff9f23b","local_time":"20210213172525","is_ascension_mode":false,"campfire_choices":[{"data":"Shade:AncientSpear","floor":6,"key":"SMITH"},{"data":"Shade:AuraOfUnlife","floor":8,"key":"SMITH"},{"data":"Shade:UnbarTheGrave","floor":15,"key":"SMITH"},{"data":"Shade:Putrefaction","floor":24,"key":"SMITH"},{"floor":27,"key":"REST"},{"data":"Shade:FreshBones","floor":30,"key":"SMITH"},{"data":"Shade:SensePrey","floor":32,"key":"SMITH"},{"floor":40,"key":"REST"},{"floor":44,"key":"RECALL"},{"floor":49,"key":"REST"}],"circlet_count":0,"master_deck":["Shade:Strike_Shade+1","Shade:Strike_Shade","Shade:Defend_Shade+1","Shade:Defend_Shade","Shade:Defend_Shade","Shade:AnimateDead","Shade:CarefulCut","Shade:AncientSpear+1","Shade:Frenzy","Shade:ExtraLimbs","Shade:AuraOfUnlife+1","Shade:SensePrey+1","Shade:UnbarTheGrave+1","Shade:FreshBones+1","Shade:Putrefaction+1","Shade:FuneraryJewels","Shade:LyeBath","Shade:CloudOfShrapnel","Shade:StitchTogether+1","Shade:LichForm","Shade:SanguineRitual","Shade:OpenGraves+1","Shade:CoffinDance+1","hubris:DuctTapeCard","Shade:AuraOfUnlife","hubris:NaturalOne"],"relics":["Shade:YorickSkull","NeowsBlessing","reliquary:PurpleTingedLeaf","MawBank","Pantograph","Black Star","Gremlin Horn","Happy Flower","hubris:Towel","Bottled Tornado","Lantern","Potion Belt","Busted Crown","reliquary:BrokenClock","Lizard Tail","Red Mask","hubris:DuctTape","PreservedInsect","Strawberry","hubris:Icosahedron","Shuriken","Omamori"],"acts_visited":["Exordium","TheCity","TheBeyond"],"potions_floor_usage":[16,22,22,23,29,31,33,42,42,42,50],"damage_taken":[{"damage":0,"enemies":"Small Slimes","floor":1,"turns":1},{"damage":0,"enemies":"2 Louse","floor":2,"turns":1},{"damage":0,"enemies":"3 Sentries","floor":7,"turns":2},{"damage":0,"enemies":"Jaw Worm","floor":10,"turns":2},{"damage":0,"enemies":"Blue Slaver","floor":13,"turns":2},{"damage":0,"enemies":"2 Fungi Beasts","floor":14,"turns":4},{"damage":0,"enemies":"Slime Boss","floor":16,"turns":4},{"damage":10,"enemies":"Chosen","floor":18,"turns":5},{"damage":2,"enemies":"Shell Parasite","floor":21,"turns":4},{"damage":7,"enemies":"Shelled Parasite and Fungi","floor":22,"turns":4},{"damage":13,"enemies":"Slavers","floor":23,"turns":4},{"damage":20,"enemies":"Book of Stabbing","floor":28,"turns":5},{"damage":0,"enemies":"Centurion and Healer","floor":29,"turns":4},{"damage":0,"enemies":"Chosen and Byrds","floor":31,"turns":3},{"damage":17,"enemies":"Collector","floor":33,"turns":8},{"damage":23,"enemies":"3 Darklings","floor":35,"turns":4},{"damage":62,"enemies":"2 Orb Walkers","floor":37,"turns":4},{"damage":21,"enemies":"Orb Walker","floor":41,"turns":3},{"damage":43,"enemies":"Reptomancer","floor":42,"turns":4},{"damage":6,"enemies":"3 Darklings","floor":47,"turns":2},{"damage":31,"enemies":"Giant Head","floor":48,"turns":7},{"damage":29,"enemies":"hubris:GrandSnecko","floor":50,"turns":11}],"seed_played":"6699405621187924953","potions_obtained":[{"floor":2,"key":"AttackPotion"},{"floor":14,"key":"DistilledChaos"},{"floor":22,"key":"DuplicationPotion"},{"floor":28,"key":"ColorlessPotion"},{"floor":29,"key":"SpeedPotion"},{"floor":31,"key":"Energy Potion"},{"floor":33,"key":"hexamod:SoulburnPotion"},{"floor":35,"key":"FairyPotion"},{"floor":41,"key":"LiquidBronze"},{"floor":48,"key":"Dexterity Potion"}],"is_trial":false,"path_per_floor":["M","M","?","?","$","R","E","R","T","M","T","$","M","M","R","B",null,"M","$","?","M","M","E","R","?","T","R","E","M","R","M","R","B",null,"M","$","?","?","$","R","M","E","T","R","T","?","M","E","R","B"],"character_chosen":"SHADE","items_purchased":["Shade:ExtraLimbs","Shade:CommandSoldier","Energy Potion","LiquidBronze","Shade:FuneraryJewels","reliquary:BrokenClock","Shade:SanguineRitual"],"campfire_rested":3,"item_purchase_floors":[5,19,19,19,19,36,36],"current_hp_per_floor":[65,65,54,41,41,41,41,41,41,42,42,42,43,43,43,65,65,56,56,56,54,48,35,35,35,35,54,35,37,37,37,37,57,65,43,43,19,19,19,38,18,32,39,39,39,39,33,3,24,20,20],"gold":115,"neow_bonus":"THREE_ENEMY_KILL","is_daily":false,"chose_seed":false,"campfire_upgraded":6,"win_rate":0.0,"timestamp":1613265925,"path_taken":["M","M","?","?","$","R","E","R","T","M","?","?","?","M","R","BOSS","M","$","?","M","M","E","R","?","T","R","E","M","R","M","R","BOSS","M","$","?","?","$","R","M","E","T","R","?","?","M","E","R","BOSS"],"items_purchased_type":["Card","Card","Potion","Potion","Card","Relic","Card"],"build_version":"2020-12-22","purchased_purges":3,"victory":false,"max_hp_per_floor":[65,65,65,65,65,65,65,65,65,65,65,65,65,65,65,65,65,65,65,65,65,65,65,65,65,65,65,65,65,65,65,65,65,65,65,65,65,65,65,65,65,65,72,72,72,72,72,72,72,72,72],"relic_stats":{"Lizard Tail":32,"Busted Crown":42,"Gremlin Horn":[10,10],"Happy Flower":[18],"counters":[22,87],"Shuriken":[1],"Pantograph":72,"PreservedInsect":125,"Black Star":4,"MawBank":120,"obtain_stats":[{"Potion Belt":28,"Lantern":28,"NeowsBlessing":0,"Gremlin Horn":23,"Happy Flower":23,"hubris:DuctTape":42,"Shade:YorickSkull":0,"PreservedInsect":42,"Omamori":48,"hubris:Towel":25,"Bottled Tornado":26,"MawBank":9,"Lizard Tail":37,"Busted Crown":34,"hubris:Icosahedron":46,"Shuriken":48,"Pantograph":11,"Strawberry":43,"Black Star":17,"reliquary:BrokenClock":36,"Red Mask":38,"reliquary:PurpleTingedLeaf":7},{"Potion Belt":12,"Lantern":12,"NeowsBlessing":0,"Gremlin Horn":11,"Happy Flower":11,"hubris:DuctTape":19,"Shade:YorickSkull":0,"PreservedInsect":19,"Omamori":21,"hubris:Towel":11,"Bottled Tornado":11,"MawBank":3,"Lizard Tail":17,"Busted Crown":15,"hubris:Icosahedron":19,"Shuriken":21,"Pantograph":4,"Strawberry":19,"Black Star":7,"reliquary:BrokenClock":16,"Red Mask":17,"reliquary:PurpleTingedLeaf":3},{"Potion Belt":38,"Lantern":38,"NeowsBlessing":0,"Gremlin Horn":33,"Happy Flower":33,"hubris:DuctTape":68,"Shade:YorickSkull":0,"PreservedInsect":68,"Omamori":77,"hubris:Towel":33,"Bottled Tornado":33,"MawBank":4,"Lizard Tail":61,"Busted Crown":53,"hubris:Icosahedron":68,"Shuriken":77,"Pantograph":6,"Strawberry":68,"Black Star":16,"reliquary:BrokenClock":57,"Red Mask":61,"reliquary:PurpleTingedLeaf":4}]},"card_choices":[{"not_picked":["Shade:ExtraLimbs","Shade:AblativeArmor"],"picked":"Shade:AncientSpear","floor":1},{"not_picked":["Shade:Trample","Shade:Doomsay"],"picked":"Shade:Frenzy","floor":2},{"not_picked":["Shade:FleshLikeOak","Shade:FreshBones"],"picked":"Shade:AuraOfUnlife","floor":7},{"not_picked":["Shade:Carnophage","Shade:SoulToxin"],"picked":"Shade:SensePrey","floor":10},{"not_picked":["Shade:SkeletonArmy","Shade:Asphyxiate"],"picked":"Shade:UnbarTheGrave","floor":13},{"not_picked":["Shade:FleshLikeOak","Shade:Excise"],"picked":"Shade:FreshBones","floor":14},{"not_picked":["Shade:SoulPierce","Shade:OfferingToTheBeyond"],"picked":"Shade:Putrefaction","floor":16},{"not_picked":["Shade:BoneShards","Shade:AncientSpear+1"],"picked":"Shade:FleshToFlesh","floor":18},{"not_picked":["Shade:Bonestorm","Shade:PressTheAttack","Shade:ClawBack"],"picked":"SKIP","floor":21},{"not_picked":["Shade:LoseControl","Shade:WallOfFlesh","Shade:AncientSpear"],"picked":"SKIP","floor":22},{"not_picked":["Shade:BoneShards+1","Shade:ExtraLimbs"],"picked":"Shade:CloudOfShrapnel","floor":23},{"not_picked":["Shade:CoffinDance","Shade:PressTheAttack","Shade:ExtraLimbs"],"picked":"SKIP","floor":28},{"not_picked":["Shade:CommandSoldier","Shade:FingerOfDeath"],"picked":"Shade:StitchTogether+1","floor":29},{"not_picked":["Shade:CoffinDance+1","Shade:PoundOfFlesh","Shade:Excise+1"],"picked":"SKIP","floor":31},{"not_picked":["Shade:Consume","Shade:SoulPierce"],"picked":"Shade:LichForm","floor":33},{"not_picked":["Shade:Bonestorm"],"picked":"SKIP","floor":35},{"not_picked":[],"picked":"Shade:OpenGraves+1","floor":37},{"not_picked":[],"picked":"Shade:CoffinDance+1","floor":41},{"not_picked":["Shade:DangerousRitual"],"picked":"SKIP","floor":42},{"not_picked":[],"picked":"Shade:AuraOfUnlife","floor":47},{"not_picked":["Shade:FleshOffering"],"picked":"SKIP","floor":48}],"player_experience":186998,"relics_obtained":[{"floor":7,"key":"reliquary:PurpleTingedLeaf"},{"floor":9,"key":"MawBank"},{"floor":11,"key":"Pantograph"},{"floor":23,"key":"Gremlin Horn"},{"floor":23,"key":"Happy Flower"},{"floor":26,"key":"Bottled Tornado"},{"floor":28,"key":"Lantern"},{"floor":28,"key":"Potion Belt"},{"floor":37,"key":"Lizard Tail"},{"floor":42,"key":"hubris:DuctTape"},{"floor":42,"key":"PreservedInsect"},{"floor":43,"key":"Strawberry"},{"floor":48,"key":"Shuriken"},{"floor":48,"key":"Omamori"}],"event_choices":[{"damage_healed":0,"gold_gain":75,"player_choice":"Gather Gold","damage_taken":11,"max_hp_gain":0,"max_hp_loss":0,"event_name":"World of Goop","floor":3,"gold_loss":0},{"damage_healed":0,"gold_gain":0,"player_choice":"Entered Light","damage_taken":13,"max_hp_gain":0,"max_hp_loss":0,"event_name":"Shining Light","floor":4,"gold_loss":0,"cards_upgraded":["Shade:Strike_Shade","Shade:Defend_Shade"]},{"damage_healed":0,"gold_gain":0,"player_choice":"Read","damage_taken":0,"max_hp_gain":0,"max_hp_loss":0,"event_name":"The Library","floor":20,"gold_loss":0,"cards_obtained":["Shade:LyeBath"]},{"damage_healed":0,"gold_gain":0,"player_choice":"Fight","damage_taken":0,"max_hp_gain":0,"max_hp_loss":0,"event_name":"Mysterious Sphere","floor":37,"gold_loss":0},{"damage_healed":0,"gold_gain":0,"player_choice":"Paid","damage_taken":0,"relics_obtained":["Red Mask"],"max_hp_gain":0,"max_hp_loss":0,"event_name":"Tomb of Lord Red Mask","floor":38,"gold_loss":61}],"is_beta":false,"boss_relics":[{"not_picked":["Philosopher\u0027s Stone","Sozu"],"picked":"Black Star"},{"not_picked":["hubris:Stopwatch","reliquary:RedPaperclip"],"picked":"Busted Crown"}],"items_purged_floors":[5,19,36],"is_endless":false,"potions_floor_spawned":[2,14,22,28,29,31,33,35,41,48],"killed_by":"hubris:GrandSnecko","ascension_level":0}}