{"host":"8t5dkgm85abdp22d","time":1613310972,"event":{"mods":["Act Like it!","BaseMod","Colored Powertips","Gensokyo","Hallownest","Luminous","Marisa£®ÏF”Í°°ƒß¿Ì…≥£©","Minty Spire (QoL Compilation)","Prisma Mod","Reimu£®≤©¿ˆ¡È√Œ£©","Reliquary","Ryuuou¡˙Õı","SIMod","StSLib","The Bug Knight","TheWitcher","UnlockEverythingMod","Waifu the Spire","Yakumo Yukari mod","°æ“≈ŒÔø®≈∆°øREMEMod","≤–¡Ù÷ÆŒÔ"],"gold_per_floor":[17,17,17,17,33,33,49,365,365,365,398,398,410,481,481,583,583,594,594,1090,1090,1110,1110,1110],"floor_reached":23,"language":"ZHS","playtime":813,"items_purged":[],"score":241,"play_id":"f5bfe506-a280-40c6-b284-8f825e440933","local_time":"20210214215612","is_ascension_mode":false,"campfire_choices":[{"data":"MilkyWay","floor":6,"key":"SMITH"},{"data":"FairyDestructionRay","floor":10,"key":"SMITH"},{"data":"MasterSpark","floor":12,"key":"SMITH"},{"floor":15,"key":"REST"}],"circlet_count":0,"master_deck":["Strike_MRS","Strike_MRS","Strike_MRS","Defend_MRS","Defend_MRS","Defend_MRS","MasterSpark+1","UpSweep","FairyDestructionRay+1","MilkyWay+1","ManaConvection","EarthLightRay","MagicChant"],"relics":["MiniHakkero","REME_ComplimentaryCards","Gensokyo:OccultBall","Strawberry","Mango","HollowMod:PaleOreRelic","White Beast Statue","Sozu","Gensokyo:RedStar"],"acts_visited":["Exordium","Gensokyo:Gensokyo"],"potions_floor_usage":[22,23],"damage_taken":[{"damage":4,"enemies":"Gensokyo:2_Kodama","floor":1,"turns":3},{"damage":0,"enemies":"Gensokyo:3_Fairies","floor":5,"turns":3},{"damage":3,"enemies":"Gensokyo:Gryphon","floor":7,"turns":2},{"damage":39,"enemies":"Gensokyo:Kitsune","floor":8,"turns":3},{"damage":17,"enemies":"Gensokyo:Mamizou","floor":11,"turns":8},{"damage":7,"enemies":"Gensokyo:Gryphon_and_Rabbit","floor":13,"turns":3},{"damage":12,"enemies":"Gensokyo:Kokoro","floor":16,"turns":10},{"damage":0,"enemies":"Gensokyo:2_Gloops","floor":18,"turns":3},{"damage":51,"enemies":"Gensokyo:CosmicMonolith","floor":20,"turns":3},{"damage":10,"enemies":"Gensokyo:Slime_Group","floor":22,"turns":2},{"damage":56,"enemies":"Gensokyo:Tenshi","floor":23,"turns":4}],"seed_played":"4372515302817105059","potions_obtained":[{"floor":5,"key":"Fire Potion"},{"floor":11,"key":"Strength Potion"},{"floor":13,"key":"PowerPotion"}],"is_trial":false,"path_per_floor":["M","?","?","?","M","R","M","M","T","R","E","R","M","T","R","B",null,"M","?","M","?","M","E"],"character_chosen":"MARISA","items_purchased":[],"campfire_rested":1,"item_purchase_floors":[],"current_hp_per_floor":[75,75,72,64,64,64,61,22,36,36,23,23,20,20,48,40,96,96,96,49,49,43,0,0],"gold":1110,"neow_bonus":"REMOVE_TWO","is_daily":false,"chose_seed":false,"campfire_upgraded":3,"win_rate":0.0,"timestamp":1613310972,"path_taken":["M","?","?","?","M","R","M","M","T","R","E","R","?","?","R","BOSS","M","?","M","?","M","E"],"items_purchased_type":[],"build_version":"2020-12-22","purchased_purges":0,"victory":false,"max_hp_per_floor":[75,75,82,82,82,82,82,82,96,96,96,96,96,96,96,96,96,96,96,96,96,96,96,96],"card_choices":[{"not_picked":["AsteroidBelt","OneTimeOff"],"picked":"FairyDestructionRay","floor":1},{"not_picked":["DoubleSpark","DeepEcoloBomb"],"picked":"MilkyWay","floor":5},{"not_picked":["NonDirectionalLaser","6A"],"picked":"ManaConvection","floor":7},{"not_picked":["DarkSpark","WitchOfGreed"],"picked":"EarthLightRay","floor":8},{"not_picked":["IllusionStar","MaximisePower","NonDirectionalLaser"],"picked":"SKIP","floor":11},{"not_picked":["DeepEcoloBomb","SuperPerseids"],"picked":"MagicChant","floor":13},{"not_picked":["ChargingUp","OpenUniverse","RefractionSpark"],"picked":"SKIP","floor":18},{"not_picked":["GrandCross","GalacticHalo+1","LuminesStrike"],"picked":"SKIP","floor":20},{"not_picked":["MachineGunSpark","AlicesGift","LuminesStrike+1"],"picked":"SKIP","floor":22}],"player_experience":109785,"relics_obtained":[{"floor":9,"key":"Mango"},{"floor":11,"key":"HollowMod:PaleOreRelic"},{"floor":14,"key":"White Beast Statue"},{"floor":16,"key":"Gensokyo:OccultBall"}],"event_choices":[],"is_beta":false,"boss_relics":[{"not_picked":["Runic Dome","Snecko Eye"],"picked":"Sozu"}],"items_purged_floors":[],"is_endless":false,"potions_floor_spawned":[5,11,13,16,18,20,22],"killed_by":"Gensokyo:Tenshi","ascension_level":0}}