{"host":"bp3tm7tvk8nf4kb2","time":1613274468,"event":{"mods":["2.2 Compatiblity","AchievementEnabler","BaseMod","Bestiary","Better Match","Better Third Choice","BetterRewards","Colored Map","Colored Powertips","Curses Come First","DeckTracker","Downfall","Duelist Mod","Friendly Minions","Googly Eyes","Halation","Highlight Path","Marisa????????","Minty Spire (QoL Compilation)","Morshu Shopkeeper - ENHANCED","Permanent Neow","Quick Restart","Rare Cards Sparkle","Reorder Act Four","Replay The Spire","Shop Mod","Spicy Shops","StSLib","The Animator","TheBandit","Waifu the Spire","Wide Potions","everything is the same but u backflip on backflip"],"gold_per_floor":[365,440,454,76,76,88,114,131,131,306,15,32,32,32,32,93,93,93,93],"floor_reached":18,"language":"ENG","playtime":790,"items_purged":["Defend_B","Normality"],"score":110,"play_id":"62cf8411-38ce-4629-b35c-93f2973ed7c3","local_time":"20210213194748","is_ascension_mode":false,"campfire_choices":[{"floor":13,"key":"REST"},{"floor":17,"key":"DIG"}],"circlet_count":0,"master_deck":["Strike_B","Strike_B","Strike_B","Defend_B","Defend_B","Defend_B","Zap","Dualcast","Defend_G","animator:Strike_NoGameNoLife","Compile Driver","ReplayTheSpireMod:Calculation Training","Biased Cognition","Biased Cognition","Tempest","Tempest","Doubt","ReplayTheSpireMod:Brewmster","Discovery","Madness","Thunder Strike","Beam Cell"],"relics":["Cracked Core","Bronze Scales","halation:Thesaurus","halation:NonexistentMirror","Chameleon Ring","Bottled Flame","ReplayTheSpireMod:ShopPack","Juzu Bracelet","Replay:Ringing Soul","halation:TwoAmDonut"],"acts_visited":[],"potions_floor_usage":[7,8,12,16,16,16],"damage_taken":[{"damage":6.0,"enemies":"Jaw Worm","floor":1.0,"turns":3.0},{"damage":1.0,"enemies":"2 Louse","floor":3.0,"turns":2.0},{"damage":8,"enemies":"Small Slimes","floor":6,"turns":2},{"damage":33,"enemies":"Lagavulin","floor":7,"turns":5},{"damage":0,"enemies":"3 Louse","floor":8,"turns":1},{"damage":10,"enemies":"Exordium Wildlife","floor":12,"turns":2},{"damage":0,"enemies":"Lagavulin Event","floor":16,"turns":3},{"damage":35,"enemies":"Slime Boss","floor":18,"turns":3}],"seed_played":"-3027137035426044024","potions_obtained":[{"floor":1.0,"key":"LifebloodPotion"},{"floor":7,"key":"Fire Potion"},{"floor":12,"key":"FocusPotion"}],"is_trial":false,"path_per_floor":["M","?","M","$","?","M","E","M","T","?","$","M","R","PTL","PTL","?","R_BF","B"],"character_chosen":"DEFECT","items_purchased":["BargainBundle","Bronze Scales","Explosive Potion","Death Potion","halation:Thesaurus","ReplayTheSpireMod:ShopPack","Juzu Bracelet","Venom Potion"],"campfire_rested":1,"item_purchase_floors":[4,4,4,4,4,11,11,11],"current_hp_per_floor":[69,58,57,57,57,49,16,16,16,16,16,6,28,28,28,31,31,0,0],"gold":93,"neow_bonus":"TWO_FIFTY_GOLD","is_daily":false,"chose_seed":false,"campfire_upgraded":0,"win_rate":0.0,"timestamp":1613274468,"path_taken":["M","?","M","$","?","M","E","M","T","?","?","M","R","PTL","PTL","?","R_BF","BOSS"],"items_purchased_type":["Relic","Relic","Potion","Potion","Relic","Relic","Relic","Potion"],"build_version":"2020-12-22","purchased_purges":2,"victory":false,"max_hp_per_floor":[75,75,75,75,75,75,75,75,75,75,75,75,75,75,75,78,78,78,78],"card_choices":[{"not_picked":["Cold Snap","Coolheaded"],"picked":"Compile Driver","floor":1.0},{"not_picked":["Heatsinks","Streamline"],"picked":"ReplayTheSpireMod:Calculation Training","floor":3.0},{"not_picked":["Coolheaded","Blizzard","Go for the Eyes"],"picked":"SKIP","floor":6},{"not_picked":["FIFO Queue","Reinforced Body"],"picked":"Biased Cognition","floor":7},{"not_picked":["Go for the Eyes","Leap"],"picked":"Tempest","floor":8},{"not_picked":["The Bomb","Sadistic Nature"],"picked":"ReplayTheSpireMod:Brewmster","floor":11},{"not_picked":["PanicButton","Replay:Sssssssssshield"],"picked":"Discovery","floor":11},{"not_picked":["Flash of Steel","Trip"],"picked":"Madness","floor":11},{"not_picked":["Barrage","Stack"],"picked":"Thunder Strike","floor":12},{"not_picked":["Leap","Doom and Gloom"],"picked":"Beam Cell","floor":16}],"player_experience":44500,"relics_obtained":[{"floor":7,"key":"Chameleon Ring"},{"floor":9,"key":"Bottled Flame"},{"floor":16,"key":"Replay:Ringing Soul"},{"floor":17,"key":"halation:TwoAmDonut"}],"event_choices":[{"damage_healed":0.0,"max_hp_gain":0.0,"max_hp_loss":0.0,"gold_gain":75.0,"event_name":"betterThird:BetterGoop","player_choice":"Gold","floor":2.0,"gold_loss":0.0,"damage_taken":11.0},{"damage_healed":0,"gold_gain":175,"player_choice":"AGREE","damage_taken":131,"max_hp_gain":0,"max_hp_loss":0,"event_name":"betterThird:BetterSerpent","floor":10,"gold_loss":0},{"damage_healed":0,"gold_gain":0,"player_choice":"Searched \u00271\u0027 times","damage_taken":0,"max_hp_gain":0,"max_hp_loss":0,"event_name":"Dead Adventurer","floor":16,"gold_loss":0}],"is_beta":false,"boss_relics":[],"items_purged_floors":[4,4],"is_endless":false,"potions_floor_spawned":[1,6,7,12],"killed_by":"Slime Boss","ascension_level":0}}