{"host":"bsgp9wgausrmthh2","time":1613317806,"event":{"mods":["AchievementEnabler","BaseMod","Colored Map","Minty Spire (QoL Compilation)","StSLib"],"gold_per_floor":[109,109,128,142,156,184,184,201,201,224,240,240,240,250,250,345,345,359,377,377,377,377],"floor_reached":21,"language":"ENG","playtime":1173,"items_purged":[],"score":233,"play_id":"2b94f102-6aac-4a8d-a19d-96feb3e99337","local_time":"20210214105006","is_ascension_mode":false,"campfire_choices":[{"floor":7,"key":"RECALL"},{"data":"Crescendo","floor":12,"key":"SMITH"},{"floor":15,"key":"REST"}],"circlet_count":0,"master_deck":["Strike_P","Strike_P","Strike_P","Defend_P","Defend_P","Defend_P","Defend_P","Eruption+1","Vigilance","CrushJoints+1","Wallop+1","Crescendo+1","SashWhip","CutThroughFate","CutThroughFate","FollowUp","Blasphemy","Devotion","FollowUp","LikeWater+1"],"relics":["PureWater","PreservedInsect","Nunchaku","Philosopher\u0027s Stone"],"acts_visited":["Exordium","TheCity"],"potions_floor_usage":[],"damage_taken":[{"damage":0,"enemies":"2 Louse","floor":1,"turns":2},{"damage":0,"enemies":"Cultist","floor":3,"turns":3},{"damage":0,"enemies":"Jaw Worm","floor":4,"turns":2},{"damage":22,"enemies":"2 Fungi Beasts","floor":5,"turns":3},{"damage":12,"enemies":"Gremlin Nob","floor":6,"turns":3},{"damage":8,"enemies":"Gremlin Gang","floor":8,"turns":4},{"damage":0,"enemies":"Looter","floor":11,"turns":2},{"damage":3,"enemies":"Large Slime","floor":14,"turns":4},{"damage":0,"enemies":"Slime Boss","floor":16,"turns":6},{"damage":3,"enemies":"Chosen","floor":18,"turns":3},{"damage":61,"enemies":"3 Byrds","floor":19,"turns":5},{"damage":9,"enemies":"Shelled Parasite and Fungi","floor":21,"turns":1}],"seed_played":"1303485728986071658","potions_obtained":[{"floor":1,"key":"ColorlessPotion"},{"floor":3,"key":"Dexterity Potion"},{"floor":4,"key":"ColorlessPotion"},{"floor":11,"key":"Explosive Potion"}],"is_trial":false,"path_per_floor":["M","?","M","M","M","E","R","M","T","T","M","R","?","M","R","B",null,"M","M","?","M"],"character_chosen":"WATCHER","items_purchased":[],"campfire_rested":1,"item_purchase_floors":[],"current_hp_per_floor":[72,72,72,72,50,38,38,30,30,30,30,30,30,27,48,48,72,69,8,8,0,0],"gold":377,"neow_bonus":"UPGRADE_CARD","is_daily":false,"chose_seed":false,"campfire_upgraded":1,"win_rate":0.0,"timestamp":1613317806,"path_taken":["M","?","M","M","?","E","R","M","T","?","M","R","?","M","R","BOSS","M","M","?","?"],"items_purchased_type":[],"build_version":"2020-12-22","purchased_purges":0,"victory":false,"max_hp_per_floor":[72,72,72,72,72,72,72,72,72,72,72,72,72,72,72,72,72,72,72,72,72,72],"card_choices":[{"not_picked":["Evaluate","ThirdEye"],"picked":"CrushJoints","floor":1},{"not_picked":["Study","Prostrate"],"picked":"Wallop","floor":3},{"not_picked":["CrushJoints","EmptyFist"],"picked":"Crescendo","floor":4},{"not_picked":["Conclude","Prostrate"],"picked":"SashWhip","floor":5},{"not_picked":["Evaluate","Fasting2"],"picked":"CutThroughFate","floor":6},{"not_picked":["Pray","BowlingBash"],"picked":"CutThroughFate","floor":8},{"not_picked":["Prostrate","Crescendo"],"picked":"FollowUp","floor":11},{"not_picked":["CutThroughFate","PathToVictory"],"picked":"Blasphemy","floor":14},{"not_picked":["Alpha","Vault"],"picked":"Devotion","floor":16},{"not_picked":["BowlingBash","Swivel"],"picked":"FollowUp","floor":18},{"not_picked":["Worship","BowlingBash"],"picked":"LikeWater+1","floor":19}],"player_experience":230814,"relics_obtained":[{"floor":6,"key":"PreservedInsect"},{"floor":10,"key":"Nunchaku"}],"event_choices":[{"damage_healed":0,"gold_gain":0,"player_choice":"Forge","damage_taken":0,"max_hp_gain":0,"max_hp_loss":0,"event_name":"Accursed Blacksmith","floor":2,"gold_loss":0,"cards_upgraded":["CrushJoints"]},{"damage_healed":0,"gold_gain":0,"player_choice":"Grow","damage_taken":0,"max_hp_gain":0,"max_hp_loss":0,"event_name":"Living Wall","floor":13,"gold_loss":0,"cards_upgraded":["Wallop"]},{"cards_removed":["Strike_P"],"damage_healed":0,"gold_gain":0,"player_choice":"Purged","damage_taken":0,"max_hp_gain":0,"max_hp_loss":0,"event_name":"Purifier","floor":20,"gold_loss":0}],"is_beta":false,"boss_relics":[{"not_picked":["Astrolabe","SlaversCollar"],"picked":"Philosopher\u0027s Stone"}],"items_purged_floors":[],"is_endless":false,"potions_floor_spawned":[1,3,4,6,11,19],"killed_by":"Shelled Parasite and Fungi","ascension_level":0}}