{"host":"r6lqs70fdfl5jnjl","time":1613302616,"event":{"mods":["Act Like it!","BaseMod","Minty Spire (QoL Compilation)","StSLib"],"gold_per_floor":[111,130,130,149,166,166,166,176,250,22,52,63,138,154,154,154,154],"floor_reached":16,"language":"ZHS","playtime":563,"items_purged":["Defend_R"],"score":119,"play_id":"39749429-4ce3-4623-910e-0af55c0c9987","local_time":"20210214193656","is_ascension_mode":false,"campfire_choices":[{"floor":6.0,"key":"RECALL"},{"data":"Entrench","floor":15,"key":"SMITH"}],"circlet_count":0,"master_deck":["Strike_R","Strike_R","Strike_R","Defend_R","Defend_R","Defend_R","Bash","Offering","Battle Trance","Entrench+1"],"relics":["Burning Blood","Lee\u0027s Waffle","Odd Mushroom"],"acts_visited":["Exordium"],"potions_floor_usage":[16],"damage_taken":[{"damage":5.0,"enemies":"Small Slimes","floor":1.0,"turns":3.0},{"damage":6.0,"enemies":"Cultist","floor":2.0,"turns":3.0},{"damage":17.0,"enemies":"Jaw Worm","floor":4.0,"turns":2.0},{"damage":15.0,"enemies":"Blue Slaver","floor":5.0,"turns":3.0},{"damage":22.0,"enemies":"Large Slime","floor":8.0,"turns":6.0},{"damage":37,"enemies":"The Mushroom Lair","floor":11,"turns":4},{"damage":24,"enemies":"2 Fungi Beasts","floor":12,"turns":4},{"damage":13,"enemies":"3 Louse","floor":14,"turns":3},{"damage":39,"enemies":"Slime Boss","floor":16,"turns":6}],"seed_played":"1443322420770719834","potions_obtained":[{"floor":1.0,"key":"Ancient Potion"},{"floor":3.0,"key":"Fruit Juice"},{"floor":3.0,"key":"AttackPotion"},{"floor":3.0,"key":"GamblersBrew"},{"floor":4.0,"key":"LiquidBronze"}],"is_trial":false,"path_per_floor":["M","M","?","M","M","R","?","M","T","$","?","M","?","M","R","B"],"character_chosen":"IRONCLAD","items_purchased":["Lee\u0027s Waffle"],"campfire_rested":0,"item_purchase_floors":[10],"current_hp_per_floor":[57,57,62,51,42,42,47,31,31,97,66,48,37,30,30,0,0],"gold":154,"neow_bonus":"REMOVE_TWO","is_daily":false,"chose_seed":false,"campfire_upgraded":1,"win_rate":0.0,"timestamp":1613302616,"path_taken":["M","M","?","?","M","R","?","M","T","$","?","M","?","M","R","BOSS"],"items_purchased_type":["Relic"],"build_version":"2020-12-22","purchased_purges":1,"victory":false,"max_hp_per_floor":[80,80,85,85,85,85,90,90,90,97,97,97,97,97,97,97,97],"card_choices":[{"not_picked":["Clothesline","Rampage","Wild Strike"],"picked":"SKIP","floor":1.0},{"not_picked":["Flex","Armaments"],"picked":"Offering","floor":2.0},{"not_picked":["Reckless Charge","Sword Boomerang"],"picked":"Battle Trance","floor":4.0},{"not_picked":["Infernal Blade","Anger","Second Wind"],"picked":"SKIP","floor":5.0},{"not_picked":["Armaments","Bloodletting","Sword Boomerang"],"picked":"SKIP","floor":8.0},{"not_picked":["Warcry","Dual Wield","Sword Boomerang"],"picked":"SKIP","floor":12},{"not_picked":["Whirlwind","Sword Boomerang"],"picked":"Entrench","floor":14}],"player_experience":36418,"relics_obtained":[{"floor":11,"key":"Odd Mushroom"}],"event_choices":[{"damage_healed":0.0,"max_hp_gain":0.0,"max_hp_loss":0.0,"gold_gain":0.0,"event_name":"Lab","player_choice":"Got Potions","floor":3.0,"gold_loss":0.0,"damage_taken":0.0},{"damage_healed":0.0,"max_hp_gain":5.0,"max_hp_loss":0.0,"gold_gain":0.0,"event_name":"Big Fish","player_choice":"Donut","floor":7.0,"gold_loss":0.0,"damage_taken":0.0},{"damage_healed":0,"gold_gain":0,"player_choice":"Fought Mushrooms","damage_taken":0,"max_hp_gain":0,"max_hp_loss":0,"event_name":"Mushrooms","floor":11,"gold_loss":0},{"damage_healed":0,"gold_gain":75,"player_choice":"Gather Gold","damage_taken":11,"max_hp_gain":0,"max_hp_loss":0,"event_name":"World of Goop","floor":13,"gold_loss":0}],"is_beta":false,"boss_relics":[],"items_purged_floors":[10],"is_endless":false,"potions_floor_spawned":[1,4,11,14],"killed_by":"Slime Boss","ascension_level":0}}