{"host":"r6lqs70fdfl5jnjl","time":1613301987,"event":{"mods":["Act Like it!","BaseMod","Minty Spire (QoL Compilation)","StSLib"],"gold_per_floor":[115,125,145,145,161,161,195,195,195,210,228,244,244,244,244,349,349,361,636,654,670,681,715,734,734,783,798,798,816,816,816,816,916,916,931,61,73,93,112,112,127,127,127,127,146,146,146,0,0,0,0,0,0,0,0],"floor_reached":54,"language":"ZHS","playtime":2055,"items_purged":["Regret"],"score":640,"play_id":"330597a1-eb73-411b-bd0b-311e90f20567","local_time":"20210214192627","is_ascension_mode":false,"campfire_choices":[{"floor":6.0,"key":"RECALL"},{"data":"Double Tap","floor":8.0,"key":"SMITH"},{"floor":13.0,"key":"REST"},{"floor":15.0,"key":"REST"},{"floor":25.0,"key":"REST"},{"data":"Inflame","floor":28.0,"key":"SMITH"},{"floor":32.0,"key":"REST"},{"floor":40.0,"key":"REST"},{"data":"Limit Break","floor":42.0,"key":"SMITH"},{"data":"Heavy Blade","floor":46.0,"key":"SMITH"},{"floor":49.0,"key":"REST"},{"floor":52,"key":"REST"}],"circlet_count":0,"master_deck":["Strike_R+1","Strike_R+1","Strike_R+1","Strike_R+1","Defend_R+1","Defend_R+1","Defend_R+1","Defend_R+1","Bash+1","Shrug It Off+1","Inflame+1","Warcry+1","Twin Strike+1","Double Tap+1","Thunderclap+1","Uppercut+1","Impervious+1","Flex+1","Dual Wield+1","Infernal Blade+1","Inflame+1","Ghostly Armor+1","Armaments+1","Seeing Red+1","Metallicize+1","Limit Break+1","Heavy Blade+1","Battle Trance+1","Metamorphosis+1","Sword Boomerang+1","Pommel Strike+1","Clash+1","Headbutt+1","Infernal Blade+1"],"relics":["Burning Blood","Vajra","White Beast Statue","Mark of Pain","FossilizedHelix","SlaversCollar","Shuriken","Lizard Tail","Meat on the Bone","Mark of the Bloom","Red Mask"],"acts_visited":["Exordium","TheCity","TheBeyond","TheEnding"],"potions_floor_usage":[50,50,50,50,50,50],"damage_taken":[{"damage":1.0,"enemies":"Cultist","floor":1.0,"turns":4.0},{"damage":11.0,"enemies":"2 Louse","floor":2.0,"turns":2.0},{"damage":11.0,"enemies":"Jaw Worm","floor":3.0,"turns":2.0},{"damage":27.0,"enemies":"Exordium Wildlife","floor":5.0,"turns":5.0},{"damage":37.0,"enemies":"Lagavulin","floor":7.0,"turns":7.0},{"damage":16.0,"enemies":"Red Slaver","floor":10.0,"turns":3.0},{"damage":13.0,"enemies":"Gremlin Gang","floor":11.0,"turns":4.0},{"damage":0.0,"enemies":"Looter","floor":12.0,"turns":2.0},{"damage":40.0,"enemies":"Hexaghost","floor":16.0,"turns":7.0},{"damage":20.0,"enemies":"Shell Parasite","floor":18.0,"turns":4.0},{"damage":7.0,"enemies":"Chosen","floor":20.0,"turns":4.0},{"damage":21.0,"enemies":"Shelled Parasite and Fungi","floor":21.0,"turns":5.0},{"damage":11.0,"enemies":"Centurion and Healer","floor":22.0,"turns":5.0},{"damage":45.0,"enemies":"Gremlin Leader","floor":23.0,"turns":5.0},{"damage":5.0,"enemies":"3 Cultists","floor":24.0,"turns":4.0},{"damage":16.0,"enemies":"Snake Plant","floor":27.0,"turns":4.0},{"damage":0.0,"enemies":"Cultist and Chosen","floor":29.0,"turns":3.0},{"damage":43.0,"enemies":"Automaton","floor":33.0,"turns":9.0},{"damage":26.0,"enemies":"3 Darklings","floor":35.0,"turns":4.0},{"damage":31.0,"enemies":"3 Shapes","floor":37.0,"turns":4.0},{"damage":13.0,"enemies":"3 Darklings","floor":38.0,"turns":3.0},{"damage":6.0,"enemies":"Sphere and 2 Shapes","floor":39.0,"turns":3.0},{"damage":34.0,"enemies":"4 Shapes","floor":41.0,"turns":3.0},{"damage":0.0,"enemies":"Transient","floor":45.0,"turns":5.0},{"damage":26,"enemies":"Time Eater","floor":50,"turns":6},{"damage":38,"enemies":"Shield and Spear","floor":54,"turns":3}],"seed_played":"-7327436512763085251","potions_obtained":[{"floor":3.0,"key":"Energy Potion"},{"floor":10.0,"key":"SpeedPotion"},{"floor":11.0,"key":"FearPotion"},{"floor":12.0,"key":"Energy Potion"},{"floor":16.0,"key":"Swift Potion"},{"floor":18.0,"key":"EssenceOfSteel"},{"floor":20.0,"key":"CultistPotion"},{"floor":21.0,"key":"Dexterity Potion"},{"floor":22.0,"key":"SkillPotion"},{"floor":23.0,"key":"Block Potion"},{"floor":24.0,"key":"AttackPotion"},{"floor":29.0,"key":"BlessingOfTheForge"},{"floor":33.0,"key":"FearPotion"},{"floor":35.0,"key":"EntropicBrew"},{"floor":37.0,"key":"Dexterity Potion"},{"floor":38.0,"key":"BlessingOfTheForge"},{"floor":39.0,"key":"Swift Potion"},{"floor":41.0,"key":"DistilledChaos"},{"floor":45.0,"key":"BlessingOfTheForge"}],"is_trial":false,"path_per_floor":["M","M","M","?","M","R","E","R","T","M","M","M","R","?","R","B",null,"M","?","M","M","M","E","M","R","T","M","R","M","?","?","R","B",null,"M","$","M","M","M","R","M","R","T","?","M","R","?","?","R","B",null,"R","$","E"],"character_chosen":"IRONCLAD","items_purchased":["Heavy Blade","Shuriken","Battle Trance","Lizard Tail","Metamorphosis"],"campfire_rested":7,"item_purchase_floors":[36,36,36,36,36],"current_hp_per_floor":[88,83,78,78,57,57,26,26,26,16,9,15,41,34,60,26,88,74,74,73,58,53,14,15,41,41,31,31,37,37,37,63,26,88,68,68,43,36,36,62,34,34,34,34,52,52,52,52,52,26,26,26,26,0,0],"gold":0,"neow_bonus":"TEN_PERCENT_HP_BONUS","is_daily":false,"chose_seed":false,"campfire_upgraded":4,"win_rate":0.0,"timestamp":1613301987,"path_taken":["M","M","?","?","M","R","E","R","T","M","?","M","R","?","R","BOSS","M","?","?","?","M","E","M","R","T","?","R","M","?","?","R","BOSS","M","$","M","M","M","R","M","R","T","?","?","R","?","?","R","BOSS","R","$","E"],"items_purchased_type":["Card","Relic","Card","Relic","Card"],"build_version":"2020-12-22","purchased_purges":1,"victory":false,"max_hp_per_floor":[88,88,88,88,88,88,88,88,88,88,88,88,88,88,88,88,88,88,88,88,88,88,88,88,88,88,88,88,88,88,88,88,88,88,88,88,88,88,88,88,88,88,88,88,88,88,88,88,88,88,88,88,88,88,88],"card_choices":[{"not_picked":["Twin Strike","Cleave"],"picked":"Shrug It Off","floor":1.0},{"not_picked":["Clothesline","Rampage"],"picked":"Inflame","floor":2.0},{"not_picked":["Searing Blow","Sever Soul"],"picked":"Warcry","floor":3.0},{"not_picked":["Rampage","Havoc"],"picked":"Twin Strike","floor":5.0},{"not_picked":["Battle Trance","Spot Weakness"],"picked":"Double Tap","floor":7.0},{"not_picked":["Iron Wave","Rampage","Havoc"],"picked":"SKIP","floor":10.0},{"not_picked":["Intimidate","Reckless Charge"],"picked":"Thunderclap","floor":11.0},{"not_picked":["Entrench","Wild Strike"],"picked":"Uppercut","floor":12.0},{"not_picked":["Barricade","Fiend Fire"],"picked":"Impervious","floor":16.0},{"not_picked":["Burning Pact","Sever Soul"],"picked":"Flex","floor":18.0},{"not_picked":["Headbutt+1","Pommel Strike"],"picked":"Dual Wield","floor":20.0},{"not_picked":["Dual Wield","Clash"],"picked":"Infernal Blade+1","floor":21.0},{"not_picked":["Sentinel+1","Evolve+1"],"picked":"Inflame","floor":22.0},{"not_picked":["Disarm","Shrug It Off"],"picked":"Ghostly Armor+1","floor":23.0},{"not_picked":["Infernal Blade+1","Hemokinesis"],"picked":"Armaments+1","floor":24.0},{"not_picked":["Feel No Pain","Body Slam"],"picked":"Seeing Red+1","floor":27.0},{"not_picked":["Second Wind","Sentinel+1"],"picked":"Metallicize+1","floor":29.0},{"not_picked":["Demon Form","Juggernaut"],"picked":"Limit Break","floor":33.0},{"not_picked":["Body Slam","Sever Soul","Armaments+1"],"picked":"SKIP","floor":35.0},{"not_picked":["Sentinel+1","Whirlwind+1"],"picked":"Sword Boomerang+1","floor":37.0},{"not_picked":["Entrench","Warcry+1"],"picked":"Pommel Strike+1","floor":38.0},{"not_picked":["Intimidate","Seeing Red"],"picked":"Clash","floor":39.0},{"not_picked":["Sword Boomerang+1","Disarm"],"picked":"Headbutt","floor":41.0},{"not_picked":["Uppercut+1","Rampage+1"],"picked":"Infernal Blade+1","floor":45.0}],"player_experience":34363,"relics_obtained":[{"floor":7.0,"key":"Vajra"},{"floor":9.0,"key":"White Beast Statue"},{"floor":23.0,"key":"FossilizedHelix"},{"floor":43.0,"key":"Meat on the Bone"}],"event_choices":[{"damage_healed":0.0,"max_hp_gain":0.0,"max_hp_loss":0.0,"gold_gain":0.0,"event_name":"Upgrade Shrine","player_choice":"Upgraded","floor":4.0,"gold_loss":0.0,"damage_taken":0.0,"cards_upgraded":["Inflame"]},{"cards_removed":["Strike_R"],"damage_healed":0.0,"max_hp_gain":0.0,"max_hp_loss":0.0,"gold_gain":0.0,"event_name":"Golden Wing","player_choice":"Card Removal","floor":14.0,"gold_loss":0.0,"damage_taken":7.0},{"damage_healed":0.0,"max_hp_gain":0.0,"max_hp_loss":0.0,"gold_gain":275.0,"event_name":"Golden Shrine","player_choice":"Desecrate","floor":19.0,"gold_loss":0.0,"damage_taken":0.0,"cards_obtained":["Regret"]},{"damage_healed":0.0,"max_hp_gain":0.0,"max_hp_loss":0.0,"gold_gain":0.0,"event_name":"Ghosts","player_choice":"Ignored","floor":30.0,"gold_loss":0.0,"damage_taken":0.0},{"damage_healed":0.0,"max_hp_gain":0.0,"max_hp_loss":0.0,"gold_gain":0.0,"event_name":"Back to Basics","player_choice":"Simplicity","floor":31.0,"gold_loss":0.0,"damage_taken":0.0,"cards_upgraded":["Strike_R","Strike_R","Strike_R","Strike_R","Defend_R","Defend_R","Defend_R","Defend_R"]},{"damage_healed":0.0,"max_hp_gain":0.0,"max_hp_loss":0.0,"gold_gain":0.0,"event_name":"The Woman in Blue","player_choice":"Bought 0 Potions","floor":44.0,"gold_loss":0.0,"damage_taken":0.0},{"damage_healed":0.0,"max_hp_gain":0.0,"max_hp_loss":0.0,"gold_gain":0.0,"event_name":"MindBloom","player_choice":"Upgrade","floor":47.0,"gold_loss":0.0,"damage_taken":0.0,"cards_upgraded":["Bash","Shrug It Off","Warcry","Twin Strike","Thunderclap","Uppercut","Impervious","Flex","Dual Wield","Battle Trance","Metamorphosis","Clash","Headbutt"],"relics_obtained":["Mark of the Bloom"]},{"damage_healed":0.0,"max_hp_gain":0.0,"max_hp_loss":0.0,"gold_gain":0.0,"event_name":"Tomb of Lord Red Mask","player_choice":"Paid","floor":48.0,"gold_loss":146.0,"damage_taken":0.0,"relics_obtained":["Red Mask"]}],"is_beta":false,"boss_relics":[{"not_picked":["Philosopher\u0027s Stone","Coffee Dripper"],"picked":"Mark of Pain"},{"not_picked":["Cursed Key","Fusion Hammer"],"picked":"SlaversCollar"}],"items_purged_floors":[36],"is_endless":false,"potions_floor_spawned":[3,10,11,12,16,18,20,21,22,23,24,27,29,33,35,37,38,39,41,45],"killed_by":"Shield and Spear","ascension_level":0}}