{"host":"nc4yx0rr2icfz9m0","time":1613291195,"event":{"mods":["BaseMod","Colored Powertips","Minty Spire (QoL Compilation)","Shop Mod"],"gold_per_floor":[113,113,79,91,19,19,45,45,45,45,57,91,103,115,127,243,255,287,299,311,323,92,92,110,126,152,67,20,45,55,55,55,159,159,171,0,16,16,316,366,399,399,423,442,442,442],"floor_reached":45,"language":"ZHS","playtime":2089,"items_purged":[],"score":720,"play_id":"14d259eb-21dd-434a-a2e6-897064c338de","local_time":"20210214162635","daily_mods":["Hoarder","Heirloom","Flight"],"is_ascension_mode":false,"campfire_choices":[{"data":"Infinite Blades","floor":6,"key":"SMITH"},{"floor":8,"key":"REST"},{"floor":10,"key":"REST"},{"floor":15,"key":"REST"},{"floor":23,"key":"REST"},{"data":"Infinite Blades","floor":32,"key":"SMITH"},{"data":"Accuracy","floor":42,"key":"SMITH"}],"circlet_count":0,"master_deck":["Strike_G+1","Strike_G+1","Strike_G+1","Strike_G+1","Strike_G+1","Defend_G+1","Defend_G+1","Defend_G+1","Defend_G+1","Defend_G+1","Survivor+1","Neutralize","Backflip","Backflip","Backflip","Escape Plan","Escape Plan","Escape Plan","Deflect","Deflect","Deflect","Infinite Blades+1","Infinite Blades+1","Infinite Blades+1","Cloak And Dagger","Cloak And Dagger","Cloak And Dagger","Sucker Punch","Sucker Punch+1","Sucker Punch","Dodge and Roll","Dodge and Roll","Dodge and Roll","Adrenaline","Adrenaline","Adrenaline","Dodge and Roll+1","Dodge and Roll+1","Dodge and Roll+1","Blade Dance","Blade Dance","Blade Dance","Dark Shackles","Dark Shackles","Dark Shackles","Slice","Slice+1","Slice","Slice+1","Slice+1","Slice+1","Cloak And Dagger","Cloak And Dagger","Cloak And Dagger","Outmaneuver+1","Outmaneuver+1","Outmaneuver+1","Venomology","Venomology","Venomology","Accuracy","Accuracy","Accuracy+1","Heel Hook+1","Heel Hook+1","Heel Hook+1","Deflect+1","Deflect+1","Deflect+1","Backflip+1","Backflip+1","Backflip+1","Dash+1","Dash+1","Dash+1"],"relics":["Ring of the Snake","TungstenRod","Art of War","Calipers","MawBank","Paper Crane","WristBlade","Enchiridion","MealTicket","Nunchaku","Kunai","Potion Belt","Black Star","Red Mask","Old Coin","Ginger","Letter Opener","Whetstone","Ancient Tea Set"],"acts_visited":["Exordium","TheCity","TheBeyond"],"potions_floor_usage":[33,33,33,41,41,45],"damage_taken":[{"damage":4,"enemies":"Small Slimes","floor":1,"turns":4},{"damage":0,"enemies":"Cultist","floor":4,"turns":4},{"damage":59,"enemies":"Gremlin Nob","floor":7,"turns":7},{"damage":0,"enemies":"Jaw Worm","floor":11,"turns":4},{"damage":9,"enemies":"Lagavulin","floor":12,"turns":8},{"damage":21,"enemies":"The Guardian","floor":16,"turns":15},{"damage":3,"enemies":"3 Byrds","floor":18,"turns":6},{"damage":3,"enemies":"2 Thieves","floor":24,"turns":4},{"damage":2,"enemies":"Cultist and Chosen","floor":25,"turns":5},{"damage":0,"enemies":"Snake Plant","floor":30,"turns":3},{"damage":0,"enemies":"Automaton","floor":33,"turns":7},{"damage":22,"enemies":"3 Shapes","floor":35,"turns":3},{"damage":0,"enemies":"3 Darklings","floor":37,"turns":5},{"damage":0,"enemies":"Mind Bloom Boss Battle","floor":40,"turns":4},{"damage":6,"enemies":"Giant Head","floor":41,"turns":6},{"damage":8,"enemies":"Spire Growth","floor":44,"turns":3},{"damage":61,"enemies":"Reptomancer","floor":45,"turns":2}],"seed_played":"6484325027372622416","potions_obtained":[{"floor":16,"key":"BlessingOfTheForge"},{"floor":24,"key":"Fire Potion"},{"floor":30,"key":"SteroidPotion"},{"floor":33,"key":"GhostInAJar"},{"floor":37,"key":"Dexterity Potion"},{"floor":41,"key":"CunningPotion"},{"floor":44,"key":"EssenceOfSteel"}],"is_trial":true,"path_per_floor":["M","?","$","M","$","R","E","R","T","R","M","E","?","T","R","B",null,"M","?","?","?","$","R","M","M","T","?","$","T","M","?","R","B",null,"M","?","M","?","T","?","E","R","T","M","E"],"character_chosen":"THE_SILENT","items_purchased":["Escape Plan","Infinite Blades","Dark Shackles","MealTicket","Cloak And Dagger"],"campfire_rested":4,"item_purchase_floors":[3,5,22,22,28],"current_hp_per_floor":[66,66,66,66,66,66,7,28,28,49,49,40,40,40,61,40,70,67,55,55,43,43,65,62,60,60,60,75,75,75,75,75,75,75,53,53,53,53,53,53,61,61,61,53,0,0],"gold":442,"neow_bonus":"","is_daily":false,"chose_seed":false,"campfire_upgraded":3,"win_rate":0.0,"timestamp":1613291195,"path_taken":["M","?","?","?","?","R","E","R","T","R","?","E","?","?","R","BOSS","M","?","?","?","?","R","M","M","T","?","?","?","?","?","R","BOSS","M","?","M","?","?","?","E","R","T","?","E"],"items_purchased_type":["Card","Card","Card","Relic","Card"],"build_version":"2020-12-22","purchased_purges":0,"victory":false,"max_hp_per_floor":[70,70,70,70,70,70,70,70,70,70,70,70,70,70,70,70,70,70,75,75,75,75,75,75,75,75,75,75,75,75,75,75,75,75,75,75,75,71,71,71,71,71,71,71,71,71],"card_choices":[{"not_picked":["Acrobatics","Poisoned Stab"],"picked":"Backflip","floor":1},{"not_picked":["Dagger Throw","Noxious Fumes"],"picked":"Deflect","floor":4},{"not_picked":["Prepared","Bouncing Flask"],"picked":"Cloak And Dagger","floor":7},{"not_picked":["Dodge and Roll","Leg Sweep"],"picked":"Sucker Punch","floor":11},{"not_picked":["Expertise","Dagger Spray"],"picked":"Dodge and Roll","floor":12},{"not_picked":["Night Terror","Corpse Explosion"],"picked":"Adrenaline","floor":16},{"not_picked":["Terror","Expertise"],"picked":"Dodge and Roll+1","floor":18},{"not_picked":["Dagger Spray","Finisher"],"picked":"Slice","floor":24},{"not_picked":["Tactician","Poisoned Stab"],"picked":"Slice+1","floor":25},{"not_picked":["Poisoned Stab","Flying Knee"],"picked":"Outmaneuver+1","floor":30},{"not_picked":["Die Die Die","Wraith Form v2"],"picked":"Venomology","floor":33},{"not_picked":["Skewer+1","Outmaneuver"],"picked":"Accuracy","floor":35},{"not_picked":["Leg Sweep","Accuracy"],"picked":"Heel Hook+1","floor":37},{"not_picked":["Slice","Leg Sweep"],"picked":"Deflect+1","floor":40},{"not_picked":["Caltrops+1","Well Laid Plans"],"picked":"Backflip+1","floor":41},{"not_picked":["Crippling Poison","Tactician+1"],"picked":"Dash+1","floor":44}],"player_experience":23834,"relics_obtained":[{"floor":7,"key":"Art of War"},{"floor":9,"key":"Calipers"},{"floor":12,"key":"MawBank"},{"floor":14,"key":"Paper Crane"},{"floor":21,"key":"Enchiridion"},{"floor":26,"key":"Nunchaku"},{"floor":29,"key":"Potion Belt"},{"floor":39,"key":"Old Coin"},{"floor":40,"key":"Ginger"},{"floor":41,"key":"Letter Opener"},{"floor":41,"key":"Whetstone"},{"floor":43,"key":"Ancient Tea Set"}],"event_choices":[{"damage_healed":0,"gold_gain":0,"player_choice":"Upgraded","damage_taken":0,"max_hp_gain":0,"max_hp_loss":0,"event_name":"Upgrade Shrine","floor":2,"gold_loss":0,"cards_upgraded":["Survivor"]},{"damage_healed":0,"gold_gain":0,"player_choice":"Grow","damage_taken":0,"max_hp_gain":0,"max_hp_loss":0,"event_name":"Living Wall","floor":13,"gold_loss":0,"cards_upgraded":["Infinite Blades"]},{"damage_healed":0,"gold_gain":0,"player_choice":"Shed Blood","damage_taken":18,"max_hp_gain":5,"max_hp_loss":0,"event_name":"Forgotten Altar","floor":19,"gold_loss":0},{"damage_healed":0,"gold_gain":0,"player_choice":"Read","damage_taken":0,"max_hp_gain":0,"max_hp_loss":0,"event_name":"The Library","floor":20,"gold_loss":0,"cards_obtained":["Blade Dance"]},{"damage_healed":0,"gold_gain":0,"player_choice":"Obtained Book","damage_taken":16,"max_hp_gain":0,"max_hp_loss":0,"event_name":"Cursed Tome","floor":21,"gold_loss":0},{"damage_healed":0,"gold_gain":0,"player_choice":"Obtained Relic","damage_taken":0,"relics_obtained":["Kunai"],"max_hp_gain":0,"max_hp_loss":0,"event_name":"Addict","floor":27,"gold_loss":85},{"damage_healed":0,"gold_gain":0,"player_choice":"Simplicity","damage_taken":0,"max_hp_gain":0,"max_hp_loss":0,"event_name":"Back to Basics","floor":31,"gold_loss":0,"cards_upgraded":["Strike_G","Strike_G","Strike_G","Strike_G","Strike_G","Defend_G","Defend_G","Defend_G","Defend_G","Defend_G"]},{"damage_healed":0,"gold_gain":0,"player_choice":"Paid","damage_taken":0,"relics_obtained":["Red Mask"],"max_hp_gain":0,"max_hp_loss":0,"event_name":"Tomb of Lord Red Mask","floor":36,"gold_loss":171},{"damage_healed":0,"gold_gain":0,"player_choice":"Max HP","damage_taken":0,"max_hp_gain":0,"max_hp_loss":4,"event_name":"Winding Halls","floor":38,"gold_loss":0},{"damage_healed":0,"gold_gain":0,"player_choice":"Fight","damage_taken":0,"max_hp_gain":0,"max_hp_loss":0,"event_name":"MindBloom","floor":40,"gold_loss":0}],"is_beta":false,"boss_relics":[{"not_picked":["Busted Crown","Coffee Dripper"],"picked":"WristBlade"},{"not_picked":["SlaversCollar","Runic Dome"],"picked":"Black Star"}],"items_purged_floors":[],"is_endless":false,"potions_floor_spawned":[16,24,30,33,37,41,44],"killed_by":"Reptomancer","ascension_level":0}}