{"host":"2qyxu97h6u4ukicb","time":1613261052,"event":{"mods":["AchievementEnabler","BaseMod","BetterRewards","Colored Map","Colored Powertips","Minty Spire (QoL Compilation)","Replay The Spire","Shop Mod","StSLib"],"gold_per_floor":[109,109,109,284,234,248,323,31,57,89,104,104,114,146,146,251,251,265,284,284,299,316,316,326,326,401,177,188,188,188,206,206,206,206],"floor_reached":33,"language":"ENG","playtime":2023,"items_purged":["Sickly"],"score":282,"play_id":"03041101-4191-4374-8569-292bc6db2bf5","local_time":"20210213180412","is_ascension_mode":false,"campfire_choices":[{"floor":12,"key":"DIG"},{"floor":15,"key":"REST"},{"floor":23,"key":"REST"},{"floor":30,"key":"REST"},{"floor":32,"key":"REST"}],"circlet_count":0,"master_deck":["Strike_G","Strike_G","Strike_G","Strike_G","Strike_G","Defend_G","Defend_G","Defend_G","Defend_G","Defend_G","Survivor","Neutralize","Sucker Punch","Dash","Dagger Spray","Deadly Poison","Noxious Fumes","ReplayTheSpireMod:Necrosis+1","Flying Knee","Decay","Dagger Spray+1","Deadly Poison","CommonCold","ReplayTheSpireMod:Speed Training","Blade Dance+1"],"relics":["Ring of the Snake","NeowsBlessing","Ring of Hypnosis","ReplayTheSpireMod:Ring of Exchange","Shovel","PreservedInsect","Bronze Scales","Oddly Smooth Stone","Golden Egg","Velvet Choker","Pen Nib","MerchantsRug"],"acts_visited":["Exordium","TheCity"],"potions_floor_usage":[13,14,21,28,33],"damage_taken":[{"damage":0,"enemies":"2 Louse","floor":1,"turns":1},{"damage":0,"enemies":"Small Slimes","floor":6,"turns":1},{"damage":0,"enemies":"Gremlin Nob","floor":10,"turns":1},{"damage":4,"enemies":"Jaw Worm","floor":11,"turns":4},{"damage":16,"enemies":"Gremlin Gang","floor":13,"turns":4},{"damage":7,"enemies":"Lagavulin","floor":14,"turns":5},{"damage":35,"enemies":"Hexaghost","floor":16,"turns":9},{"damage":0,"enemies":"3 Byrds","floor":18,"turns":4},{"damage":10,"enemies":"Shell Parasite","floor":19,"turns":6},{"damage":10,"enemies":"Snake Plant","floor":21,"turns":3},{"damage":25,"enemies":"Centurion and Healer","floor":22,"turns":7},{"damage":18,"enemies":"Snecko","floor":24,"turns":5},{"damage":6,"enemies":"Chosen and Byrds","floor":28,"turns":5},{"damage":16,"enemies":"Snake Plant","floor":31,"turns":4},{"damage":123,"enemies":"Automaton","floor":33,"turns":11}],"seed_played":"-5223068880129224050","potions_obtained":[{"floor":6,"key":"Adrenaline Potion"},{"floor":13,"key":"Fire Potion"},{"floor":16,"key":"FairyPotion"},{"floor":19,"key":"Fire Potion"},{"floor":24,"key":"GhostInAJar"},{"floor":31,"key":"Flashbang"}],"is_trial":false,"path_per_floor":["M","$","?","?","?","M","?","$","T","E","M","R","M","E","R","B",null,"M","M","?","M","M","R","M","?","T","$","M","?","R","M","R","B"],"character_chosen":"THE_SILENT","items_purchased":["Shovel","MerchantsRug"],"campfire_rested":4,"item_purchase_floors":[8,27],"current_hp_per_floor":[70,70,70,70,70,70,59,59,59,59,55,55,39,32,53,18,70,70,60,60,50,25,46,28,28,28,28,22,22,43,27,48,0,0],"gold":206,"neow_bonus":"THREE_ENEMY_KILL","is_daily":false,"chose_seed":false,"campfire_upgraded":0,"win_rate":0.0,"timestamp":1613261052,"path_taken":["M","$","?","?","?","M","?","?","T","E","?","R","M","E","R","BOSS","M","M","?","?","M","R","M","?","T","$","M","?","R","M","R","BOSS"],"items_purchased_type":["Relic","Relic"],"build_version":"2020-12-22","purchased_purges":1,"victory":false,"max_hp_per_floor":[70,70,70,70,70,70,70,70,70,70,70,70,70,70,70,70,70,70,70,70,70,70,70,70,70,70,70,70,70,70,70,70,70,70],"card_choices":[{"not_picked":["Reflex","Concentrate"],"picked":"Sucker Punch","floor":1},{"not_picked":["Backflip","Choke"],"picked":"Dash","floor":6},{"not_picked":["ReplayTheSpireMod:Shiv Toss","Underhanded Strike","Tactician"],"picked":"SKIP","floor":10},{"not_picked":["ReplayTheSpireMod:Exploit Weakness","Hidden Blade"],"picked":"Dagger Spray","floor":11},{"not_picked":["PiercingWail","Dodge and Roll"],"picked":"Deadly Poison","floor":13},{"not_picked":["Calculated Gamble","Poisoned Stab"],"picked":"Noxious Fumes","floor":14},{"not_picked":["Night Terror","Die Die Die"],"picked":"ReplayTheSpireMod:Necrosis","floor":16},{"not_picked":["Quick Slash","Deflect","Setup"],"picked":"SKIP","floor":18},{"not_picked":["Toxin Wave","Dagger Throw+1"],"picked":"Flying Knee","floor":19},{"not_picked":["Calculated Gamble+1","Endless Agony"],"picked":"Dagger Spray+1","floor":21},{"not_picked":["Choke","Outmaneuver+1"],"picked":"Deadly Poison","floor":22},{"not_picked":["Masterful Stab+1","Outmaneuver","Finisher"],"picked":"SKIP","floor":24},{"not_picked":["Finisher+1","Dagger Throw+1"],"picked":"ReplayTheSpireMod:Speed Training","floor":28},{"not_picked":["Bane","Prepared"],"picked":"Blade Dance+1","floor":31}],"player_experience":803292,"relics_obtained":[{"floor":3,"key":"Ring of Hypnosis"},{"floor":3,"key":"ReplayTheSpireMod:Ring of Exchange"},{"floor":9,"key":"PreservedInsect"},{"floor":10,"key":"Bronze Scales"},{"floor":12,"key":"Oddly Smooth Stone"},{"floor":14,"key":"Golden Egg"}],"event_choices":[{"damage_healed":0,"gold_gain":175,"player_choice":"AGREE","damage_taken":0,"max_hp_gain":0,"max_hp_loss":0,"event_name":"Liars Game","floor":4,"gold_loss":0,"cards_obtained":["Doubt"]},{"cards_removed":["Doubt"],"damage_healed":0,"gold_gain":0,"player_choice":"Card Removal","damage_taken":0,"max_hp_gain":0,"max_hp_loss":0,"event_name":"The Cleric","floor":5,"gold_loss":50},{"damage_healed":0,"gold_gain":75,"player_choice":"Gather Gold","damage_taken":11,"max_hp_gain":0,"max_hp_loss":0,"event_name":"World of Goop","floor":7,"gold_loss":0},{"damage_healed":0,"gold_gain":0,"player_choice":"Cursed","damage_taken":0,"max_hp_gain":0,"max_hp_loss":0,"event_name":"Wheel of Change","floor":20,"gold_loss":0,"cards_obtained":["Decay"]},{"damage_healed":0,"gold_gain":0,"player_choice":"Ignored","damage_taken":0,"max_hp_gain":0,"max_hp_loss":0,"event_name":"Vampires","floor":29,"gold_loss":0}],"is_beta":false,"boss_relics":[{"not_picked":["Astrolabe","ChewingGum"],"picked":"Velvet Choker"}],"items_purged_floors":[27],"is_endless":false,"potions_floor_spawned":[6,13,16,19,24,31],"killed_by":"Automaton","ascension_level":0}}