{"host":"y3tal5djvejpcno2","time":1613268495,"event":{"mods":["BaseMod","Colored Map","Colored Powertips","Hermit","Infinite Spire","Minty Spire (QoL Compilation)","Permanent Neow","Quick Restart","Relic Stats","Replay The Spire","SOS???????","StSLib","The Blue Laboratory","The Bug Knight","The Cursed","The Jungle","Wandering Minibosses"],"gold_per_floor":[109,109,109,70,81,413,427,427,427,427,470,499,535,557,557,607,607],"floor_reached":16,"language":"ENG","playtime":1448,"items_purged":[],"score":137,"play_id":"2cabf2bb-96cc-493e-a422-d508854f5aa2","local_time":"20210214000815","is_ascension_mode":false,"campfire_choices":[{"data":"HollowMod:ElderbugsWisdom","floor":8,"key":"SMITH"},{"data":"HollowMod:NewGlowingWomb","floor":10,"key":"SMITH"}],"circlet_count":0,"master_deck":["HollowMod:NailStrikeStart","HollowMod:NailStrikeStart","HollowMod:NailStrikeStart","HollowMod:NailStrikeStart","HollowMod:QuickDashStart","HollowMod:QuickDashStart","HollowMod:QuickDashStart","HollowMod:QuickDashStart","HollowMod:FocusHealStart","HollowMod:PogoStrike","HollowMod:VengefulVoid","HollowMod:ElderbugsWisdom+1","HollowMod:NewGlowingWomb+1","HollowMod:NewLittleFool","HollowMod:DungDefenderAura","HollowMod:DungDefenderAura+1","HollowMod:QuirrelsAssistance","HollowMod:DungDefenderAura","HollowMod:MawleksShell"],"relics":["HollowMod:VesselMask","NeowsBlessing","Old Coin","infinitespire:Midas Blood","Replay:Bandana"],"acts_visited":["Exordium"],"potions_floor_usage":[11,12,16,16,16],"damage_taken":[{"damage":0,"enemies":"2 Louse","floor":1,"turns":1},{"damage":0,"enemies":"Jaw Worm","floor":5,"turns":1},{"damage":0,"enemies":"Lagavulin","floor":6,"turns":1},{"damage":2,"enemies":"Cultist","floor":7,"turns":5},{"damage":33,"enemies":"3 Sentries","floor":11,"turns":14},{"damage":0,"enemies":"Looter","floor":12,"turns":4},{"damage":18,"enemies":"Exordium Wildlife","floor":13,"turns":7},{"damage":0,"enemies":"Red Slaver","floor":14,"turns":5},{"damage":81,"enemies":"Hexaghost","floor":16,"turns":21}],"seed_played":"-7077880559338820405","potions_obtained":[{"floor":1,"key":"blueLaboratory:BottledHope"},{"floor":5,"key":"blueLaboratory:AbyssPotion"},{"floor":6,"key":"Flashbang"},{"floor":11,"key":"FearPotion"},{"floor":14,"key":"blueLaboratory:BubblePotion"}],"is_trial":false,"path_per_floor":["M","?","?","$","M","E","M","R","T","R","E","M","M","M","R_BF","B"],"character_chosen":"THE_BUGKNIGHT","items_purchased":["HollowMod:NewGlowingWomb"],"campfire_rested":0,"item_purchase_floors":[4],"current_hp_per_floor":[75,75,75,75,75,75,73,73,73,73,46,46,34,40,62,0,0],"gold":607,"neow_bonus":"THREE_ENEMY_KILL","is_daily":false,"chose_seed":false,"campfire_upgraded":2,"win_rate":0.0,"timestamp":1613268495,"path_taken":["M","?","?","$","M","E","M","R","T","R","E","M","?","M","R_BF","BOSS"],"items_purchased_type":["Card"],"build_version":"2020-12-22","purchased_purges":0,"victory":false,"max_hp_per_floor":[75,75,75,75,75,75,75,75,75,75,75,75,75,75,75,75,75],"relic_stats":{"counters":[9,59],"obtain_stats":[{"Replay:Bandana":11,"NeowsBlessing":0,"HollowMod:VesselMask":0,"Old Coin":6,"infinitespire:Midas Blood":9},{"Replay:Bandana":5,"NeowsBlessing":0,"HollowMod:VesselMask":0,"Old Coin":3,"infinitespire:Midas Blood":4},{"Replay:Bandana":22,"NeowsBlessing":0,"HollowMod:VesselMask":0,"Old Coin":3,"infinitespire:Midas Blood":8}]},"card_choices":[{"not_picked":["HollowMod:SoulSplash","HollowMod:HeavyBlow"],"picked":"HollowMod:VengefulVoid","floor":1},{"not_picked":["HollowMod:SoulEater","HollowMod:LifebloodCocoon"],"picked":"HollowMod:NewLittleFool","floor":5},{"not_picked":["HollowMod:CornifersMapStart","HollowMod:ShapeofUnn"],"picked":"HollowMod:DungDefenderAura","floor":6},{"not_picked":["HollowMod:CornifersMapStart","HollowMod:RecoilStrike"],"picked":"HollowMod:DungDefenderAura","floor":7},{"not_picked":["HollowMod:DoubleDash","HollowMod:SoulStrike"],"picked":"HollowMod:QuirrelsAssistance","floor":11},{"not_picked":["HollowMod:SoulStrike","HollowMod:ShapeofUnn"],"picked":"HollowMod:DungDefenderAura","floor":12},{"not_picked":["HollowMod:CycloneSlash","HollowMod:FallenFury","HollowMod:ShadowDash"],"picked":"SKIP","floor":13},{"not_picked":["HollowMod:GoodIntentions","HollowMod:SharpenedNail"],"picked":"HollowMod:MawleksShell","floor":14}],"player_experience":52663,"relics_obtained":[{"floor":6,"key":"Old Coin"},{"floor":9,"key":"infinitespire:Midas Blood"},{"floor":11,"key":"Replay:Bandana"}],"event_choices":[{"damage_healed":0,"gold_gain":0,"player_choice":"Leave","damage_taken":0,"max_hp_gain":0,"max_hp_loss":0,"event_name":"The Cleric","floor":2,"gold_loss":0},{"damage_healed":0,"gold_gain":0,"player_choice":"1 cards matched","damage_taken":0,"max_hp_gain":0,"max_hp_loss":0,"event_name":"Match and Keep!","floor":3,"gold_loss":0,"cards_obtained":["HollowMod:ElderbugsWisdom"]}],"is_beta":false,"boss_relics":[],"items_purged_floors":[],"is_endless":false,"potions_floor_spawned":[1,5,6,11,14],"killed_by":"Hexaghost","ascension_level":0}}