{"host":"8anmd7ibyxevnonj","time":1613330031,"event":{"mods":["BaseMod","Curses Come First","Downfall","Minty Spire (QoL Compilation)","Reliquary","StSLib"],"gold_per_floor":[99,199,210,310,310,310,310,310,310,322,333,333,2,16,35,140,140,140,155,180,194,206,221,248,248,248,248,267,267,267,267],"floor_reached":29,"language":"ENG","playtime":1883,"items_purged":[],"score":215,"play_id":"0b55587a-bac3-4b3a-8e2d-b1aa19d13571","local_time":"20210214201351","is_ascension_mode":false,"campfire_choices":[{"data":"champ:Taunt","floor":1,"key":"SMITH"},{"data":"champ:StanceDance","floor":9,"key":"SMITH"},{"data":"champ:ShieldWall","floor":18,"key":"SMITH"},{"data":"champ:ShieldWall","floor":25,"key":"SMITH"},{"floor":27,"key":"REST"}],"circlet_count":0,"master_deck":["champ:Strike+1","champ:Strike+1","champ:Strike","champ:Defend+1","champ:Defend","champ:Defend","champ:Defend","champ:Execute","champ:Taunt+1","champ:GladiatorStyle","champ:StanceDance+1","champ:ShieldWall+1","champ:TornadoPunch","downfall:Malfunctioning","champ:VampiricStrike","champ:HoldFirm","champ:GladiatorStyle","champ:ShieldWall+1","champ:MurderStrike","CurseOfTheBell","champ:IronFortress","champ:CrownThrow+1","champ:FalseCounter+1","champ:FlashCut","champ:TornadoPunch+1","champ:StrikeOfGenius"],"relics":["champ:ChampionCrown","Champion Belt","champ:LiftRelic","reliquary:Firecrackers","reliquary:Firecrackers","White Beast Statue","Calling Bell","Bag of Preparation","reliquary:QuartzCube","reliquary:OuijaBoard","Red Mask","reliquary:SilkGlove"],"acts_visited":["Exordium","TheCity"],"potions_floor_usage":[16,20,21,22,29,29,29,29,29],"damage_taken":[{"damage":56,"enemies":"Lots of Slimes","floor":2,"turns":5},{"damage":0,"enemies":"2 Louse","floor":3,"turns":4},{"damage":5,"enemies":"Small Slimes","floor":10,"turns":3},{"damage":15,"enemies":"Cultist","floor":11,"turns":3},{"damage":25,"enemies":"downfall:FleeingMerchant","floor":13,"turns":4},{"damage":10,"enemies":"Large Slime","floor":14,"turns":4},{"damage":10,"enemies":"3 Louse","floor":15,"turns":2},{"damage":43,"enemies":"SI_SHIV_ARCHETYPE","floor":16,"turns":7},{"damage":18,"enemies":"3 Byrds","floor":19,"turns":5},{"damage":37,"enemies":"Masked Bandits","floor":20,"turns":5},{"damage":30,"enemies":"Sentry and Sphere","floor":21,"turns":7},{"damage":23,"enemies":"Shelled Parasite and Fungi","floor":22,"turns":5},{"damage":0,"enemies":"Snecko","floor":23,"turns":4},{"damage":30,"enemies":"Cultist and Chosen","floor":28,"turns":7},{"damage":21,"enemies":"Book of Stabbing","floor":29,"turns":2}],"seed_played":"1981492200763960927","potions_obtained":[{"floor":2,"key":"SpeedPotion"},{"floor":14,"key":"Regen Potion"},{"floor":15,"key":"LiquidBronze"},{"floor":16,"key":"SmokeBomb"},{"floor":19,"key":"Energy Potion"},{"floor":20,"key":"Block Potion"},{"floor":21,"key":"Strength Potion"},{"floor":22,"key":"EntropicBrew"},{"floor":28,"key":"PowerPotion"}],"is_trial":false,"path_per_floor":["R","?","M","?","?","T","T","?","R","M","M","?","$","M","M","B",null,"R","M","?","M","M","M","T","R","?","R","M","E"],"character_chosen":"THE_CHAMP","items_purchased":["champ:HoldFirm","White Beast Statue"],"campfire_rested":1,"item_purchase_floors":[13,13],"current_hp_per_floor":[99,63,63,63,63,63,63,63,63,58,58,58,58,58,58,50,99,99,81,58,48,25,25,25,25,20,49,19,0,0,0],"gold":267,"neow_bonus":"TEN_PERCENT_HP_BONUS","is_daily":false,"chose_seed":false,"campfire_upgraded":4,"win_rate":0.0,"timestamp":1613330031,"path_taken":["R","?","M","?","?","?","T","?","R","?","M","?","$","M","M","BOSS","R","M","?","M","M","M","T","R","?","R","?","E"],"items_purchased_type":["Card","Relic"],"build_version":"2020-12-13","purchased_purges":0,"victory":false,"max_hp_per_floor":[99,99,99,99,99,99,99,99,99,99,99,99,99,99,99,99,99,99,99,99,99,99,99,99,99,99,99,99,99,99,99],"card_choices":[{"not_picked":["champ:StanceDance","champ:DefensiveShout"],"picked":"champ:GladiatorStyle","floor":2},{"not_picked":["champ:ShieldSlam","champ:Haymaker"],"picked":"champ:StanceDance","floor":3},{"not_picked":["champ:BladeFlurry","champ:FocusedBerserking"],"picked":"champ:ShieldWall","floor":10},{"not_picked":["champ:BringItOn","champ:AdrenalArmor"],"picked":"champ:TornadoPunch","floor":11},{"not_picked":["champ:BringItOn","champ:Haymaker"],"picked":"champ:VampiricStrike","floor":13},{"not_picked":["champ:FanOfKnives","champ:FocusedDefense"],"picked":"champ:GladiatorStyle","floor":14},{"not_picked":["champ:Backstep","champ:PreciseThrust"],"picked":"champ:ShieldWall","floor":15},{"not_picked":["champ:UltimateStance","champ:LastStand"],"picked":"champ:MurderStrike","floor":16},{"not_picked":["champ:PreciseThrust","champ:BladeFlurry"],"picked":"champ:IronFortress","floor":19},{"not_picked":["champ:BladeFlurry","champ:FanOfKnives"],"picked":"champ:CrownThrow+1","floor":20},{"not_picked":["champ:Endure","champ:BladeFlurry"],"picked":"champ:FalseCounter+1","floor":21},{"not_picked":["champ:TornadoPunch","champ:Haymaker+1"],"picked":"champ:FlashCut","floor":22},{"not_picked":["champ:CrownThrow","champ:PreciseThrust"],"picked":"champ:TornadoPunch+1","floor":23},{"not_picked":["champ:DeathBlow","champ:StanceDance"],"picked":"champ:StrikeOfGenius","floor":28}],"player_experience":131462,"relics_obtained":[{"floor":2,"key":"Champion Belt"},{"floor":6,"key":"reliquary:Firecrackers"},{"floor":7,"key":"reliquary:SculptingSteel"},{"floor":17,"key":"Bag of Preparation"},{"floor":17,"key":"reliquary:QuartzCube"},{"floor":17,"key":"reliquary:OuijaBoard"},{"floor":20,"key":"Red Mask"},{"floor":24,"key":"reliquary:SilkGlove"}],"event_choices":[{"cards_removed":["champ:Strike"],"damage_healed":0,"gold_gain":0,"player_choice":"Card Removal","damage_taken":0,"max_hp_gain":0,"max_hp_loss":0,"event_name":"Wheel of Change","floor":8,"gold_loss":0},{"damage_healed":0,"gold_gain":0,"player_choice":"Fought Bandits","damage_taken":0,"max_hp_gain":0,"max_hp_loss":0,"event_name":"Masked Bandits","floor":20,"gold_loss":0}],"is_beta":false,"boss_relics":[{"not_picked":["reliquary:Ember","Runic Pyramid"],"picked":"Calling Bell"}],"items_purged_floors":[],"is_endless":false,"potions_floor_spawned":[2,14,15,16,19,20,21,22,23,28],"killed_by":"Book of Stabbing","ascension_level":0}}