{"host":"szp1d6dso4pv7ddl","time":1613324934,"event":{"mods":["AchievementEnabler","Alarm Clock","BaseMod","Bestiary","Block Reminder","Colored Map","Colored Powertips","Curses Come First","Dark Map","Displayed Cursed Tome","Highlight Path","Minty Spire (QoL Compilation)","Permanent Neow","Quick Restart","Relic Sorter","Relic Stats","StSLib","Synergy Search"],"gold_per_floor":[116,134,134,153,22,54,70,70,70,70,70,70,83,100,100,177,177,187,204,249,139,139,139],"floor_reached":22,"language":"ENG","playtime":1233,"items_purged":[],"score":372,"play_id":"d693c6f6-213c-46f3-be3b-6523ea5433d8","local_time":"20210214094854","is_ascension_mode":true,"campfire_choices":[{"floor":10,"key":"REST"},{"data":"Accuracy","floor":12,"key":"SMITH"},{"floor":15,"key":"REST"}],"circlet_count":0,"master_deck":["AscendersBane","Strike_G","Strike_G","Strike_G","Strike_G","Defend_G","Defend_G","Defend_G","Defend_G","Defend_G","Survivor","Neutralize","Poisoned Stab","Backflip","Blade Dance","Accuracy+1","Infinite Blades","Prepared","Backstab","Acrobatics","Calculated Gamble+1","Infinite Blades","Tools of the Trade"],"relics":["Busted Crown","WarpedTongs","Tiny Chest","Dream Catcher","WristBlade","Bag of Preparation"],"acts_visited":["Exordium","TheCity"],"potions_floor_usage":[6,6,14],"damage_taken":[{"damage":0,"enemies":"Small Slimes","floor":1,"turns":4},{"damage":1,"enemies":"Cultist","floor":2,"turns":5},{"damage":7,"enemies":"2 Louse","floor":4,"turns":2},{"damage":15,"enemies":"3 Sentries","floor":6,"turns":7},{"damage":1,"enemies":"Red Slaver","floor":7,"turns":3},{"damage":5,"enemies":"2 Fungi Beasts","floor":13,"turns":3},{"damage":1,"enemies":"Large Slime","floor":14,"turns":3},{"damage":30,"enemies":"The Guardian","floor":16,"turns":9},{"damage":24,"enemies":"Spheric Guardian","floor":18,"turns":4},{"damage":22,"enemies":"Shell Parasite","floor":19,"turns":5},{"damage":18,"enemies":"Shelled Parasite and Fungi","floor":22,"turns":2}],"seed_played":"-6504833055567137460","potions_obtained":[{"floor":1,"key":"CunningPotion"},{"floor":4,"key":"CultistPotion"},{"floor":6,"key":"BlessingOfTheForge"},{"floor":13,"key":"AttackPotion"},{"floor":14,"key":"Energy Potion"},{"floor":18,"key":"Swift Potion"}],"is_trial":false,"path_per_floor":["M","M","?","M","$","E","M","?","T","R","?","R","M","M","R","B",null,"M","M","T","?","M"],"character_chosen":"THE_SILENT","items_purchased":["Blade Dance","Accuracy"],"campfire_rested":2,"item_purchase_floors":[5,5],"current_hp_per_floor":[59,58,58,51,51,36,35,35,35,54,54,54,49,48,66,36,59,35,13,13,13,0,0],"gold":139,"neow_bonus":"BOSS_RELIC","is_daily":false,"chose_seed":false,"campfire_upgraded":1,"win_rate":0.0,"timestamp":1613324934,"path_taken":["M","M","?","?","$","E","M","?","T","R","?","R","?","M","R","BOSS","M","M","?","?","?"],"items_purchased_type":["Card","Card"],"build_version":"2020-12-22","purchased_purges":0,"victory":false,"max_hp_per_floor":[66,66,66,66,66,66,66,66,66,66,66,66,66,66,66,66,66,66,66,66,66,66,66],"relic_stats":{"Dream Catcher":2,"Busted Crown":24,"counters":[11,47],"Tiny Chest":1,"Bag of Preparation":[2],"obtain_stats":[{"Dream Catcher":9,"Busted Crown":0,"WristBlade":17,"Tiny Chest":6,"Bag of Preparation":20,"Ring of the Snake":0,"WarpedTongs":3},{"Dream Catcher":5,"Busted Crown":0,"WristBlade":8,"Tiny Chest":4,"Bag of Preparation":10,"Ring of the Snake":0,"WarpedTongs":2},{"Dream Catcher":21,"Busted Crown":0,"WristBlade":36,"Tiny Chest":18,"Bag of Preparation":45,"Ring of the Snake":0,"WarpedTongs":9}],"WarpedTongs":[38]},"card_choices":[{"not_picked":["Setup"],"picked":"SKIP","floor":1},{"not_picked":[],"picked":"Poisoned Stab","floor":2},{"not_picked":[],"picked":"Backflip","floor":4},{"not_picked":[],"picked":"Infinite Blades","floor":6},{"not_picked":[],"picked":"Prepared","floor":7},{"not_picked":[],"picked":"Backstab","floor":10},{"not_picked":[],"picked":"Acrobatics","floor":13},{"not_picked":[],"picked":"Calculated Gamble","floor":14},{"not_picked":[],"picked":"Infinite Blades","floor":15},{"not_picked":[],"picked":"Tools of the Trade","floor":16},{"not_picked":["Riddle With Holes"],"picked":"SKIP","floor":18},{"not_picked":["Dagger Spray"],"picked":"SKIP","floor":19}],"player_experience":1571643,"relics_obtained":[{"floor":6,"key":"Tiny Chest"},{"floor":9,"key":"Dream Catcher"},{"floor":20,"key":"Bag of Preparation"}],"event_choices":[{"damage_healed":0,"gold_gain":0,"player_choice":"Rummage","damage_taken":0,"relics_obtained":["WarpedTongs"],"max_hp_gain":0,"max_hp_loss":0,"event_name":"Accursed Blacksmith","floor":3,"gold_loss":0,"cards_obtained":["Pain"]},{"damage_healed":0,"gold_gain":0,"player_choice":"Ignored","damage_taken":0,"max_hp_gain":0,"max_hp_loss":0,"event_name":"Liars Game","floor":8,"gold_loss":0},{"cards_removed":["Pain"],"damage_healed":0,"gold_gain":0,"player_choice":"Purged","damage_taken":0,"max_hp_gain":0,"max_hp_loss":0,"event_name":"Purifier","floor":11,"gold_loss":0},{"cards_removed":["Strike_G"],"damage_healed":0,"gold_gain":0,"player_choice":"Upgrade and Remove","damage_taken":0,"max_hp_gain":0,"max_hp_loss":0,"event_name":"Designer","floor":21,"gold_loss":110,"cards_upgraded":["Calculated Gamble"]}],"is_beta":false,"boss_relics":[{"not_picked":["Astrolabe","Calling Bell"],"picked":"WristBlade"}],"items_purged_floors":[],"is_endless":false,"potions_floor_spawned":[1,4,6,13,14,18,19],"killed_by":"Shelled Parasite and Fungi","ascension_level":20}}