{"host":"1wqvkeuqk47laf9u","time":1613341128,"event":{"mods":["100% Spire Juice","ATMod(∞¢Ë™Mod)","Act Like it!","BaseMod","Colored Map","Colored Powertips","Decade(Õı–°√˜)","Gensokyo","GifTheSpireLib","Hallownest","Koishi","KomeijiMod","Marisa£®ÏF”Í°°ƒß¿Ì…≥£©","Minty Spire (QoL Compilation)","Reimu£®≤©¿ˆ¡È√Œ£©","Reliquary","Remilia£®¿Ÿ√◊¿Ú—«£©","Replay The Spire","Robot Space Explorer","SOS£®Àπ∞Õ¥Ô÷Æ◊”£©","StSLib","The Administrix","The Animator","The Cursed","The Dragon Tamer","The Poker Player","The Servant 0.9.4","UnlockEverythingMod","Yakumo Yukari mod","Youmu£®ªÍ∆«—˝√Œ£©","Yuyuko","[GremlinLeader]The Maniac","°æ“≈ŒÔø®≈∆°øREMEMod"],"gold_per_floor":[115,115,115,65,65,65,79,4,54,54,54,68,84,103,103,231,231,254,8,28,28,28,28,53,53,53,78,3,3,3,24,24,144,144,158,174,197,217,233,274,22,43,70,70,84,103,103,168,168,168],"floor_reached":51,"language":"ZHS","playtime":3422,"items_purged":["RobotSpaceExplorer:SwiftStep","RobotSpaceExplorer:Defend"],"score":671,"play_id":"55d4d7af-4e8f-4860-8456-b0e70e4cf835","local_time":"20210215061848","is_ascension_mode":false,"campfire_choices":[{"data":"CardOfSanctity:ReiMu","floor":6.0,"key":"SMITH"},{"data":"AT_FamilyPortrait","floor":11.0,"key":"SMITH"},{"floor":15.0,"key":"REST"},{"data":"RobotSpaceExplorer:MiniBoosters","floor":23.0,"key":"SMITH"},{"data":"RobotSpaceExplorer:ShockMissile","floor":25.0,"key":"SMITH"},{"data":"RobotSpaceExplorer:StarLightning","floor":29.0,"key":"SMITH"},{"data":"RobotSpaceExplorer:StarLightning","floor":32.0,"key":"SMITH"},{"data":"RobotSpaceExplorer:Accelerator","floor":44,"key":"SMITH"},{"floor":47,"key":"REST"}],"circlet_count":0,"master_deck":["RobotSpaceExplorer:Strike","RobotSpaceExplorer:Strike","RobotSpaceExplorer:Defend+1","RobotSpaceExplorer:Defend+1","RobotSpaceExplorer:Scan","RobotSpaceExplorer:MiniLasers","CardOfSanctity:ReiMu+1","AT_FamilyPortrait+1","RobotSpaceExplorer:StarLightning+1","RobotSpaceExplorer:GearShield","RobotSpaceExplorer:ShockMissile+1","RobotSpaceExplorer:SurgingShield","RobotSpaceExplorer:MiniBoosters+1","RobotSpaceExplorer:StarLightning+1","RobotSpaceExplorer:LuckyStrike","RobotSpaceExplorer:Accelerator+1","RobotSpaceExplorer:FreezingShield+1","RobotSpaceExplorer:BigMissile+1","RobotSpaceExplorer:PowerGlove+1","RobotSpaceExplorer:MetalStrike"],"relics":["RobotSpaceExplorer:RoboCore","REME_ComplimentaryCards","AT_ATBox","Golden Idol","Happy Flower","reliquary:RedCape","Kunai","PureWhite:ReiMu","Replay:Bottled Steam","AT_GuinsooRageblade","Painkiller Herb","War Paint","Blue Doll","AT_BellowingDragoncrestRing"],"acts_visited":["Exordium","TheCity","TheBeyond"],"potions_floor_usage":[40,45,46,50,50],"damage_taken":[{"damage":0.0,"enemies":"Cultist","floor":1.0,"turns":3.0},{"damage":1.0,"enemies":"2 Louse","floor":7.0,"turns":3.0},{"damage":0.0,"enemies":"Small Slimes","floor":12.0,"turns":4.0},{"damage":15.0,"enemies":"2 Fungi Beasts","floor":13.0,"turns":2.0},{"damage":0.0,"enemies":"Looter","floor":14.0,"turns":2.0},{"damage":30.0,"enemies":"The Guardian","floor":16.0,"turns":7.0},{"damage":0.0,"enemies":"Spheric Guardian","floor":18.0,"turns":4.0},{"damage":10.0,"enemies":"Shell Parasite","floor":20.0,"turns":5.0},{"damage":0.0,"enemies":"Shelled Parasite and Fungi","floor":24.0,"turns":7.0},{"damage":0.0,"enemies":"Cultist and Chosen","floor":27.0,"turns":5.0},{"damage":0.0,"enemies":"Snake Plant","floor":31.0,"turns":4.0},{"damage":1.0,"enemies":"Pondfish","floor":33.0,"turns":9.0},{"damage":11.0,"enemies":"3 Darklings","floor":35.0,"turns":4.0},{"damage":0.0,"enemies":"Orb Walker","floor":36.0,"turns":3.0},{"damage":0.0,"enemies":"3 Darklings","floor":37.0,"turns":4.0},{"damage":0.0,"enemies":"Maw","floor":38.0,"turns":5.0},{"damage":0.0,"enemies":"Transient","floor":39.0,"turns":5.0},{"damage":0,"enemies":"Reptomancer","floor":40,"turns":6},{"damage":12,"enemies":"Sphere and 2 Shapes","floor":42,"turns":5},{"damage":24,"enemies":"3 Darklings","floor":45,"turns":3},{"damage":0,"enemies":"Jaw Worm Horde","floor":46,"turns":4},{"damage":14,"enemies":"Replay:Hell Engine","floor":50,"turns":9}],"seed_played":"4822794885565109475","potions_obtained":[{"floor":1.0,"key":"Fruit Juice"},{"floor":7.0,"key":"REME_GoldPotion"},{"floor":14.0,"key":"Swift Potion"},{"floor":24.0,"key":"Block Potion"},{"floor":31.0,"key":"Regen Potion"},{"floor":33.0,"key":"GrandPatriotsElixir:ReiMu"},{"floor":36.0,"key":"SpeedPotion"},{"floor":45,"key":"Swift Potion"},{"floor":46,"key":"REME_GoldPotion"},{"floor":48,"key":"Regen Potion"}],"is_trial":false,"path_per_floor":["M","?","?","?","?","R","M","$","T","$","R","M","M","M","R","B",null,"M","$","M","?","?","R","M","R","T","M","$","R","T","M","R","B",null,"?","?","?","?","?","E","T","?","T","T","?","?","T","?","T","B",null],"character_chosen":"RobotSpaceExplorer","items_purchased":["Kunai","RobotSpaceExplorer:StarLightning","Blue Doll"],"campfire_rested":2,"item_purchase_floors":[19,28,41],"current_hp_per_floor":[87,87,87,87,66,66,65,65,65,65,65,65,50,50,76,46,87,87,87,77,77,77,77,77,77,77,77,77,77,77,77,77,76,87,76,76,76,76,76,76,76,64,64,64,40,47,73,52,52,59],"gold":168,"neow_bonus":"TEN_PERCENT_HP_BONUS","is_daily":false,"chose_seed":false,"campfire_upgraded":7,"win_rate":0.0,"timestamp":1613341128,"path_taken":["M","?","?","?","?","R","M","$","T","?","R","M","M","?","R","BOSS","M","$","M","?","?","R","?","R","T","M","$","R","?","M","R","BOSS","?","?","?","?","?","E","T","?","T","T","?","?","T","?","T","BOSS"],"items_purchased_type":["Relic","Card","Relic"],"build_version":"2020-12-22","purchased_purges":2,"victory":true,"max_hp_per_floor":[87,87,87,87,87,87,87,87,87,87,87,87,87,87,87,87,87,87,87,87,87,87,87,87,87,87,87,87,87,87,87,87,87,87,87,87,87,87,87,87,87,87,87,87,87,87,87,87,87,87],"card_choices":[{"not_picked":["RobotSpaceExplorer:Discharger","RobotSpaceExplorer:Counterblock"],"picked":"RobotSpaceExplorer:StarLightning","floor":1.0},{"not_picked":["RobotSpaceExplorer:Blitz","RobotSpaceExplorer:Counterblock","RobotSpaceExplorer:SlimeMissile"],"picked":"SKIP","floor":7.0},{"not_picked":["RobotSpaceExplorer:JunkDive","RobotSpaceExplorer:MiniDrones","RobotSpaceExplorer:ExhaustFan"],"picked":"SKIP","floor":12.0},{"not_picked":["RobotSpaceExplorer:Pulsar","RobotSpaceExplorer:GlueShot","RobotSpaceExplorer:SwiftStep"],"picked":"SKIP","floor":13.0},{"not_picked":["RobotSpaceExplorer:StunGrenade","RobotSpaceExplorer:ToxicBomb"],"picked":"RobotSpaceExplorer:GearShield","floor":14.0},{"not_picked":["RobotSpaceExplorer:Asteroid","RobotSpaceExplorer:Wormhole"],"picked":"RobotSpaceExplorer:ShockMissile","floor":16.0},{"not_picked":["RobotSpaceExplorer:Calculate","RobotSpaceExplorer:Probe"],"picked":"RobotSpaceExplorer:SurgingShield","floor":18.0},{"not_picked":["RobotSpaceExplorer:MetalStrike","RobotSpaceExplorer:Ammunition","RobotSpaceExplorer:PlasmaMissile"],"picked":"SKIP","floor":20.0},{"not_picked":["RobotSpaceExplorer:SurgingShield","RobotSpaceExplorer:DoubleBlock","RobotSpaceExplorer:GlueSpray"],"picked":"SKIP","floor":24.0},{"not_picked":["RobotSpaceExplorer:StunGrenade","RobotSpaceExplorer:Blitz","RobotSpaceExplorer:ToxicBomb"],"picked":"SKIP","floor":27.0},{"not_picked":["RobotSpaceExplorer:ScrapShield","RobotSpaceExplorer:MiniDrones"],"picked":"RobotSpaceExplorer:LuckyStrike","floor":31.0},{"not_picked":["RobotSpaceExplorer:BlastShield","RobotSpaceExplorer:HighVoltage"],"picked":"RobotSpaceExplorer:Accelerator","floor":33.0},{"not_picked":["RobotSpaceExplorer:ShovelStrike","RobotSpaceExplorer:Ammunition+1"],"picked":"RobotSpaceExplorer:FreezingShield+1","floor":35.0},{"not_picked":["RobotSpaceExplorer:FrostMissile+1","RobotSpaceExplorer:MiniDrones+1","RobotSpaceExplorer:ShockKick+1"],"picked":"SKIP","floor":36.0},{"not_picked":["RobotSpaceExplorer:ScrapShield","RobotSpaceExplorer:FranticSearch","RobotSpaceExplorer:FreezingShield"],"picked":"SKIP","floor":37.0},{"not_picked":["RobotSpaceExplorer:DoubleFind","RobotSpaceExplorer:GlueSpray"],"picked":"RobotSpaceExplorer:BigMissile+1","floor":38.0},{"not_picked":["RobotSpaceExplorer:SwiftStep","RobotSpaceExplorer:Ammunition+1","RobotSpaceExplorer:Electroshield+1"],"picked":"SKIP","floor":39.0},{"not_picked":["RobotSpaceExplorer:GearShield+1","RobotSpaceExplorer:SlimeMissile"],"picked":"RobotSpaceExplorer:PowerGlove+1","floor":40},{"not_picked":["RobotSpaceExplorer:StunGrenade","RobotSpaceExplorer:Ammunition+1","RobotSpaceExplorer:ScrapMissile+1"],"picked":"SKIP","floor":42},{"not_picked":["RobotSpaceExplorer:ImprovisedAttack+1","RobotSpaceExplorer:MetalStrike+1","RobotSpaceExplorer:SlimeMissile+1"],"picked":"SKIP","floor":45},{"not_picked":["RobotSpaceExplorer:SwiftStep+1","RobotSpaceExplorer:SlimeMissile","RobotSpaceExplorer:MiniDrones"],"picked":"SKIP","floor":46}],"player_experience":86014,"relics_obtained":[{"floor":9.0,"key":"Happy Flower"},{"floor":22.0,"key":"PureWhite:ReiMu"},{"floor":26.0,"key":"Replay:Bottled Steam"},{"floor":30.0,"key":"AT_GuinsooRageblade"},{"floor":40,"key":"War Paint"},{"floor":48,"key":"AT_BellowingDragoncrestRing"}],"event_choices":[{"damage_healed":0.0,"max_hp_gain":0.0,"max_hp_loss":0.0,"gold_gain":0.0,"cards_transformed":["RobotSpaceExplorer:Strike"],"event_name":"Living Wall","player_choice":"Change","floor":2.0,"gold_loss":0.0,"damage_taken":0.0,"cards_obtained":["RobotSpaceExplorer:SwiftStep"]},{"cards_removed":["RobotSpaceExplorer:Defend"],"damage_healed":0.0,"max_hp_gain":0.0,"max_hp_loss":0.0,"gold_gain":0.0,"event_name":"The Cleric","player_choice":"Card Removal","floor":4.0,"gold_loss":50.0,"damage_taken":0.0},{"damage_healed":0.0,"max_hp_gain":0.0,"max_hp_loss":0.0,"gold_gain":0.0,"event_name":"Golden Idol","player_choice":"Take Damage","floor":5.0,"gold_loss":0.0,"damage_taken":21.0,"relics_obtained":["Golden Idol"]},{"damage_healed":0.0,"max_hp_gain":0.0,"max_hp_loss":0.0,"gold_gain":0.0,"event_name":"The Library","player_choice":"Read","floor":21.0,"gold_loss":0.0,"damage_taken":0.0,"cards_obtained":["RobotSpaceExplorer:MiniBoosters"]},{"damage_healed":0.0,"max_hp_gain":0.0,"max_hp_loss":0.0,"gold_gain":0.0,"event_name":"Wheel of Change","player_choice":"Relic","floor":22.0,"gold_loss":0.0,"damage_taken":0.0}],"is_beta":false,"boss_relics":[{"not_picked":["Runic Pyramid","Black Star"],"picked":"reliquary:RedCape"},{"not_picked":["Ring of Chaos","Runic Dome"],"picked":"Painkiller Herb"}],"items_purged_floors":[8,41],"is_endless":false,"potions_floor_spawned":[1,7,14,24,31,33,36,37,45,46],"ascension_level":0}}