{"host":"BK","time":1613267116,"event":{"mods":["BaseMod","Highlight Path","Minty Spire (QoL Compilation)","StSLib"],"gold_per_floor":[114,130,140,140,105,133,133,161,161,87,87,87,100,120,120,195,195,213,213,223,223,90,90,90,90],"floor_reached":24,"language":"ENG","playtime":1026,"items_purged":[],"score":483,"play_id":"bc0c6d28-b899-4c39-9e82-2c536c0ecefc","local_time":"20210213184516","is_ascension_mode":true,"campfire_choices":[{"data":"Wallop","floor":7.0,"key":"SMITH"},{"floor":11.0,"key":"REST"},{"data":"Eruption","floor":15.0,"key":"SMITH"},{"floor":23.0,"key":"REST"}],"circlet_count":0,"master_deck":["AscendersBane","Defend_P","Defend_P","Defend_P","Defend_P","Eruption+1","Vigilance+1","FlurryOfBlows","Wallop+1","Consecrate","Protect","BowlingBash","Wireheading","Scrawl","FollowUp+1","InnerPeace","Bite","Bite","Bite","Bite","Bite","Tantrum","WaveOfTheHand","Scrawl"],"relics":["SacredBark","Potion Belt","Matryoshka","Strawberry","The Courier","Black Star","Orrery"],"acts_visited":["Exordium","TheCity"],"potions_floor_usage":[24,24],"damage_taken":[{"damage":7.0,"enemies":"2 Louse","floor":1.0,"turns":4.0},{"damage":0.0,"enemies":"Jaw Worm","floor":2.0,"turns":4.0},{"damage":1.0,"enemies":"Cultist","floor":3.0,"turns":4.0},{"damage":0.0,"enemies":"Gremlin Nob","floor":6.0,"turns":3.0},{"damage":36.0,"enemies":"3 Sentries","floor":8.0,"turns":7.0},{"damage":9.0,"enemies":"Red Slaver","floor":13.0,"turns":5.0},{"damage":0.0,"enemies":"3 Louse","floor":14.0,"turns":3.0},{"damage":12.0,"enemies":"Slime Boss","floor":16.0,"turns":7.0},{"damage":22.0,"enemies":"2 Thieves","floor":18.0,"turns":4.0},{"damage":2.0,"enemies":"Chosen","floor":20.0,"turns":3.0},{"damage":42,"enemies":"Book of Stabbing","floor":24,"turns":4}],"seed_played":"-42670266810775563","potions_obtained":[{"floor":3.0,"key":"DistilledChaos"},{"floor":6.0,"key":"LiquidBronze"},{"floor":8.0,"key":"LiquidBronze"},{"floor":13.0,"key":"SteroidPotion"},{"floor":14.0,"key":"FearPotion"},{"floor":20.0,"key":"GamblersBrew"}],"is_trial":false,"path_per_floor":["M","M","M","?","?","E","R","E","T","?","R","?","M","M","R","B",null,"M","?","M","?","$","R","E"],"character_chosen":"WATCHER","items_purchased":["Orrery"],"campfire_rested":2,"item_purchase_floors":[22],"current_hp_per_floor":[54,54,53,33,50,50,50,14,21,21,43,48,39,39,39,27,67,45,22,20,20,20,37,0,0],"gold":90,"neow_bonus":"BOSS_RELIC","is_daily":false,"chose_seed":false,"campfire_upgraded":2,"win_rate":0.0,"timestamp":1613267116,"path_taken":["M","M","M","?","?","E","R","E","T","?","R","?","M","?","R","BOSS","M","?","M","?","$","R","E"],"items_purchased_type":["Relic"],"build_version":"2020-12-18","purchased_purges":0,"victory":false,"max_hp_per_floor":[68,68,68,68,68,68,68,68,75,75,75,80,80,80,80,80,80,80,85,85,59,59,59,59,59],"card_choices":[{"not_picked":["Halt","ThirdEye"],"picked":"FlurryOfBlows","floor":1.0},{"not_picked":["ClearTheMind","Meditate"],"picked":"Wallop","floor":2.0},{"not_picked":["Vault","EmptyBody"],"picked":"Consecrate","floor":3.0},{"not_picked":["ForeignInfluence","ReachHeaven"],"picked":"Protect","floor":6.0},{"not_picked":["ThirdEye","Omniscience"],"picked":"BowlingBash","floor":8.0},{"not_picked":["SashWhip","Prostrate"],"picked":"Wireheading","floor":13.0},{"not_picked":["PathToVictory","Fasting2","Halt"],"picked":"SKIP","floor":14.0},{"not_picked":["Vault","LessonLearned"],"picked":"Scrawl","floor":16.0},{"not_picked":["JustLucky","FlyingSleeves"],"picked":"FollowUp+1","floor":18.0},{"not_picked":["Consecrate","EmptyFist"],"picked":"InnerPeace","floor":20.0},{"not_picked":["ReachHeaven+1","FollowUp"],"picked":"Tantrum","floor":22.0},{"not_picked":["Protect","Evaluate"],"picked":"WaveOfTheHand","floor":22.0},{"not_picked":["EmptyFist","Pray"],"picked":"Scrawl","floor":22.0}],"player_experience":2569543,"relics_obtained":[{"floor":6.0,"key":"Potion Belt"},{"floor":8.0,"key":"Matryoshka"},{"floor":9.0,"key":"Strawberry"},{"floor":9.0,"key":"The Courier"}],"event_choices":[{"damage_healed":0.0,"max_hp_gain":0.0,"max_hp_loss":0.0,"gold_gain":0.0,"event_name":"Shining Light","player_choice":"Entered Light","floor":4.0,"gold_loss":0.0,"damage_taken":20.0,"cards_upgraded":["Strike_P","Vigilance"]},{"damage_healed":17.0,"max_hp_gain":0.0,"max_hp_loss":0.0,"gold_gain":0.0,"event_name":"The Cleric","player_choice":"Healed","floor":5.0,"gold_loss":35.0,"damage_taken":0.0},{"damage_healed":0.0,"max_hp_gain":0.0,"max_hp_loss":0.0,"gold_gain":0.0,"event_name":"World of Goop","player_choice":"Left Gold","floor":10.0,"gold_loss":74.0,"damage_taken":0.0},{"damage_healed":0.0,"max_hp_gain":5.0,"max_hp_loss":0.0,"gold_gain":0.0,"event_name":"Big Fish","player_choice":"Donut","floor":12.0,"gold_loss":0.0,"damage_taken":0.0},{"damage_healed":0.0,"max_hp_gain":5.0,"max_hp_loss":0.0,"gold_gain":0.0,"event_name":"Forgotten Altar","player_choice":"Shed Blood","floor":19.0,"gold_loss":0.0,"damage_taken":28.0},{"damage_healed":0.0,"max_hp_gain":0.0,"max_hp_loss":26.0,"gold_gain":0.0,"event_name":"Vampires","player_choice":"Became a vampire","floor":21.0,"gold_loss":0.0,"damage_taken":0.0,"cards_obtained":["Bite","Bite","Bite","Bite","Bite"]}],"is_beta":true,"boss_relics":[{"not_picked":["Pandora\u0027s Box","Fusion Hammer"],"picked":"Black Star"}],"items_purged_floors":[],"is_endless":false,"potions_floor_spawned":[3,6,8,13,14,20],"killed_by":"Book of Stabbing","ascension_level":20}}