{"host":"mg6qqnp83j5r6p2r","time":1613277769,"event":{"mods":["Alarm Clock","BaseMod","Block Reminder","Colored Map","Colored Powertips","Dark Map","Highlight Path","Minty Spire (QoL Compilation)","Random Character Button","Rare Cards Sparkle","Relic Sorter","Relic Stats","StSLib"],"gold_per_floor":[113,113,113,38,3,36,36,71,71,101,121,148,167,195,195,300,350,369,369,389,404,423,448,448,473,499,514,187,257,257,257,257,362,362,379,392,407,18,68,68,97,97,97,130,148,148,166,198,198,198,198,198,10,41,41],"floor_reached":56,"language":"ENG","playtime":3744,"items_purged":["Strike_G","Defend_G+1","Escape Plan","Strike_G+1"],"score":1523,"play_id":"a5f3aa03-39c1-41e3-8594-b53a3ead5291","local_time":"20210213224249","is_ascension_mode":true,"campfire_choices":[{"floor":7.0,"key":"RECALL"},{"data":"Terror","floor":15.0,"key":"SMITH"},{"floor":30.0,"key":"REST"},{"data":"Bullet Time","floor":32.0,"key":"SMITH"},{"data":"Backflip","floor":40.0,"key":"SMITH"},{"data":"Noxious Fumes","floor":42.0,"key":"SMITH"},{"data":"Footwork","floor":49.0,"key":"SMITH"},{"data":"Footwork","floor":52.0,"key":"SMITH"}],"circlet_count":0,"master_deck":["Strike_G+1","Strike_G+1","Defend_G+1","Defend_G+1","Defend_G+1","Defend_G+1","Survivor","Neutralize+1","Flying Knee","Bullet Time+1","Noxious Fumes+1","Blur","Terror+1","Skewer","Die Die Die","Dash","Deadly Poison","Noxious Fumes+1","Bane+1","Backflip+1","Footwork+1","Footwork+1","After Image","Flying Knee","Catalyst+1","Dash+1","Blur","Backflip"],"relics":["Ring of the Snake","NeowsBlessing","Vajra","Regal Pillow","Orichalcum","Bag of Preparation","Smiling Mask","Tiny Chest","Ice Cream","Tiny House","Potion Belt","Blood Vial","Lantern","White Beast Statue","SacredBark","Medical Kit","PreservedInsect","Bird Faced Urn","Eternal Feather","Turnip","Snake Skull","Bronze Scales","The Specimen","Oddly Smooth Stone"],"acts_visited":["Exordium","TheCity","TheBeyond","TheEnding"],"potions_floor_usage":[55,55,55],"damage_taken":[{"damage":0.0,"enemies":"Small Slimes","floor":1.0,"turns":1.0},{"damage":0.0,"enemies":"3 Sentries","floor":6.0,"turns":1.0},{"damage":0.0,"enemies":"Lagavulin","floor":8.0,"turns":1.0},{"damage":4.0,"enemies":"3 Sentries","floor":10.0,"turns":6.0},{"damage":1.0,"enemies":"Jaw Worm","floor":11.0,"turns":2.0},{"damage":14.0,"enemies":"Lagavulin","floor":12.0,"turns":8.0},{"damage":0.0,"enemies":"2 Louse","floor":13.0,"turns":2.0},{"damage":10.0,"enemies":"Gremlin Nob","floor":14.0,"turns":4.0},{"damage":15.0,"enemies":"The Guardian","floor":16.0,"turns":10.0},{"damage":0.0,"enemies":"Chosen","floor":18.0,"turns":5.0},{"damage":1.0,"enemies":"Shell Parasite","floor":20.0,"turns":4.0},{"damage":18.0,"enemies":"Sentry and Sphere","floor":21.0,"turns":6.0},{"damage":1.0,"enemies":"Centurion and Healer","floor":22.0,"turns":6.0},{"damage":2.0,"enemies":"Slavers","floor":23.0,"turns":5.0},{"damage":15.0,"enemies":"Book of Stabbing","floor":25.0,"turns":5.0},{"damage":4.0,"enemies":"Chosen and Byrds","floor":27.0,"turns":4.0},{"damage":39.0,"enemies":"Collector","floor":33.0,"turns":7.0},{"damage":1.0,"enemies":"3 Shapes","floor":35.0,"turns":6.0},{"damage":9.0,"enemies":"3 Darklings","floor":36.0,"turns":5.0},{"damage":15.0,"enemies":"4 Shapes","floor":37.0,"turns":6.0},{"damage":0.0,"enemies":"Mind Bloom Boss Battle","floor":39.0,"turns":6.0},{"damage":15.0,"enemies":"Nemesis","floor":41.0,"turns":5.0},{"damage":11.0,"enemies":"Giant Head","floor":44.0,"turns":7.0},{"damage":0.0,"enemies":"Transient","floor":45.0,"turns":5.0},{"damage":3.0,"enemies":"Writhing Mass","floor":47.0,"turns":4.0},{"damage":34.0,"enemies":"Reptomancer","floor":48.0,"turns":5.0},{"damage":67.0,"enemies":"Awakened One","floor":50.0,"turns":13.0},{"damage":4.0,"enemies":"Shield and Spear","floor":54.0,"turns":5.0},{"damage":47,"enemies":"The Heart","floor":55,"turns":10}],"seed_played":"8975568923892103209","potions_obtained":[{"floor":6.0,"key":"Explosive Potion"},{"floor":10.0,"key":"EssenceOfSteel"},{"floor":12.0,"key":"PowerPotion"},{"floor":16.0,"key":"Fire Potion"},{"floor":20.0,"key":"GamblersBrew"},{"floor":21.0,"key":"ColorlessPotion"},{"floor":22.0,"key":"Swift Potion"},{"floor":25.0,"key":"SteroidPotion"},{"floor":27.0,"key":"SkillPotion"},{"floor":33.0,"key":"Swift Potion"},{"floor":35.0,"key":"DuplicationPotion"},{"floor":36.0,"key":"Ancient Potion"},{"floor":37.0,"key":"SneckoOil"},{"floor":39.0,"key":"Strength Potion"},{"floor":41.0,"key":"Strength Potion"},{"floor":44.0,"key":"Explosive Potion"},{"floor":45.0,"key":"CunningPotion"},{"floor":47.0,"key":"SpeedPotion"},{"floor":48.0,"key":"SteroidPotion"},{"floor":54.0,"key":"GhostInAJar"}],"is_trial":false,"path_per_floor":["M","?","?","$","?","E","R","E","T","E","M","E","M","E","R","B",null,"M","?","M","M","M","E","?","E","T","M","$","T","R","?","R","B",null,"M","M","M","$","?","R","E","R","T","E","M","T","M","E","R","B",null,"R","$","E","B",null],"character_chosen":"THE_SILENT","items_purchased":["Backflip","Footwork","Lantern","Medical Kit","PreservedInsect","Dexterity Potion","Swift Potion","Swift Potion","Blur"],"campfire_rested":1,"item_purchase_floors":[28,28,28,38,38,38,53,53,53],"current_hp_per_floor":[70,58,58,58,70,70,70,70,70,66,65,51,51,41,41,26,75,75,75,74,56,55,53,53,38,38,36,36,36,73,73,73,36,75,74,66,53,53,55,55,52,67,67,64,75,75,72,44,59,4,75,75,75,75,30],"gold":41,"neow_bonus":"THREE_ENEMY_KILL","is_daily":false,"chose_seed":false,"campfire_upgraded":6,"win_rate":0.0,"timestamp":1613277769,"path_taken":["M","?","?","?","?","E","R","E","T","E","M","E","M","E","R","BOSS","M","?","M","M","?","E","?","E","T","M","$","?","R","?","R","BOSS","M","?","M","$","?","R","E","R","T","E","M","?","M","E","R","BOSS","R","$","E","BOSS"],"items_purchased_type":["Card","Card","Relic","Relic","Relic","Potion","Potion","Potion","Card"],"build_version":"2020-12-22","purchased_purges":4,"victory":true,"max_hp_per_floor":[70,70,70,70,70,70,70,70,70,70,70,70,70,70,70,70,75,75,75,75,75,75,75,75,75,75,75,75,75,75,75,75,75,75,75,75,75,75,75,75,75,75,75,75,75,75,75,75,75,75,75,75,75,75,75],"relic_stats":{"Regal Pillow":15,"counters":[29,154],"Eternal Feather":30,"PreservedInsect":299,"Snake Skull":[57],"Bag of Preparation":[52],"Orichalcum":[132],"Smiling Mask":225,"Medical Kit":[4],"Blood Vial":19,"Bird Faced Urn":[45],"Bronze Scales":[255],"Tiny Chest":2,"Turnip":[2],"obtain_stats":[{"Ice Cream":14,"Potion Belt":23,"Regal Pillow":6,"Lantern":28,"Tiny House":17,"NeowsBlessing":0,"The Specimen":48,"SacredBark":34,"Vajra":2,"Oddly Smooth Stone":54,"Eternal Feather":41,"PreservedInsect":38,"Snake Skull":44,"Bag of Preparation":9,"Orichalcum":8,"Smiling Mask":10,"Medical Kit":38,"White Beast Statue":29,"Blood Vial":25,"Bird Faced Urn":39,"Bronze Scales":46,"Tiny Chest":12,"Turnip":43,"Ring of the Snake":0},{"Ice Cream":8,"Potion Belt":14,"Regal Pillow":2,"Lantern":16,"Tiny House":9,"NeowsBlessing":0,"The Specimen":26,"SacredBark":17,"Vajra":1,"Oddly Smooth Stone":28,"Eternal Feather":22,"PreservedInsect":20,"Snake Skull":23,"Bag of Preparation":3,"Orichalcum":3,"Smiling Mask":4,"Medical Kit":20,"White Beast Statue":16,"Blood Vial":15,"Bird Faced Urn":21,"Bronze Scales":24,"Tiny Chest":6,"Turnip":22,"Ring of the Snake":0},{"Ice Cream":25,"Potion Belt":61,"Regal Pillow":2,"Lantern":70,"Tiny House":35,"NeowsBlessing":0,"The Specimen":126,"SacredBark":77,"Vajra":1,"Oddly Smooth Stone":144,"Eternal Feather":105,"PreservedInsect":94,"Snake Skull":112,"Bag of Preparation":3,"Orichalcum":3,"Smiling Mask":9,"Medical Kit":94,"White Beast Statue":70,"Blood Vial":66,"Bird Faced Urn":100,"Bronze Scales":117,"Tiny Chest":19,"Turnip":105,"Ring of the Snake":0}],"Ring of the Snake":[58]},"card_choices":[{"not_picked":["Cloak And Dagger","Backflip"],"picked":"Flying Knee","floor":1.0},{"not_picked":["Tactician","Backflip"],"picked":"Bullet Time","floor":6.0},{"not_picked":["Infinite Blades","Dash"],"picked":"Noxious Fumes","floor":8.0},{"not_picked":["Slice","Flechettes","Wraith Form v2"],"picked":"SKIP","floor":10.0},{"not_picked":["Bane","Backflip"],"picked":"Blur","floor":11.0},{"not_picked":["Heel Hook","Blade Dance","Dagger Throw"],"picked":"SKIP","floor":12.0},{"not_picked":["Bane","Deadly Poison"],"picked":"Terror","floor":13.0},{"not_picked":["Phantasmal Killer","Dagger Spray"],"picked":"Skewer","floor":14.0},{"not_picked":["Venomology","Storm of Steel"],"picked":"Die Die Die","floor":16.0},{"not_picked":["Poisoned Stab","Slice"],"picked":"Dash","floor":17.0},{"not_picked":["Sucker Punch","Poisoned Stab"],"picked":"Deadly Poison","floor":18.0},{"not_picked":["Quick Slash+1","Caltrops"],"picked":"Noxious Fumes+1","floor":20.0},{"not_picked":["Heel Hook","Quick Slash","Cloak And Dagger"],"picked":"SKIP","floor":21.0},{"not_picked":["Slice","Reflex+1","Outmaneuver"],"picked":"SKIP","floor":22.0},{"not_picked":["Bullet Time","Deadly Poison","Flechettes+1"],"picked":"SKIP","floor":23.0},{"not_picked":["Bane","Poisoned Stab"],"picked":"Escape Plan","floor":25.0},{"not_picked":["Dodge and Roll","Sucker Punch"],"picked":"Bane+1","floor":27.0},{"not_picked":["Wraith Form v2","Envenom"],"picked":"After Image","floor":33.0},{"not_picked":["PiercingWail","Bouncing Flask+1","Prepared+1"],"picked":"SKIP","floor":35.0},{"not_picked":["Slice","Dagger Throw+1","Escape Plan"],"picked":"SKIP","floor":36.0},{"not_picked":["Accuracy+1","Outmaneuver+1","Deflect"],"picked":"SKIP","floor":37.0},{"not_picked":["Blade Dance","Noxious Fumes"],"picked":"Flying Knee","floor":41.0},{"not_picked":["Deadly Poison+1","Leg Sweep"],"picked":"Catalyst+1","floor":44.0},{"not_picked":["Eviscerate","Outmaneuver+1","Cloak And Dagger+1"],"picked":"SKIP","floor":45.0},{"not_picked":["Cloak And Dagger+1","Tactician","Eviscerate+1"],"picked":"SKIP","floor":47.0},{"not_picked":["Cloak And Dagger+1","Tactician","Eviscerate+1"],"picked":"SKIP","floor":47.0},{"not_picked":["Flechettes+1","Distraction"],"picked":"Dash+1","floor":48.0},{"not_picked":["Deadly Poison+1","Flying Knee"],"picked":"Backflip","floor":54.0}],"player_experience":250308,"relics_obtained":[{"floor":6.0,"key":"Regal Pillow"},{"floor":8.0,"key":"Orichalcum"},{"floor":9.0,"key":"Bag of Preparation"},{"floor":10.0,"key":"Smiling Mask"},{"floor":12.0,"key":"Tiny Chest"},{"floor":14.0,"key":"Ice Cream"},{"floor":23.0,"key":"Potion Belt"},{"floor":25.0,"key":"Blood Vial"},{"floor":29.0,"key":"White Beast Statue"},{"floor":39.0,"key":"Bird Faced Urn"},{"floor":41.0,"key":"Eternal Feather"},{"floor":43.0,"key":"Turnip"},{"floor":44.0,"key":"Snake Skull"},{"floor":46.0,"key":"Bronze Scales"},{"floor":48.0,"key":"The Specimen"},{"floor":54.0,"key":"Oddly Smooth Stone"}],"event_choices":[{"damage_healed":0.0,"max_hp_gain":0.0,"max_hp_loss":0.0,"gold_gain":0.0,"event_name":"Scrap Ooze","player_choice":"Success","floor":2.0,"gold_loss":0.0,"damage_taken":12.0,"relics_obtained":["Vajra"]},{"damage_healed":0.0,"max_hp_gain":0.0,"max_hp_loss":0.0,"gold_gain":0.0,"event_name":"Living Wall","player_choice":"Grow","floor":3.0,"gold_loss":0.0,"damage_taken":0.0,"cards_upgraded":["Neutralize"]},{"damage_healed":17.0,"max_hp_gain":0.0,"max_hp_loss":0.0,"gold_gain":0.0,"event_name":"The Cleric","player_choice":"Healed","floor":5.0,"gold_loss":35.0,"damage_taken":0.0},{"cards_removed":["Strike_G"],"damage_healed":0.0,"max_hp_gain":0.0,"max_hp_loss":0.0,"gold_gain":0.0,"event_name":"Purifier","player_choice":"Purged","floor":19.0,"gold_loss":0.0,"damage_taken":0.0},{"damage_healed":0.0,"max_hp_gain":0.0,"max_hp_loss":0.0,"gold_gain":0.0,"event_name":"Back to Basics","player_choice":"Simplicity","floor":24.0,"gold_loss":0.0,"damage_taken":0.0,"cards_upgraded":["Strike_G","Strike_G","Strike_G","Defend_G","Defend_G","Defend_G","Defend_G"]},{"damage_healed":0.0,"max_hp_gain":0.0,"max_hp_loss":0.0,"gold_gain":0.0,"event_name":"Duplicator","player_choice":"Copied","floor":31.0,"gold_loss":0.0,"damage_taken":0.0,"cards_obtained":["Footwork"]},{"damage_healed":0.0,"max_hp_gain":0.0,"max_hp_loss":0.0,"gold_gain":0.0,"event_name":"MindBloom","player_choice":"Fight","floor":39.0,"gold_loss":0.0,"damage_taken":0.0}],"is_beta":false,"boss_relics":[{"not_picked":["Philosopher\u0027s Stone","Runic Dome"],"picked":"Tiny House"},{"not_picked":["WristBlade","Velvet Choker"],"picked":"SacredBark"}],"items_purged_floors":[4,28,38,53],"is_endless":false,"potions_floor_spawned":[6,10,12,16,20,21,22,25,27,33,35,36,37,39,41,44,45,47,48,54],"ascension_level":4}}