{"host":"jwpp8hxpigr0nknu","time":1613266187,"event":{"mods":["BaseMod","BetterRewards","Colored Map","Colored Powertips","Minty Spire (QoL Compilation)","Rare Cards Sparkle","Shop Mod","StSLib"],"gold_per_floor":[114,127,127,140,209,209,241,254,254,264,298,315,344,360,360,458,458,474,156,168,180,180,209,209,244,269,269,269,269],"floor_reached":28,"language":"ENG","playtime":1609,"items_purged":[],"score":456,"play_id":"c690636e-ff97-41fd-9a3c-8b2cfd1cae0e","local_time":"20210213192947","daily_mods":["Draft"],"is_ascension_mode":true,"campfire_choices":[{"data":"Concentrate","floor":6.0,"key":"SMITH"},{"data":"Heel Hook","floor":15.0,"key":"SMITH"},{"data":"Corpse Explosion","floor":24.0,"key":"SMITH"}],"circlet_count":0,"master_deck":["Poisoned Stab","Footwork","Flying Knee","Concentrate+1","Sucker Punch","Heel Hook+1","Dash","Dodge and Roll","Deadly Poison","Deadly Poison","Heel Hook","Blur","Leg Sweep","Poisoned Stab","Escape Plan","Bane","Terror","Heel Hook","Corpse Explosion+1","Well Laid Plans","Setup","Distraction","Finesse","Dramatic Entrance"],"relics":["Ring of the Serpent","Smiling Mask","Gremlin Horn","Tingsha","Darkstone Periapt","Mummified Hand","StrikeDummy","Anchor","Ginger","Ancient Tea Set"],"acts_visited":["Exordium","TheCity"],"potions_floor_usage":[],"damage_taken":[{"damage":0.0,"enemies":"Jaw Worm","floor":1.0,"turns":3.0},{"damage":0.0,"enemies":"Cultist","floor":2.0,"turns":3.0},{"damage":0.0,"enemies":"2 Louse","floor":4.0,"turns":3.0},{"damage":3.0,"enemies":"Lagavulin","floor":7.0,"turns":6.0},{"damage":0.0,"enemies":"Blue Slaver","floor":8.0,"turns":2.0},{"damage":10.0,"enemies":"Lots of Slimes","floor":10.0,"turns":4.0},{"damage":18.0,"enemies":"3 Sentries","floor":11.0,"turns":8.0},{"damage":0.0,"enemies":"3 Louse","floor":12.0,"turns":2.0},{"damage":4.0,"enemies":"Lagavulin","floor":13.0,"turns":5.0},{"damage":0.0,"enemies":"Looter","floor":14.0,"turns":3.0},{"damage":0.0,"enemies":"Slime Boss","floor":16.0,"turns":8.0},{"damage":9.0,"enemies":"Chosen","floor":18.0,"turns":4.0},{"damage":11.0,"enemies":"2 Thieves","floor":20.0,"turns":4.0},{"damage":0.0,"enemies":"Centurion and Healer","floor":21.0,"turns":4.0},{"damage":25.0,"enemies":"Book of Stabbing","floor":23.0,"turns":6.0},{"damage":0.0,"enemies":"Gremlin Leader","floor":25.0,"turns":5.0},{"damage":16,"enemies":"Book of Stabbing","floor":28,"turns":2}],"seed_played":"-4541237987863890495","potions_obtained":[{"floor":2.0,"key":"Fruit Juice"},{"floor":10.0,"key":"Fruit Juice"},{"floor":12.0,"key":"Weak Potion"},{"floor":13.0,"key":"Weak Potion"},{"floor":18.0,"key":"Strength Potion"},{"floor":20.0,"key":"BlessingOfTheForge"},{"floor":23.0,"key":"Explosive Potion"}],"is_trial":true,"path_per_floor":["M","M","?","M","?","R","E","M","T","M","E","M","E","M","R","B",null,"M","$","M","M","?","E","R","E","T","?","E"],"character_chosen":"THE_SILENT","items_purchased":["Mummified Hand","Well Laid Plans"],"campfire_rested":0,"item_purchase_floors":[19,19],"current_hp_per_floor":[70,70,70,70,70,70,72,72,72,62,49,49,45,45,45,45,80,71,71,60,60,60,35,35,35,35,16,0,0],"gold":269,"neow_bonus":"","is_daily":false,"chose_seed":true,"campfire_upgraded":3,"win_rate":0.0,"timestamp":1613266187,"path_taken":["M","M","?","?","?","R","E","M","T","M","E","M","E","M","R","BOSS","M","$","M","M","?","E","R","E","T","?","E"],"items_purchased_type":["Relic","Card"],"build_version":"2020-12-22","purchased_purges":0,"victory":false,"max_hp_per_floor":[70,70,70,70,70,70,75,75,75,75,80,80,80,80,80,80,80,80,80,80,80,80,80,80,80,80,80,80,80],"card_choices":[{"not_picked":["Outmaneuver","Footwork"],"picked":"Poisoned Stab","floor":0.0},{"not_picked":["Slice","Expertise"],"picked":"Footwork","floor":0.0},{"not_picked":["Slice","Blade Dance"],"picked":"Flying Knee","floor":0.0},{"not_picked":["Acrobatics","Quick Slash"],"picked":"Concentrate","floor":0.0},{"not_picked":["Dodge and Roll","Setup"],"picked":"Sucker Punch","floor":0.0},{"not_picked":["Poisoned Stab","Acrobatics"],"picked":"Heel Hook","floor":0.0},{"not_picked":["Reflex","Sucker Punch"],"picked":"Dash","floor":0.0},{"not_picked":["Setup","Cloak And Dagger"],"picked":"Dodge and Roll","floor":0.0},{"not_picked":["Endless Agony","Underhanded Strike"],"picked":"PiercingWail","floor":0.0},{"not_picked":["Dagger Spray","Setup"],"picked":"Deadly Poison","floor":0.0},{"not_picked":["Bane","Accuracy"],"picked":"Deadly Poison","floor":0.0},{"not_picked":["Prepared","All Out Attack"],"picked":"Heel Hook","floor":0.0},{"not_picked":["Infinite Blades","Finisher"],"picked":"Blur","floor":0.0},{"not_picked":["Masterful Stab","Footwork"],"picked":"Leg Sweep","floor":0.0},{"not_picked":["Flechettes","Prepared"],"picked":"Poisoned Stab","floor":0.0},{"not_picked":["Cloak And Dagger","Outmaneuver","Quick Slash"],"picked":"SKIP","floor":1.0},{"not_picked":["Endless Agony","Underhanded Strike","Poisoned Stab"],"picked":"SKIP","floor":2.0},{"not_picked":["Sucker Punch","PiercingWail","Masterful Stab"],"picked":"SKIP","floor":4.0},{"not_picked":["Prepared","Sucker Punch","Poisoned Stab"],"picked":"SKIP","floor":7.0},{"not_picked":["Calculated Gamble","Acrobatics"],"picked":"Escape Plan","floor":8.0},{"not_picked":["Dash","Poisoned Stab","Calculated Gamble"],"picked":"SKIP","floor":10.0},{"not_picked":["Tools of the Trade","Backstab"],"picked":"Bane","floor":11.0},{"not_picked":["Sucker Punch","Setup"],"picked":"Terror","floor":12.0},{"not_picked":["Underhanded Strike","Deadly Poison","Caltrops"],"picked":"SKIP","floor":13.0},{"not_picked":["Endless Agony","Poisoned Stab"],"picked":"Heel Hook","floor":14.0},{"not_picked":["Bullet Time","Malaise"],"picked":"Corpse Explosion","floor":16.0},{"not_picked":["Leg Sweep","PiercingWail+1","Tactician+1"],"picked":"SKIP","floor":18.0},{"not_picked":["PiercingWail","Deflect"],"picked":"Setup","floor":20.0},{"not_picked":["Poisoned Stab","Blade Dance","Slice"],"picked":"SKIP","floor":21.0},{"not_picked":["Dagger Throw","Caltrops+1","Dagger Spray"],"picked":"SKIP","floor":23.0},{"not_picked":["Blade Dance","Dagger Spray"],"picked":"Distraction","floor":25.0}],"player_experience":338476,"relics_obtained":[{"floor":7.0,"key":"Smiling Mask"},{"floor":9.0,"key":"Gremlin Horn"},{"floor":11.0,"key":"Tingsha"},{"floor":13.0,"key":"Darkstone Periapt"},{"floor":23.0,"key":"Anchor"},{"floor":25.0,"key":"Ginger"},{"floor":26.0,"key":"Ancient Tea Set"}],"event_choices":[{"cards_removed":["PiercingWail"],"damage_healed":0.0,"max_hp_gain":0.0,"max_hp_loss":0.0,"gold_gain":0.0,"event_name":"Purifier","player_choice":"Purged","floor":3.0,"gold_loss":0.0,"damage_taken":0.0},{"damage_healed":0.0,"max_hp_gain":0.0,"max_hp_loss":0.0,"gold_gain":69.0,"event_name":"Golden Wing","player_choice":"Gained Gold","floor":5.0,"gold_loss":0.0,"damage_taken":0.0},{"damage_healed":0.0,"max_hp_gain":0.0,"max_hp_loss":0.0,"gold_gain":0.0,"event_name":"The Mausoleum","player_choice":"Opened","floor":22.0,"gold_loss":0.0,"damage_taken":0.0,"relics_obtained":["StrikeDummy"]},{"damage_healed":0.0,"max_hp_gain":0.0,"max_hp_loss":0.0,"gold_gain":0.0,"event_name":"Knowing Skull","player_choice":"CARD CARD ","floor":27.0,"potions_obtained":[],"gold_loss":0.0,"damage_taken":19.0,"cards_obtained":["Finesse","Dramatic Entrance"]}],"is_beta":false,"boss_relics":[{"not_picked":["Busted Crown","SacredBark"],"picked":"Ring of the Serpent"}],"items_purged_floors":[],"is_endless":false,"potions_floor_spawned":[2,10,12,13,18,20,23],"killed_by":"Book of Stabbing","ascension_level":4}}