{"host":"prxrhpgaxnj4om9r","time":1613310471,"event":{"mods":["AchievementEnabler","BaseMod","Colored Map","DeckTracker","Minty Spire (QoL Compilation)"],"gold_per_floor":[111,286,300,300,316,316,341,341,368,368,34,34,65,15,15,139,139,155,80,80,94,13,13,56,56,81,94,94,107,107,128,128,253,253,276,296,312,19,19,19,52,68,114,127,127,27,70,84,84,84],"floor_reached":51,"language":"KOR","playtime":2269,"items_purged":["Doubt","Decay"],"score":904,"play_id":"8f3f24f6-bb3d-49a0-a387-6aa6fe209318","local_time":"20210214224751","is_ascension_mode":true,"campfire_choices":[{"data":"CarveReality","floor":6,"key":"SMITH"},{"floor":8,"key":"REST"},{"floor":10,"key":"REST"},{"data":"SandsOfTime","floor":15,"key":"SMITH"},{"data":"Ragnarok","floor":23,"key":"SMITH"},{"floor":25,"key":"REST"},{"floor":30,"key":"REST"},{"data":"SignatureMove","floor":32,"key":"SMITH"},{"floor":40,"key":"REST"},{"floor":49,"key":"REST"}],"circlet_count":0,"master_deck":["Strike_P","Strike_P","Strike_P","Strike_P","Defend_P","Defend_P","Defend_P","Eruption+1","Vigilance","CarveReality+1","BowlingBash","SandsOfTime+1","Wallop","JustLucky","Ragnarok+1","Tantrum","WheelKick","ThirdEye+1","Worship","Protect+1","SignatureMove+1","Halt+1","FearNoEvil+1","Vault","Indignation+1","Omniscience","PathToVictory+1","TalkToTheHand+1","Ragnarok","Pray+1","Protect+1"],"relics":["PureWater","Oddly Smooth Stone","Dream Catcher","Orichalcum","Meat on the Bone","Golden Idol","Strawberry","VioletLotus","NlothsMask","Yang","Snecko Eye","TeardropLocket","Gremlin Horn","PreservedInsect","Bag of Preparation"],"acts_visited":["Exordium","TheCity","TheBeyond"],"potions_floor_usage":[7,7,13,21,24,33,33,41,44,50,50],"damage_taken":[{"damage":0,"enemies":"2 Louse","floor":1,"turns":2},{"damage":14,"enemies":"Jaw Worm","floor":3,"turns":4},{"damage":0,"enemies":"Cultist","floor":5,"turns":3},{"damage":40,"enemies":"Lagavulin","floor":7,"turns":3},{"damage":4,"enemies":"Gremlin Nob","floor":13,"turns":3},{"damage":47,"enemies":"The Guardian","floor":16,"turns":9},{"damage":0,"enemies":"Chosen","floor":18,"turns":3},{"damage":10,"enemies":"2 Thieves","floor":21,"turns":3},{"damage":34,"enemies":"Book of Stabbing","floor":24,"turns":3},{"damage":4,"enemies":"Centurion and Healer","floor":27,"turns":3},{"damage":32,"enemies":"Cultist and Chosen","floor":29,"turns":5},{"damage":1,"enemies":"Shelled Parasite and Fungi","floor":31,"turns":3},{"damage":4,"enemies":"Automaton","floor":33,"turns":6},{"damage":0,"enemies":"3 Darklings","floor":35,"turns":2},{"damage":19,"enemies":"Orb Walker","floor":36,"turns":2},{"damage":0,"enemies":"Transient","floor":37,"turns":5},{"damage":7,"enemies":"Reptomancer","floor":41,"turns":3},{"damage":0,"enemies":"Spire Growth","floor":42,"turns":3},{"damage":16,"enemies":"Jaw Worm Horde","floor":44,"turns":2},{"damage":18,"enemies":"Giant Head","floor":47,"turns":5},{"damage":12,"enemies":"Sphere and 2 Shapes","floor":48,"turns":3},{"damage":48,"enemies":"Donu and Deca","floor":50,"turns":5}],"seed_played":"5656631623019131875","potions_obtained":[{"floor":3,"key":"StancePotion"},{"floor":5,"key":"Swift Potion"},{"floor":7,"key":"FearPotion"},{"floor":18,"key":"DuplicationPotion"},{"floor":21,"key":"FearPotion"},{"floor":29,"key":"CultistPotion"},{"floor":31,"key":"PowerPotion"},{"floor":36,"key":"ColorlessPotion"},{"floor":42,"key":"BottledMiracle"},{"floor":47,"key":"PowerPotion"}],"is_trial":false,"path_per_floor":["M","?","M","?","M","R","E","R","T","R","$","?","E","?","R","B",null,"M","?","?","M","$","R","E","R","T","M","?","M","R","M","R","B",null,"M","M","M","$","?","R","E","M","T","M","?","$","E","M","R","B",null],"character_chosen":"WATCHER","items_purchased":["Meat on the Bone","WheelKick","TeardropLocket","Fire Potion"],"campfire_rested":6,"item_purchase_floors":[11,22,38,38],"current_hp_per_floor":[72,72,58,58,58,58,18,39,39,60,60,60,63,63,63,28,66,66,66,66,56,56,56,34,57,57,53,53,33,56,55,55,51,72,72,53,53,53,53,76,69,69,69,53,53,53,47,47,70,34],"gold":84,"neow_bonus":"UPGRADE_CARD","is_daily":false,"chose_seed":false,"campfire_upgraded":4,"win_rate":0.0,"timestamp":1613310471,"path_taken":["M","?","M","?","?","R","E","R","T","R","$","?","E","?","R","BOSS","M","?","?","?","$","R","E","R","T","M","?","M","R","M","R","BOSS","M","M","M","$","?","R","E","?","T","M","?","$","E","M","R","BOSS"],"items_purchased_type":["Relic","Card","Relic","Potion"],"build_version":"2020-12-22","purchased_purges":2,"victory":true,"max_hp_per_floor":[72,72,72,72,72,72,72,72,72,72,72,72,79,79,79,79,79,79,79,79,79,79,79,79,79,79,79,79,79,79,79,79,79,79,79,79,79,79,79,79,79,79,79,79,79,79,79,79,79,79],"card_choices":[{"not_picked":["EmptyBody","InnerPeace"],"picked":"Protect","floor":1},{"not_picked":["FollowUp","Prostrate"],"picked":"CarveReality","floor":3},{"not_picked":["PathToVictory","Halt"],"picked":"BowlingBash","floor":5},{"not_picked":["EmptyMind","MasterReality","FlurryOfBlows"],"picked":"SKIP","floor":7},{"not_picked":["FollowUp","BowlingBash"],"picked":"SandsOfTime","floor":8},{"not_picked":["Conclude","BowlingBash"],"picked":"Wallop","floor":10},{"not_picked":["Meditate","Study"],"picked":"JustLucky","floor":13},{"not_picked":["SpiritShield","Blasphemy"],"picked":"Ragnarok","floor":16},{"not_picked":["Swivel","Nirvana"],"picked":"Tantrum","floor":18},{"not_picked":["Crescendo","FlurryOfBlows","WaveOfTheHand"],"picked":"SKIP","floor":21},{"not_picked":["CrushJoints+1","FearNoEvil"],"picked":"ThirdEye+1","floor":24},{"not_picked":["ThirdEye","Wireheading"],"picked":"Worship","floor":25},{"not_picked":["SashWhip+1","PathToVictory"],"picked":"Protect+1","floor":27},{"not_picked":["Indignation","Consecrate"],"picked":"Halt+1","floor":29},{"not_picked":["BowlingBash","SandsOfTime"],"picked":"FearNoEvil+1","floor":30},{"not_picked":["SashWhip+1","Perseverance","FearNoEvil"],"picked":"SKIP","floor":31},{"not_picked":["Establishment","Alpha"],"picked":"Vault","floor":33},{"not_picked":["PathToVictory","JustLucky+1","BowlingBash"],"picked":"SKIP","floor":35},{"not_picked":["ClearTheMind","BowlingBash"],"picked":"Indignation+1","floor":36},{"not_picked":["FlurryOfBlows+1","InnerPeace"],"picked":"Omniscience","floor":37},{"not_picked":["JustLucky+1","ThirdEye"],"picked":"PathToVictory+1","floor":40},{"not_picked":["Adaptation+1","EmptyFist"],"picked":"TalkToTheHand+1","floor":41},{"not_picked":["EmptyBody+1","CrushJoints"],"picked":"Ragnarok","floor":42},{"not_picked":["EmptyBody","Crescendo+1"],"picked":"Pray+1","floor":44},{"not_picked":["ConjureBlade","Blasphemy","Consecrate+1"],"picked":"SKIP","floor":47},{"not_picked":["EmptyBody","Collect+1","DeceiveReality+1"],"picked":"SKIP","floor":48},{"not_picked":["FlyingSleeves","PathToVictory"],"picked":"Protect+1","floor":49}],"player_experience":452143,"relics_obtained":[{"floor":7,"key":"Dream Catcher"},{"floor":9,"key":"Orichalcum"},{"floor":13,"key":"Strawberry"},{"floor":24,"key":"Yang"},{"floor":41,"key":"Gremlin Horn"},{"floor":43,"key":"PreservedInsect"},{"floor":47,"key":"Bag of Preparation"}],"event_choices":[{"damage_healed":0,"gold_gain":175,"player_choice":"AGREE","damage_taken":0,"max_hp_gain":0,"max_hp_loss":0,"event_name":"Liars Game","floor":2,"gold_loss":0,"cards_obtained":["Doubt"]},{"cards_removed":["Protect"],"damage_healed":0,"gold_gain":0,"player_choice":"Gave Card","damage_taken":0,"relics_obtained":["Oddly Smooth Stone"],"max_hp_gain":0,"max_hp_loss":0,"event_name":"WeMeetAgain","floor":4,"gold_loss":0},{"damage_healed":0,"gold_gain":0,"player_choice":"Take Wound","damage_taken":0,"relics_obtained":["Golden Idol"],"max_hp_gain":0,"max_hp_loss":0,"event_name":"Golden Idol","floor":12,"gold_loss":0,"cards_obtained":["Injury"]},{"cards_removed":["Defend_P"],"damage_healed":0,"gold_gain":0,"player_choice":"Card Removal","damage_taken":0,"max_hp_gain":0,"max_hp_loss":0,"event_name":"The Cleric","floor":14,"gold_loss":50},{"cards_removed":["Injury"],"damage_healed":0,"gold_gain":0,"player_choice":"Gave Gold","damage_taken":0,"max_hp_gain":0,"max_hp_loss":0,"event_name":"Beggar","floor":19,"gold_loss":75},{"damage_healed":0,"gold_gain":0,"player_choice":"Trade","damage_taken":0,"relics_obtained":["NlothsMask"],"max_hp_gain":0,"max_hp_loss":0,"event_name":"FaceTrader","floor":20,"gold_loss":0},{"damage_healed":0,"gold_gain":0,"player_choice":"Read","damage_taken":0,"max_hp_gain":0,"max_hp_loss":0,"event_name":"The Library","floor":28,"gold_loss":0,"cards_obtained":["SignatureMove"]},{"damage_healed":0,"gold_gain":0,"player_choice":"Cursed","damage_taken":0,"max_hp_gain":0,"max_hp_loss":0,"event_name":"Wheel of Change","floor":39,"gold_loss":0,"cards_obtained":["Decay"]},{"damage_healed":0,"gold_gain":0,"player_choice":"Memory 1","damage_taken":0,"max_hp_gain":0,"max_hp_loss":0,"event_name":"SensoryStone","floor":45,"gold_loss":0}],"is_beta":false,"boss_relics":[{"not_picked":["Sozu","Cursed Key"],"picked":"VioletLotus"},{"not_picked":["Philosopher\u0027s Stone","Runic Pyramid"],"picked":"Snecko Eye"}],"items_purged_floors":[11,46],"is_endless":false,"potions_floor_spawned":[3,5,7,18,21,29,31,36,42,47],"ascension_level":5}}