{"host":"yqm","time":1613296680,"event":{"mods":["ATMod(°¢èªMod)","BaseMod","Challenge The Spire","Colored Map","Colored Powertips","DeckTracker","Good Game Mod","Minty Spire (QoL Compilation)","MostiFishMod","Quick Restart","Relic Filter","Relic Filter Mod","Relic Stats","Remove Card Discount Mod","StSLib","TestMod","noobMod","óô»ðÖ¸ÄÏ"],"gold_per_floor":[116,-1379,-1229,-1218,-1218,-1186,-1186,-1175,-1175,-1149,-1149,-1136,-1105,-1105,-1105,-1028,-1028,-1028],"floor_reached":17,"language":"ZHS","playtime":788,"items_purged":["Strike_B","Strike_B","Strike_B","Strike_B","Defend_B","Defend_B","Defend_B","Defend_B"],"score":546,"play_id":"4616104e-14c8-4a5e-8f2f-1d8e5558d3c7","local_time":"20210214175800","is_ascension_mode":true,"campfire_choices":[{"data":"MostiFishMod:LinkProtocol","floor":7,"key":"SMITH"},{"data":"MostiFishMod:StrandedSiren","floor":11,"key":"SMITH"},{"data":"MostiFishMod:Culaccino","floor":15,"key":"SMITH"}],"circlet_count":0,"master_deck":["AscendersBane","Zap","Dualcast","testmod-SelfRegulatingSystem","AT_RightCognition","Glacier","MostiFishMod:LinkProtocol+1","Doubt","AT_DarkMatter","MostiFishMod:StrandedSiren+1","MostiFishMod:Culaccino+1","Capacitor","AT_WaterDrop","MostiFishMod:DawningShadow"],"relics":["Cracked Core","REME:ComplimentaryCards","ice","DaveBox","AT_ATBox","testmod-TestBox","NeowsBlessing","Nloth\u0027s Gift","testmod-CasingShield","SynthV:TestCard","SynthV:MejaisSoulstealer","Happy Flower","AT_BellowingDragoncrestRing","Molten Egg 2","Regal Pillow","HereWithMe"],"acts_visited":["Exordium","TheCity"],"potions_floor_usage":[],"damage_taken":[{"damage":0.0,"enemies":"Jaw Worm","floor":1.0,"turns":1.0},{"damage":0,"enemies":"Small Slimes","floor":4,"turns":2},{"damage":0,"enemies":"3 Sentries","floor":6,"turns":1},{"damage":6,"enemies":"Cultist","floor":8,"turns":4},{"damage":0,"enemies":"Lagavulin","floor":10,"turns":4},{"damage":17,"enemies":"2 Fungi Beasts","floor":12,"turns":3},{"damage":40,"enemies":"3 Sentries","floor":13,"turns":6},{"damage":0,"enemies":"The Guardian","floor":16,"turns":4}],"seed_played":"6530570714385495842","potions_obtained":[{"floor":6,"key":"SkillPotion"},{"floor":8,"key":"Energy Potion"},{"floor":10,"key":"Swift Potion"}],"is_trial":false,"path_per_floor":["M","$","?","M","$","E","R","M","T","E","R","M","E","$","R","B",null],"character_chosen":"DEFECT","items_purchased":["MostiFishMod:LinkProtocol","SynthV:MejaisSoulstealer"],"campfire_rested":0,"item_purchase_floors":[2,2],"current_hp_per_floor":[64,64,64,64,64,64,64,58,58,58,58,41,1,1,1,1,54,54],"gold":-1028,"neow_bonus":"THREE_ENEMY_KILL","is_daily":false,"chose_seed":false,"campfire_upgraded":3,"win_rate":0.0,"timestamp":1613296680,"path_taken":["M","$","?","M","$","E","R","M","T","E","R","M","E","$","R","BOSS"],"items_purchased_type":["Card","Relic"],"build_version":"2020-12-18","purchased_purges":8,"victory":false,"max_hp_per_floor":[71,71,71,71,71,71,71,71,71,71,71,71,71,71,71,71,71,71],"relic_stats":{"Regal Pillow":0,"Happy Flower":[7],"counters":[8,25],"Nloth\u0027s Gift":6,"obtain_stats":[{"Regal Pillow":13,"AT_ATBox":0,"testmod-TestBox":0,"SynthV:MejaisSoulstealer":2,"DaveBox":0,"NeowsBlessing":0,"Happy Flower":6,"ice":0,"testmod-CasingShield":0,"REME:ComplimentaryCards":0,"SynthV:TestCard":1,"AT_BellowingDragoncrestRing":9,"Molten Egg 2":10,"HereWithMe":17,"Nloth\u0027s Gift":0,"Cracked Core":0},{"Regal Pillow":7,"AT_ATBox":0,"testmod-TestBox":0,"SynthV:MejaisSoulstealer":1,"DaveBox":0,"NeowsBlessing":0,"Happy Flower":3,"ice":0,"testmod-CasingShield":0,"REME:ComplimentaryCards":0,"SynthV:TestCard":1,"AT_BellowingDragoncrestRing":4,"Molten Egg 2":5,"HereWithMe":8,"Nloth\u0027s Gift":0,"Cracked Core":0},{"Regal Pillow":21,"AT_ATBox":0,"testmod-TestBox":0,"SynthV:MejaisSoulstealer":1,"DaveBox":0,"NeowsBlessing":0,"Happy Flower":4,"ice":0,"testmod-CasingShield":0,"REME:ComplimentaryCards":0,"SynthV:TestCard":1,"AT_BellowingDragoncrestRing":8,"Molten Egg 2":12,"HereWithMe":25,"Nloth\u0027s Gift":0,"Cracked Core":0}]},"card_choices":[{"not_picked":["Chill","Redo"],"picked":"Glacier","floor":1.0},{"not_picked":["Rebound","MostiFishMod:PushDownKick","Steam","Self Repair"],"picked":"AT_DarkMatter","floor":4},{"not_picked":["MostiFishMod:ActiveDefenseSystem","Go for the Eyes","Cold Snap","Reinforced Body"],"picked":"MostiFishMod:StrandedSiren","floor":6},{"not_picked":["Beam Cell","Leap","Steam Power","Rebound","Hologram"],"picked":"SKIP","floor":8},{"not_picked":["Biased Cognition","Gash+1","Sweeping Beam+1","Ball Lightning+1"],"picked":"MostiFishMod:Culaccino","floor":10},{"not_picked":["Rebound+1","Compile Driver+1","Coolheaded","MostiFishMod:ReprogramOld"],"picked":"Capacitor","floor":12},{"not_picked":["Beam Cell+1","Blizzard+1","Thunder Strike+1","Redo"],"picked":"AT_WaterDrop","floor":13},{"not_picked":["MostiFishMod:StrandedSiren","Amplify","MostiFishMod:TalkingToTheRain","Multi-Cast"],"picked":"MostiFishMod:DawningShadow","floor":16}],"player_experience":932011,"relics_obtained":[{"floor":1.0,"key":"SynthV:TestCard"},{"floor":6,"key":"Happy Flower"},{"floor":9,"key":"AT_BellowingDragoncrestRing"},{"floor":10,"key":"Molten Egg 2"},{"floor":13,"key":"Regal Pillow"}],"event_choices":[{"damage_healed":0.0,"max_hp_gain":0.0,"max_hp_loss":0.0,"gold_gain":150.0,"event_name":"Liars Game","player_choice":"AGREE","floor":3.0,"gold_loss":0.0,"damage_taken":0.0,"cards_obtained":["Doubt"]}],"is_beta":true,"boss_relics":[{"not_picked":["MoonlightInvasionPlan","Snecko Eye"],"picked":"HereWithMe"}],"items_purged_floors":[2,2,2,2,2,2,2,2],"is_endless":false,"potions_floor_spawned":[6,8,10,16],"ascension_level":20}}