{"host":"jm9833yuloeli2yd","time":1613324060,"event":{"mods":["BaseMod","Better Altar","Better Match","Better Note","Better Sensory Stone","Better Skull","Better Third Choice","Better Vampires","BetterRewards","Colored Map","Colored Powertips","DeckTracker","Minty Spire (QoL Compilation)","Permanent Neow","Quick Restart","StSLib","SuperFastMode"],"gold_per_floor":[112,32,43,62,62,93,93,124,124,124,124,159,7,22,22,115,115,131,131,131,150,19,19,52,52,52,52,52,67,12,12,12,12,12],"floor_reached":33,"language":"ENG","playtime":651,"items_purged":[],"score":908,"play_id":"04a0982f-fe3e-422a-9951-63dd46a237b2","local_time":"20210214123420","is_ascension_mode":true,"campfire_choices":[{"data":"Finisher","floor":7.0,"key":"SMITH"},{"data":"A Thousand Cuts","floor":10.0,"key":"SMITH"},{"data":"Burst","floor":15.0,"key":"SMITH"},{"data":"Cloak And Dagger","floor":23.0,"key":"SMITH"},{"data":"Burst","floor":27.0,"key":"SMITH"},{"data":"Blade Dance","floor":32.0,"key":"SMITH"}],"circlet_count":0,"master_deck":["AscendersBane","Strike_G+1","Strike_G","Strike_G","Defend_G","Defend_G","Defend_G","Defend_G","Defend_G","Survivor+1","Neutralize","Finisher+1","Blade Dance+1","Dash","Backstab","Masterful Stab","Accuracy","A Thousand Cuts+1","Burst+1","Flash of Steel","PiercingWail","Burst+1","Cloak And Dagger+1","Dodge and Roll","Accuracy","PiercingWail","Crippling Poison","Malaise","Necronomicurse"],"relics":["Ring of the Snake","Lizard Tail","Matryoshka","Meat on the Bone","Orichalcum","InkBottle","Bloody Idol","Snake Skull","Coffee Dripper","Frozen Egg 2","Pen Nib","Strawberry","Necronomicon"],"acts_visited":["Exordium","TheCity"],"potions_floor_usage":[33],"damage_taken":[{"damage":0.0,"enemies":"Cultist","floor":1.0,"turns":2.0},{"damage":0.0,"enemies":"Small Slimes","floor":3.0,"turns":2.0},{"damage":0.0,"enemies":"2 Louse","floor":4.0,"turns":1.0},{"damage":20.0,"enemies":"Lagavulin","floor":6.0,"turns":7.0},{"damage":0.0,"enemies":"Gremlin Nob","floor":8.0,"turns":3.0},{"damage":15.0,"enemies":"Lagavulin","floor":12.0,"turns":5.0},{"damage":0.0,"enemies":"Exordium Wildlife","floor":14.0,"turns":1.0},{"damage":0.0,"enemies":"Hexaghost","floor":16.0,"turns":9.0},{"damage":20.0,"enemies":"Shell Parasite","floor":18.0,"turns":5.0},{"damage":0.0,"enemies":"Spheric Guardian","floor":21.0,"turns":1.0},{"damage":32.0,"enemies":"Slavers","floor":24.0,"turns":7.0},{"damage":26.0,"enemies":"Snake Plant","floor":29.0,"turns":5.0},{"damage":9,"enemies":"Collector","floor":33,"turns":2}],"seed_played":"-7754090090884324699","potions_obtained":[{"floor":1.0,"key":"GamblersBrew"},{"floor":4.0,"key":"Fire Potion"},{"floor":12.0,"key":"CultistPotion"}],"is_trial":false,"path_per_floor":["M","$","M","M","?","E","R","E","T","R","?","E","$","M","R","B",null,"M","?","?","M","$","R","E","$","T","R","?","M","$","?","R","B"],"character_chosen":"THE_SILENT","items_purchased":["Finisher","Blade Dance","Backstab","Flash of Steel","Dexterity Potion","Accuracy","Strength Potion","SkillPotion"],"campfire_rested":0,"item_purchase_floors":[0,0,2,13,13,22,22,30],"current_hp_per_floor":[46,46,46,46,26,6,6,6,6,6,6,42,42,42,42,42,56,36,35,35,40,40,40,25,25,32,32,32,23,23,2,2,0,0],"gold":12,"neow_bonus":"","is_daily":false,"chose_seed":false,"campfire_upgraded":6,"win_rate":0.0,"timestamp":1613324060,"path_taken":["M","?","M","?","?","E","R","E","T","R","?","E","$","?","R","BOSS","M","?","?","?","?","R","E","$","T","R","?","?","?","?","R","BOSS"],"items_purchased_type":["Card","Card","Card","Card","Potion","Card","Potion","Potion"],"build_version":"2020-12-22","purchased_purges":0,"victory":false,"max_hp_per_floor":[66,66,66,66,66,66,66,66,66,66,60,60,60,60,60,60,60,60,60,60,60,60,60,60,60,67,67,67,67,67,67,67,67,67],"card_choices":[{"not_picked":["Deflect","Tactician"],"picked":"Dash","floor":1.0},{"not_picked":["Acrobatics","Riddle With Holes"],"picked":"Masterful Stab","floor":3.0},{"not_picked":["Deadly Poison","All Out Attack"],"picked":"Accuracy","floor":4.0},{"not_picked":["Underhanded Strike","Bane","Concentrate"],"picked":"SKIP","floor":6.0},{"not_picked":["Escape Plan","Dodge and Roll"],"picked":"A Thousand Cuts","floor":8.0},{"not_picked":["Slice","Footwork"],"picked":"Burst","floor":12.0},{"not_picked":["Concentrate","Eviscerate"],"picked":"PiercingWail","floor":14.0},{"not_picked":["Corpse Explosion","Night Terror"],"picked":"Burst","floor":16.0},{"not_picked":["Dagger Throw","Flying Knee+1"],"picked":"Cloak And Dagger","floor":18.0},{"not_picked":["Flying Knee","Outmaneuver"],"picked":"Dodge and Roll","floor":21.0},{"not_picked":["Bane","Acrobatics"],"picked":"PiercingWail","floor":24.0},{"not_picked":["Blade Dance","Dodge and Roll"],"picked":"Malaise","floor":29.0}],"player_experience":1363703,"relics_obtained":[{"floor":6.0,"key":"Matryoshka"},{"floor":8.0,"key":"Meat on the Bone"},{"floor":9.0,"key":"Orichalcum"},{"floor":9.0,"key":"InkBottle"},{"floor":12.0,"key":"Snake Skull"},{"floor":24.0,"key":"Frozen Egg 2"},{"floor":26.0,"key":"Pen Nib"},{"floor":26.0,"key":"Strawberry"},{"floor":31.0,"key":"Necronomicon"}],"event_choices":[{"damage_healed":46.0,"max_hp_gain":0.0,"max_hp_loss":66.0,"gold_gain":0.0,"event_name":"betterThird:BetterShining","player_choice":"Upgrade","floor":5.0,"gold_loss":0.0,"damage_taken":20.0,"cards_upgraded":["Strike_G","Survivor"]},{"damage_healed":0.0,"max_hp_gain":0.0,"max_hp_loss":6.0,"gold_gain":0.0,"event_name":"Golden Idol","player_choice":"Lose Max HP","floor":11.0,"gold_loss":0.0,"damage_taken":0.0,"relics_obtained":["Golden Idol"]},{"damage_healed":0.0,"max_hp_gain":36.0,"max_hp_loss":35.0,"gold_gain":0.0,"event_name":"betterAltar:BetterAltar","player_choice":" GoldIdol ","floor":19.0,"potions_obtained":[],"relics_lost":["Golden Idol"],"gold_loss":0.0,"damage_taken":1.0,"relics_obtained":["Bloody Idol"]},{"cards_removed":["Strike_G"],"damage_healed":0.0,"max_hp_gain":0.0,"max_hp_loss":0.0,"gold_gain":0.0,"event_name":"Purifier","player_choice":"Purged","floor":20.0,"gold_loss":0.0,"damage_taken":0.0},{"damage_healed":0.0,"max_hp_gain":0.0,"max_hp_loss":0.0,"gold_gain":0.0,"cards_transformed":["Strike_G"],"event_name":"Transmorgrifier","player_choice":"Transformed","floor":28.0,"gold_loss":0.0,"damage_taken":0.0,"cards_obtained":["Crippling Poison"]},{"damage_healed":0.0,"max_hp_gain":0.0,"max_hp_loss":0.0,"gold_gain":0.0,"event_name":"Cursed Tome","player_choice":"Obtained Book","floor":31.0,"gold_loss":0.0,"damage_taken":21.0}],"is_beta":false,"boss_relics":[{"not_picked":["Runic Pyramid","Calling Bell"],"picked":"Coffee Dripper"}],"items_purged_floors":[],"is_endless":false,"potions_floor_spawned":[1,4,12,14],"killed_by":"Collector","ascension_level":20}}