{"host":"8efry9zhj4tjp5kw","time":1613335955,"event":{"mods":["Act Like it!","Aspiration","Bard","BaseMod","Beaked The Cultist","Colored Map","Colored Powertips","Conspire","Downfall","Glutton Mod","Halation","Hallownest","Hermit","Highlight Path","Hubris","Infinite Spire","Jedi Mod","Jorbs\u0027s Wanderer Trilogy","Koishi","Mad Scientist","Marisa????????","Mimic Mod","Minty Spire (QoL Compilation)","Reworked Bosses","Shop Mod","StSLib","The Administrix","The Construct","The Disciple","The Jungle","The Mystic","The Necromancer","The Servant 0.9.4","Unceasing Turn Reminder"],"gold_per_floor":[99,114,130,156,64,80,80,107,184,199,214,214,214,231,246,347,347,347,367,384,404,424,424,460,470,485,496,514,539,564,574,593,694,694,694,708,727,727,745,774,810,825,843,843,854,868,886,46,64,64],"floor_reached":51,"language":"ENG","playtime":4519,"items_purged":["Slimebound:Strike_Slimebound"],"score":853,"play_id":"d215fb23-5525-4b8b-9a0c-8420d02f0779","local_time":"20210214215235","is_ascension_mode":true,"campfire_choices":[{"data":"Slimebound:Overexert","floor":1,"key":"SMITH"},{"floor":12,"key":"REST"},{"data":"Slimebound:TongueLash","floor":18,"key":"SMITH"},{"floor":23,"key":"REST"},{"data":"Slimebound:Grow","floor":35,"key":"SMITH"},{"data":"Slimebound:Schlurp","floor":44,"key":"SMITH"}],"circlet_count":0,"master_deck":["Slimebound:Strike_Slimebound","Slimebound:Strike_Slimebound","Slimebound:Defend_Slimebound","Slimebound:Defend_Slimebound","Slimebound:Defend_Slimebound","Slimebound:Defend_Slimebound","Slimebound:Split","Slimebound:CorrosiveSpit","Slimebound:Overexert+1","Slimebound:PressTheAttack","Slimebound:HauntingLick","Slimebound:GrowthPunch","Slimebound:TongueLash+1","Slimebound:ItLooksTasty","Slimebound:Schlurp+1","Slimebound:SplitBruiser","Slimebound:HauntingLick","Slimebound:Schlurp","Slimebound:TagTeam+1","Slimebound:GoopSpray","Slimebound:SpikyOuterGoop","Slimebound:Gluttony","Slimebound:Grow+1","Slimebound:LeechEnergy+1","Slimebound:MegaLick+1","Slimebound:Equalize+1","Slimebound:SamplingLick","Slimebound:Teamwork","Slimebound:LeechEnergy+1","Slimebound:LivingWall","Slimebound:TongueLash+1","Slimebound:MinionMaster"],"relics":["Slimebound:AbsorbEndCombat","Toy Ornithopter","InkBottle","MealTicket","Molten Egg 2","Slimebound:TarBlob","The Courier","halation:PrussianBluePaint","infinitespire:Lychee Nut","conspire:RunicOctahedron","hubris:BundleOfHerbs","Prayer Wheel","bronze:DonusWashers","infinitespire:CheckeredPen","Orichalcum","infinitespire:WardingShard","Regal Pillow"],"acts_visited":["Exordium","TheCity","TheBeyond"],"potions_floor_usage":[11,16,16,33,40,43,46],"damage_taken":[{"damage":1,"enemies":"Cultist","floor":2,"turns":3},{"damage":4,"enemies":"Jaw Worm","floor":3,"turns":3},{"damage":3,"enemies":"downfall:FleeingMerchant","floor":5,"turns":4},{"damage":3,"enemies":"2 Louse","floor":6,"turns":1},{"damage":25,"enemies":"Lagavulin","floor":8,"turns":5},{"damage":14,"enemies":"Blue Slaver","floor":10,"turns":4},{"damage":8,"enemies":"Large Slime","floor":11,"turns":5},{"damage":31,"enemies":"Gremlin Gang","floor":14,"turns":3},{"damage":7,"enemies":"Exordium Wildlife","floor":15,"turns":2},{"damage":27,"enemies":"WA_ARCHETYPE_RETAIN","floor":16,"turns":6},{"damage":0,"enemies":"3 Byrds","floor":19,"turns":4},{"damage":15,"enemies":"Shell Parasite","floor":20,"turns":3},{"damage":20,"enemies":"Snecko","floor":21,"turns":4},{"damage":10,"enemies":"Centurion and Healer","floor":22,"turns":5},{"damage":5,"enemies":"3 Cultists","floor":24,"turns":5},{"damage":6,"enemies":"3 Cultists","floor":25,"turns":4},{"damage":6,"enemies":"Snecko","floor":26,"turns":4},{"damage":0,"enemies":"Sentry and Sphere","floor":27,"turns":3},{"damage":27,"enemies":"Snake Plant","floor":28,"turns":3},{"damage":0,"enemies":"conspire:Head Lice","floor":29,"turns":7},{"damage":18,"enemies":"conspire:MimicChest","floor":30,"turns":5},{"damage":0,"enemies":"Centurion and Healer","floor":31,"turns":4},{"damage":5,"enemies":"conspire:HollyBat","floor":32,"turns":5},{"damage":26,"enemies":"IC_MUSHROOM_ARCHETYPE","floor":33,"turns":6},{"damage":7,"enemies":"3 Shapes","floor":36,"turns":3},{"damage":0,"enemies":"Orb Walker","floor":37,"turns":3},{"damage":16,"enemies":"3 Darklings","floor":39,"turns":4},{"damage":45,"enemies":"Reptomancer","floor":40,"turns":6},{"damage":14,"enemies":"4 Shapes","floor":41,"turns":10},{"damage":11,"enemies":"4 Shapes","floor":42,"turns":6},{"damage":4,"enemies":"Jaw Worm Horde","floor":43,"turns":4},{"damage":17,"enemies":"Maw","floor":45,"turns":6},{"damage":0,"enemies":"Transient","floor":46,"turns":5},{"damage":0,"enemies":"4 Shapes","floor":47,"turns":5},{"damage":0,"enemies":"downfall:FleeingMerchant","floor":48,"turns":4},{"damage":0,"enemies":"Jaw Worm Horde","floor":49,"turns":3},{"damage":3,"enemies":"SI_POISON_ARCHETYPE","floor":50,"turns":12}],"seed_played":"7144949374744464676","potions_obtained":[{"floor":6,"key":"conspire:TimeTravelPotion"},{"floor":8,"key":"jedi:mysterypotion"},{"floor":11,"key":"SteroidPotion"},{"floor":15,"key":"SkillPotion"},{"floor":21,"key":"GamblersBrew"},{"floor":22,"key":"construct:ShiftPotion"},{"floor":25,"key":"Swift Potion"},{"floor":36,"key":"Explosive Potion"},{"floor":43,"key":"sneckomod:MuddlingPotion"},{"floor":45,"key":"jedi:wingpotion"}],"is_trial":false,"path_per_floor":["R","M","M","T","$","M","T","E","T","M","M","R","?","M","M","B",null,"R","M","M","M","M","R","MIM","M","M","M","M","E","?","M","M","B",null,"R","M","M","?","M","E","MIM","M","M","R","M","M","M","$","M","B",null],"character_chosen":"SLIMEBOUND","items_purchased":["DuplicationPotion","bronze:DonusWashers","infinitespire:CheckeredPen","Orichalcum","infinitespire:WardingShard","Regal Pillow"],"campfire_rested":2,"item_purchase_floors":[5,48,48,48,48,48],"current_hp_per_floor":[65,64,60,60,61,60,60,42,42,32,37,56,56,31,26,40,65,65,65,54,42,38,57,58,56,58,64,43,51,41,48,45,41,48,48,48,48,51,51,7,19,22,37,37,46,51,51,51,51,50],"gold":64,"neow_bonus":"ONE_RANDOM_RARE_CARD","is_daily":false,"chose_seed":false,"campfire_upgraded":4,"win_rate":0.0,"timestamp":1613335955,"path_taken":["R","M","M","?","?","M","T","E","?","M","M","R","?","M","M","BOSS","R","M","M","M","M","R","MIM","M","M","M","M","E","?","M","M","BOSS","R","M","M","?","M","E","MIM","M","M","R","M","M","M","$","M","BOSS"],"items_purchased_type":["Potion","Relic","Relic","Relic","Relic","Relic"],"build_version":"2020-12-22","purchased_purges":1,"victory":true,"max_hp_per_floor":[65,65,65,65,65,65,65,65,65,65,65,65,65,65,65,65,65,65,65,65,65,65,65,65,65,65,65,65,65,48,48,48,48,48,48,48,48,51,51,51,51,51,51,51,51,51,51,51,51,51],"card_choices":[{"not_picked":["Slimebound:FormOfPuddle","Slimebound:SamplingLick"],"picked":"Slimebound:PressTheAttack","floor":2},{"not_picked":["Slimebound:Schlurp","Slimebound:GoopTackle"],"picked":"Slimebound:HauntingLick","floor":3},{"not_picked":["Slimebound:MassRepurpose","Slimebound:LeechingTouch"],"picked":"Slimebound:GrowthPunch","floor":5},{"not_picked":["Slimebound:Equalize","Slimebound:SplitLeeching"],"picked":"Slimebound:TongueLash","floor":6},{"not_picked":["Slimebound:LivingWall","Slimebound:Replication"],"picked":"Slimebound:ItLooksTasty","floor":8},{"not_picked":["Slimebound:FinishingTackle+1","Slimebound:SplitMire"],"picked":"Slimebound:Schlurp","floor":10},{"not_picked":["Slimebound:ForwardTackle+1","Slimebound:PrepareCrush"],"picked":"Slimebound:SplitBruiser","floor":11},{"not_picked":["Slimebound:ComboTackle+1","Slimebound:ViciousTackle+1"],"picked":"Slimebound:HauntingLick","floor":14},{"not_picked":["Slimebound:SlimeSpikes","Slimebound:LeadByExample"],"picked":"Slimebound:Schlurp","floor":15},{"not_picked":["Slimebound:DuplicatedForm","Slimebound:Teamwork"],"picked":"Slimebound:TagTeam+1","floor":16},{"not_picked":["Slimebound:Schlurp+1","Slimebound:BestDefense+1","Slimebound:SplitMire"],"picked":"SKIP","floor":19},{"not_picked":["Slimebound:Chomp+1","Slimebound:SlimeSpikes+1"],"picked":"Slimebound:GoopSpray","floor":20},{"not_picked":["Slimebound:SplitAcid+1","Slimebound:BestDefense"],"picked":"Slimebound:SpikyOuterGoop","floor":21},{"not_picked":["Slimebound:PressTheAttack+1","Slimebound:Replication","Slimebound:ItLooksTasty+1"],"picked":"SKIP","floor":22},{"not_picked":["Slimebound:Nibble+1","Slimebound:ItLooksTasty+1"],"picked":"Slimebound:Gluttony","floor":25},{"not_picked":["Slimebound:SplitAcid","Slimebound:SplitSpecialist"],"picked":"Slimebound:Grow","floor":26},{"not_picked":["Slimebound:Repurpose","Slimebound:FirmFortitude"],"picked":"Slimebound:LeechEnergy+1","floor":27},{"not_picked":["Slimebound:HauntingLick","Slimebound:SplitBruiser","Slimebound:ForwardTackle+1"],"picked":"SKIP","floor":28},{"not_picked":["Slimebound:LeechEnergy+1","Slimebound:SplitMire"],"picked":"Slimebound:MegaLick+1","floor":29},{"not_picked":["Slimebound:GoopTackle+1","Slimebound:LeechLife+1"],"picked":"Slimebound:Equalize+1","floor":30},{"not_picked":["Slimebound:Equalize+1","Slimebound:SplitLeeching+1"],"picked":"Slimebound:SamplingLick","floor":31},{"not_picked":["Slimebound:FinishingTackle+1","Slimebound:ForwardTackle+1","Slimebound:SlimeSpikes"],"picked":"SKIP","floor":32},{"not_picked":["Slimebound:RallyTheTroops+1","Slimebound:Recycling"],"picked":"Slimebound:Teamwork","floor":33},{"not_picked":["Slimebound:ForwardTackle+1","Slimebound:SplitBruiser"],"picked":"Slimebound:LeechEnergy+1","floor":36},{"not_picked":["Slimebound:RollThrough+1","Slimebound:Prepare+1","Slimebound:FinishingTackle+1"],"picked":"SKIP","floor":37},{"not_picked":["Slimebound:ViciousTackle+1","Slimebound:PressTheAttack+1","Slimebound:TagTeam+1"],"picked":"SKIP","floor":39},{"not_picked":["Slimebound:ForwardTackle+1","Slimebound:ServeAndProtect+1","Slimebound:RollThrough+1"],"picked":"SKIP","floor":40},{"not_picked":["Slimebound:SplitBruiser","Slimebound:LeadByExample","Slimebound:SlimeSpikes"],"picked":"SKIP","floor":42},{"not_picked":["Slimebound:Prepare+1","Slimebound:LeechLife+1","Slimebound:LivingWall+1"],"picked":"SKIP","floor":42},{"not_picked":["Slimebound:LevelUp","Slimebound:PressTheAttack+1"],"picked":"Slimebound:LivingWall","floor":43},{"not_picked":["Slimebound:LeechEnergy+1","Slimebound:SplitAcid+1","Slimebound:SplitMire+1"],"picked":"SKIP","floor":43},{"not_picked":["Slimebound:LivingWall+1","Slimebound:ComboTackle+1"],"picked":"Slimebound:TongueLash+1","floor":45},{"not_picked":["Slimebound:SamplingLick","Slimebound:LeechEnergy+1","Slimebound:ItLooksTasty+1"],"picked":"SKIP","floor":45},{"not_picked":["Slimebound:LeechEnergy+1","Slimebound:Prepare+1","Slimebound:TagTeam+1"],"picked":"SKIP","floor":46},{"not_picked":["Slimebound:ItLooksTasty+1","Slimebound:SplitBruiser","Slimebound:SplitAcid+1"],"picked":"SKIP","floor":46},{"not_picked":["Slimebound:PressTheAttack+1","Slimebound:Schlurp+1","Slimebound:Prepare"],"picked":"SKIP","floor":47},{"not_picked":["Slimebound:ViciousTackle+1","Slimebound:LeechingTouch+1","Slimebound:LeadByExample+1"],"picked":"SKIP","floor":47},{"not_picked":["Slimebound:GrowthPunch+1","Slimebound:SplitBruiser+1"],"picked":"Slimebound:MinionMaster","floor":48},{"not_picked":["Slimebound:SplitBruiser","Slimebound:Recollect+1","Slimebound:Prepare"],"picked":"SKIP","floor":49},{"not_picked":["Slimebound:ItLooksTasty+1","Slimebound:LevelUp+1","Slimebound:SplitLeeching"],"picked":"SKIP","floor":49}],"player_experience":1128174,"relics_obtained":[{"floor":4,"key":"Toy Ornithopter"},{"floor":7,"key":"InkBottle"},{"floor":8,"key":"MealTicket"},{"floor":9,"key":"Molten Egg 2"},{"floor":24,"key":"The Courier"},{"floor":29,"key":"halation:PrussianBluePaint"},{"floor":30,"key":"infinitespire:Lychee Nut"},{"floor":40,"key":"hubris:BundleOfHerbs"},{"floor":41,"key":"Prayer Wheel"}],"event_choices":[],"is_beta":false,"boss_relics":[{"not_picked":["halation:LoveArrow","aspiration:BardSkillbook"],"picked":"Slimebound:TarBlob"},{"not_picked":["hubris:Backtick","Slimebound:AbsorbEndCombatUpgraded"],"picked":"conspire:RunicOctahedron"}],"items_purged_floors":[48],"is_endless":false,"potions_floor_spawned":[6,8,11,15,21,22,25,26,27,30,31,32,36,43,45,49],"ascension_level":3}}