{"host":"2no1vwhhkhf0ohz3","time":1613320888,"event":{"mods":["AchievementEnabler","BaseMod","BetterRewards","Colored Map","DeckTracker","Keyboard Shortcuts","Minty Spire (QoL Compilation)","SuperFastMode"],"gold_per_floor":[14,26,26,38,38,38,38,63,63,63,82,102,118,118,118,118,118],"floor_reached":16,"language":"KOR","playtime":275,"items_purged":[],"score":153,"play_id":"22e3204d-c565-4bc0-ae9f-bf20efd4b07c","local_time":"20210215014128","is_ascension_mode":true,"campfire_choices":[{"data":"Flex","floor":6,"key":"SMITH"},{"data":"Seeing Red","floor":10,"key":"SMITH"},{"data":"Bash","floor":15,"key":"SMITH"}],"circlet_count":0,"master_deck":["AscendersBane","Strike_R","Strike_R","Strike_R","Strike_R","Defend_R","Bash+1","Seeing Red+1","Flex+1","Shrug It Off","Warcry","Burning Pact","Headbutt"],"relics":["Burning Blood","Blood Vial","The Courier","White Beast Statue"],"acts_visited":["Exordium"],"potions_floor_usage":[8,16,16],"damage_taken":[{"damage":8,"enemies":"Small Slimes","floor":1,"turns":3},{"damage":2,"enemies":"2 Louse","floor":2,"turns":3},{"damage":16,"enemies":"Jaw Worm","floor":4,"turns":4},{"damage":24,"enemies":"Gremlin Nob","floor":8,"turns":4},{"damage":3,"enemies":"Looter","floor":11,"turns":2},{"damage":22,"enemies":"Gremlin Gang","floor":12,"turns":6},{"damage":10,"enemies":"Red Slaver","floor":13,"turns":3},{"damage":30,"enemies":"Hexaghost","floor":16,"turns":4}],"seed_played":"-2808596151635055547","potions_obtained":[{"floor":4,"key":"BlessingOfTheForge"},{"floor":12,"key":"FearPotion"},{"floor":13,"key":"PowerPotion"}],"is_trial":false,"path_per_floor":["M","M","?","M","?","R","$","E","T","R","M","M","M","T","R","B"],"character_chosen":"IRONCLAD","items_purchased":[],"campfire_rested":0,"item_purchase_floors":[],"current_hp_per_floor":[70,74,74,64,57,57,57,39,39,39,44,30,28,28,28,0,0],"gold":118,"neow_bonus":"REMOVE_TWO","is_daily":false,"chose_seed":false,"campfire_upgraded":3,"win_rate":0.0,"timestamp":1613320888,"path_taken":["M","M","?","M","?","R","$","E","T","R","M","M","M","?","R","BOSS"],"items_purchased_type":[],"build_version":"2020-12-22","purchased_purges":0,"victory":false,"max_hp_per_floor":[80,80,80,80,80,80,80,80,80,80,80,80,80,80,80,80,80],"card_choices":[{"not_picked":["Body Slam","Clash"],"picked":"Seeing Red","floor":1},{"not_picked":["True Grit","Warcry"],"picked":"Flex","floor":2},{"not_picked":["Headbutt","Fire Breathing"],"picked":"Shrug It Off","floor":4},{"not_picked":["Perfected Strike","Clash"],"picked":"Warcry","floor":8},{"not_picked":["Barricade","Flex","True Grit"],"picked":"SKIP","floor":11},{"not_picked":["Reckless Charge","Thunderclap"],"picked":"Burning Pact","floor":12},{"not_picked":["Burning Pact","Infernal Blade"],"picked":"Headbutt","floor":13}],"player_experience":294870,"relics_obtained":[{"floor":8,"key":"Blood Vial"},{"floor":9,"key":"The Courier"},{"floor":14,"key":"White Beast Statue"}],"event_choices":[{"cards_removed":["Defend_R"],"damage_healed":0,"gold_gain":0,"player_choice":"Forget","damage_taken":0,"max_hp_gain":0,"max_hp_loss":0,"event_name":"Living Wall","floor":3,"gold_loss":0},{"cards_removed":["Defend_R"],"damage_healed":0,"gold_gain":0,"player_choice":"Card Removal","damage_taken":7,"max_hp_gain":0,"max_hp_loss":0,"event_name":"Golden Wing","floor":5,"gold_loss":0}],"is_beta":false,"boss_relics":[],"items_purged_floors":[],"is_endless":false,"potions_floor_spawned":[4,12,13],"killed_by":"Hexaghost","ascension_level":10}}