{"host":"u8f6oqzdc7r6igag","time":1613282220,"event":{"mods":["BaseMod","Minty Spire (QoL Compilation)","Relic Stats"],"gold_per_floor":[118,128,142,142,159,187,187,187,266,299,107,132,132,142,142,242,242,261,17,32,51,51,86,86,114,114,114,133,48,48,58,58,158,158,171,171,171,171,185,212,212,228,255,255,255,255],"floor_reached":45,"language":"ENG","playtime":4631,"items_purged":["Strike_G","Strike_G"],"score":768,"play_id":"3492105d-e12c-44c3-8547-2bb842627fca","local_time":"20210213235700","is_ascension_mode":true,"campfire_choices":[{"floor":15.0,"key":"REST"},{"data":"Malaise","floor":24.0,"key":"SMITH"},{"data":"Footwork","floor":32.0,"key":"SMITH"},{"data":"Footwork","floor":41,"key":"SMITH"}],"circlet_count":0,"master_deck":["Strike_G","Strike_G","Strike_G","Defend_G","Defend_G","Defend_G","Defend_G","Survivor","Neutralize","Blade Dance","Skewer+1","Escape Plan","Cloak And Dagger","Die Die Die+1","Caltrops","Well Laid Plans","Dagger Spray","Leg Sweep","Venomology","Malaise+1","Concentrate+1","Cloak And Dagger","Calculated Gamble","Footwork+1","Footwork+1","Burst","Dash","Backstab","Parasite"],"relics":["Ring of the Snake","Blood Vial","Paper Crane","Darkstone Periapt","Sundial","Ninja Scroll","Thread and Needle","Coffee Dripper","Mummified Hand","Smiling Mask","Lantern","Orichalcum","NlothsMask","Runic Pyramid","Matryoshka","Bag of Preparation","Pen Nib"],"acts_visited":["TheCity","TheBeyond"],"potions_floor_usage":[40,42,44,44],"damage_taken":[{"damage":2.0,"enemies":"Cultist","floor":1.0,"turns":6.0},{"damage":0.0,"enemies":"Small Slimes","floor":2.0,"turns":3.0},{"damage":0.0,"enemies":"2 Louse","floor":3.0,"turns":4.0},{"damage":1.0,"enemies":"Looter","floor":5.0,"turns":3.0},{"damage":16.0,"enemies":"Gremlin Nob","floor":6.0,"turns":4.0},{"damage":26.0,"enemies":"3 Sentries","floor":10.0,"turns":9.0},{"damage":24.0,"enemies":"Gremlin Nob","floor":12.0,"turns":4.0},{"damage":3.0,"enemies":"Exordium Thugs","floor":14.0,"turns":3.0},{"damage":8.0,"enemies":"The Guardian","floor":16.0,"turns":10.0},{"damage":0.0,"enemies":"2 Thieves","floor":18.0,"turns":4.0},{"damage":0.0,"enemies":"Spheric Guardian","floor":20.0,"turns":3.0},{"damage":0.0,"enemies":"Centurion and Healer","floor":21.0,"turns":7.0},{"damage":17.0,"enemies":"Gremlin Leader","floor":23.0,"turns":6.0},{"damage":2.0,"enemies":"Book of Stabbing","floor":25.0,"turns":7.0},{"damage":3.0,"enemies":"3 Cultists","floor":28.0,"turns":5.0},{"damage":0.0,"enemies":"Shelled Parasite and Fungi","floor":31.0,"turns":2.0},{"damage":56.0,"enemies":"Collector","floor":33.0,"turns":16.0},{"damage":0.0,"enemies":"3 Shapes","floor":35.0,"turns":11.0},{"damage":6.0,"enemies":"3 Darklings","floor":39.0,"turns":9.0},{"damage":23,"enemies":"Reptomancer","floor":40,"turns":11},{"damage":0,"enemies":"Writhing Mass","floor":42,"turns":11},{"damage":0,"enemies":"Giant Head","floor":44,"turns":6},{"damage":8,"enemies":"Spire Growth","floor":45,"turns":3}],"seed_played":"6147324634262188545","potions_obtained":[{"floor":3.0,"key":"Strength Potion"},{"floor":12.0,"key":"Fruit Juice"},{"floor":14.0,"key":"FearPotion"},{"floor":16.0,"key":"Energy Potion"},{"floor":21.0,"key":"CunningPotion"},{"floor":30.0,"key":"SteroidPotion"},{"floor":30.0,"key":"SmokeBomb"},{"floor":31.0,"key":"CunningPotion"}],"is_trial":false,"path_per_floor":["M","M","M","T","M","E","?","?","T","E","$","E","?","M","R","B",null,"M","$","M","M","$","E","R","E","T","?","M","$","?","M","R","B",null,"M","T","?","?","M","E","R","M","T","E","M"],"character_chosen":"THE_SILENT","items_purchased":["Well Laid Plans","Dagger Spray","Mummified Hand","Footwork"],"campfire_rested":1,"item_purchase_floors":[11,11,19,29],"current_hp_per_floor":[63,65,67,67,68,54,54,59,59,35,35,13,13,12,34,33,68,70,70,72,74,74,59,59,59,59,59,58,58,58,60,60,6,62,79,79,79,79,74,53,53,61,61,63,57,57],"gold":255,"neow_bonus":"RANDOM_COMMON_RELIC","is_daily":false,"chose_seed":false,"campfire_upgraded":3,"win_rate":0.0,"timestamp":1613282220,"path_taken":["M","M","M","?","M","E","?","?","T","E","$","E","?","M","R","BOSS","M","$","M","M","$","E","R","E","T","?","?","$","?","M","R","BOSS","M","?","?","?","M","E","R","?","T","E","M"],"items_purchased_type":["Card","Card","Relic","Card"],"build_version":"2020-12-22","purchased_purges":2,"victory":false,"max_hp_per_floor":[70,70,70,70,70,70,70,75,75,75,75,75,75,75,75,80,80,80,80,80,80,80,80,80,80,80,80,80,80,80,80,80,80,80,80,80,80,80,80,80,80,86,86,86,86,86],"relic_stats":{"Blood Vial":45,"Darkstone Periapt":6,"counters":[23,147],"Sundial":[16],"Mummified Hand":[41],"Pen Nib":[2],"Bag of Preparation":[0],"Orichalcum":[72],"Smiling Mask":50,"obtain_stats":[{"Darkstone Periapt":6,"Lantern":25,"Thread and Needle":12,"Pen Nib":43,"Bag of Preparation":43,"Paper Crane":4,"Orichalcum":26,"Smiling Mask":23,"Blood Vial":0,"Matryoshka":40,"Sundial":9,"Ninja Scroll":10,"Mummified Hand":19,"Coffee Dripper":17,"Ring of the Snake":0,"NlothsMask":27,"Runic Pyramid":34},{"Darkstone Periapt":5,"Lantern":14,"Thread and Needle":7,"Pen Nib":21,"Bag of Preparation":21,"Paper Crane":3,"Orichalcum":14,"Smiling Mask":13,"Blood Vial":0,"Matryoshka":20,"Sundial":5,"Ninja Scroll":6,"Mummified Hand":10,"Coffee Dripper":9,"Ring of the Snake":0,"NlothsMask":14,"Runic Pyramid":17},{"Darkstone Periapt":20,"Lantern":73,"Thread and Needle":33,"Pen Nib":138,"Bag of Preparation":138,"Paper Crane":13,"Orichalcum":73,"Smiling Mask":66,"Blood Vial":0,"Matryoshka":127,"Sundial":20,"Ninja Scroll":29,"Mummified Hand":50,"Coffee Dripper":46,"Ring of the Snake":0,"NlothsMask":73,"Runic Pyramid":96}],"Ring of the Snake":[46]},"card_choices":[{"not_picked":["Blur","PiercingWail"],"picked":"Blade Dance","floor":1.0},{"not_picked":["Distraction","Terror"],"picked":"Skewer","floor":2.0},{"not_picked":["Slice","Flechettes"],"picked":"Escape Plan","floor":3.0},{"not_picked":["Choke","Calculated Gamble"],"picked":"Cloak And Dagger","floor":5.0},{"not_picked":["Deflect","Bouncing Flask"],"picked":"Die Die Die","floor":6.0},{"not_picked":["Poisoned Stab","PiercingWail"],"picked":"Caltrops","floor":10.0},{"not_picked":["Blade Dance","All Out Attack"],"picked":"Leg Sweep","floor":12.0},{"not_picked":["Deflect","Prepared"],"picked":"Venomology","floor":14.0},{"not_picked":["Glass Knife","Corpse Explosion"],"picked":"Malaise","floor":16.0},{"not_picked":["Underhanded Strike+1","Quick Slash+1"],"picked":"Concentrate+1","floor":18.0},{"not_picked":["Bouncing Flask","Deadly Poison+1","Dodge and Roll"],"picked":"SKIP","floor":20.0},{"not_picked":["Crippling Poison","Deflect"],"picked":"Cloak And Dagger","floor":21.0},{"not_picked":["Dagger Throw+1","Leg Sweep","Slice"],"picked":"SKIP","floor":23.0},{"not_picked":["All Out Attack","Expertise"],"picked":"Calculated Gamble","floor":25.0},{"not_picked":["Prepared","Backflip"],"picked":"Footwork","floor":28.0},{"not_picked":["Acrobatics","Dagger Spray+1","Distraction"],"picked":"SKIP","floor":31.0},{"not_picked":["Doppelganger","Phantasmal Killer"],"picked":"Burst","floor":33.0},{"not_picked":["Heel Hook","Dodge and Roll","Well Laid Plans+1"],"picked":"SKIP","floor":35.0},{"not_picked":["Flying Knee","Concentrate"],"picked":"Dash","floor":39.0},{"not_picked":["Deflect","Flying Knee+1"],"picked":"Backstab","floor":40},{"not_picked":["Dagger Spray","Riddle With Holes+1","Quick Slash"],"picked":"SKIP","floor":42}],"player_experience":190750,"relics_obtained":[{"floor":4.0,"key":"Paper Crane"},{"floor":6.0,"key":"Darkstone Periapt"},{"floor":9.0,"key":"Sundial"},{"floor":10.0,"key":"Ninja Scroll"},{"floor":12.0,"key":"Thread and Needle"},{"floor":23.0,"key":"Smiling Mask"},{"floor":25.0,"key":"Lantern"},{"floor":26.0,"key":"Orichalcum"},{"floor":40,"key":"Matryoshka"},{"floor":43,"key":"Bag of Preparation"},{"floor":43,"key":"Pen Nib"}],"event_choices":[{"damage_healed":0.0,"max_hp_gain":0.0,"max_hp_loss":0.0,"gold_gain":0.0,"event_name":"Living Wall","player_choice":"Grow","floor":7.0,"gold_loss":0.0,"damage_taken":0.0,"cards_upgraded":["Skewer"]},{"damage_healed":0.0,"max_hp_gain":5.0,"max_hp_loss":0.0,"gold_gain":0.0,"event_name":"Big Fish","player_choice":"Donut","floor":8.0,"gold_loss":0.0,"damage_taken":0.0},{"damage_healed":0.0,"max_hp_gain":0.0,"max_hp_loss":0.0,"gold_gain":0.0,"event_name":"Upgrade Shrine","player_choice":"Upgraded","floor":13.0,"gold_loss":0.0,"damage_taken":0.0,"cards_upgraded":["Die Die Die"]},{"damage_healed":0.0,"max_hp_gain":0.0,"max_hp_loss":0.0,"gold_gain":0.0,"event_name":"FaceTrader","player_choice":"Trade","floor":27.0,"gold_loss":0.0,"damage_taken":0.0,"relics_obtained":["NlothsMask"]},{"damage_healed":0.0,"max_hp_gain":0.0,"max_hp_loss":0.0,"gold_gain":0.0,"event_name":"Lab","player_choice":"Got Potions","floor":30.0,"gold_loss":0.0,"damage_taken":0.0},{"cards_removed":["Defend_G"],"damage_healed":0.0,"max_hp_gain":0.0,"max_hp_loss":0.0,"gold_gain":0.0,"event_name":"Falling","player_choice":"Removed Skill","floor":37.0,"gold_loss":0.0,"damage_taken":0.0},{"damage_healed":0.0,"max_hp_gain":0.0,"max_hp_loss":0.0,"gold_gain":0.0,"event_name":"Tomb of Lord Red Mask","player_choice":"Ignored","floor":38.0,"gold_loss":0.0,"damage_taken":0.0}],"is_beta":false,"boss_relics":[{"not_picked":["SlaversCollar","Snecko Eye"],"picked":"Coffee Dripper"},{"not_picked":["Empty Cage","Ring of the Serpent"],"picked":"Runic Pyramid"}],"items_purged_floors":[11,29],"is_endless":false,"potions_floor_spawned":[3,12,14,16,21,31,33,39,44],"killed_by":"Spire Growth","ascension_level":8}}