{"host":"nlbr7nnijupf3yfg","time":1613277158,"event":{"mods":["AchievementEnabler","BaseMod","BetterRewards","Colored Powertips","DeckTracker","Downfall","Hermit","Hubris","Infinite Spire","Minty Spire (QoL Compilation)","Quick Restart","Replay The Spire","StSLib","SuperFastMode"],"gold_per_floor":[117,117,117,130,130,130,156,156,204,219,27,40,56,56,56,155,155,169,169,13,24,24,24,24],"floor_reached":23,"language":"ENG","playtime":337,"items_purged":[],"score":214,"play_id":"2d996012-4aac-46b1-9303-f0f51e7c8652","local_time":"20210213233238","is_ascension_mode":false,"campfire_choices":[{"data":"hermit:Spite","floor":6,"key":"SMITH"},{"data":"hermit:CursedWeapon","floor":8,"key":"SMITH"},{"data":"hermit:Snapshot","floor":15,"key":"SMITH"}],"circlet_count":0,"master_deck":["hermit:Strike_Hermit","hermit:Strike_Hermit","hermit:Strike_Hermit","hermit:Strike_Hermit","hermit:Defend_Hermit","hermit:Defend_Hermit","hermit:Defend_Hermit","hermit:Snapshot+1","hermit:Covet","hermit:PistolWhip","Pain","hermit:Spite+1","hermit:CursedWeapon+1","hermit:TrackingShot","hermit:ItchyTrigger","hermit:FinalCanter","hermit:EyeOfTheStorm","hermit:Vantage","hermit:FinalCanter","hermit:Glare+1","downfall:Bewildered","hermit:HighCaliber","CommonCold","hubris:Lust","infinitespire:DeathsTouch"],"relics":["hermit:Momento","NeowsBlessing","WarpedTongs","Bronze Scales","Letter Opener","Ancient Tea Set","Anchor","Cursed Key","sneckomod:BabySnecko","Strange Spoon"],"acts_visited":["Exordium","TheCity"],"potions_floor_usage":[23,23],"damage_taken":[{"damage":0,"enemies":"Cultist","floor":1,"turns":1},{"damage":0,"enemies":"2 Louse","floor":4,"turns":1},{"damage":0,"enemies":"Lagavulin","floor":7,"turns":1},{"damage":2,"enemies":"Small Slimes","floor":10,"turns":3},{"damage":3,"enemies":"Exordium Thugs","floor":12,"turns":3},{"damage":9,"enemies":"Large Slime","floor":13,"turns":5},{"damage":35,"enemies":"Hexaghost","floor":16,"turns":8},{"damage":19,"enemies":"Spheric Guardian","floor":18,"turns":4},{"damage":2,"enemies":"Chosen","floor":21,"turns":3},{"damage":61,"enemies":"Slavers","floor":23,"turns":4}],"seed_played":"-1192223239985775670","potions_obtained":[{"floor":12,"key":"Reflective Coating"},{"floor":13,"key":"Block Potion"},{"floor":16,"key":"Languid Potion"}],"is_trial":false,"path_per_floor":["M","?","$","M","?","R","E","R","T","M","$","M","M","?","R","B",null,"M","?","$","M","?","E"],"character_chosen":"HERMIT","items_purchased":["Anchor","hermit:ItchyTrigger","Strange Spoon"],"campfire_rested":0,"item_purchase_floors":[11,11,20],"current_hp_per_floor":[75,75,75,75,75,75,75,75,75,73,73,70,61,61,61,26,75,56,56,56,54,54,0,0],"gold":24,"neow_bonus":"THREE_ENEMY_KILL","is_daily":false,"chose_seed":false,"campfire_upgraded":3,"win_rate":0.0,"timestamp":1613277158,"path_taken":["M","?","?","M","?","R","E","R","T","M","$","M","M","?","R","BOSS","M","?","$","M","?","E"],"items_purchased_type":["Relic","Card","Relic"],"build_version":"2020-12-22","purchased_purges":0,"victory":false,"max_hp_per_floor":[75,75,75,75,75,75,75,75,75,75,75,75,75,75,75,75,75,75,75,75,75,75,75,75],"card_choices":[{"not_picked":["hermit:Horror","hermit:Virtue"],"picked":"hermit:PistolWhip","floor":1},{"not_picked":["hermit:LowProfile","hermit:Desperado"],"picked":"hermit:Spite","floor":4},{"not_picked":["hermit:Snipe","hermit:WideOpen"],"picked":"hermit:CursedWeapon","floor":7},{"not_picked":["hermit:CalledShot","hermit:Snipe"],"picked":"hermit:TrackingShot","floor":10},{"not_picked":["hermit:Coalescence","hermit:GhostlyPresence"],"picked":"hermit:FinalCanter","floor":12},{"not_picked":["hermit:Roulette","hermit:TrackingShot"],"picked":"hermit:EyeOfTheStorm","floor":13},{"not_picked":["hermit:HeroicBravado","hermit:Gambit"],"picked":"hermit:FinalCanter","floor":16},{"not_picked":["hermit:Roulette","hermit:Quickdraw"],"picked":"hermit:Glare+1","floor":18},{"not_picked":["hermit:LuckOfTheDraw","hermit:Dive"],"picked":"hermit:HighCaliber","floor":21},{"not_picked":["infinitespire:NeuralNetwork","infinitespire:FinalStrike"],"picked":"infinitespire:DeathsTouch","floor":22}],"player_experience":62340,"relics_obtained":[{"floor":5,"key":"Bronze Scales"},{"floor":7,"key":"Letter Opener"},{"floor":9,"key":"Ancient Tea Set"}],"event_choices":[{"damage_healed":0,"gold_gain":0,"player_choice":"Rummage","damage_taken":0,"relics_obtained":["WarpedTongs"],"max_hp_gain":0,"max_hp_loss":0,"event_name":"Accursed Blacksmith","floor":2,"gold_loss":0,"cards_obtained":["Pain"]},{"damage_healed":0,"gold_gain":0,"cards_transformed":["hermit:Defend_Hermit"],"player_choice":"Change","damage_taken":0,"max_hp_gain":0,"max_hp_loss":0,"event_name":"Living Wall","floor":14,"gold_loss":0,"cards_obtained":["hermit:Vantage"]}],"is_beta":false,"boss_relics":[{"not_picked":["Coffee Dripper","Black Star"],"picked":"Cursed Key"}],"items_purged_floors":[],"is_endless":false,"potions_floor_spawned":[12,13,16],"killed_by":"Slavers","ascension_level":0}}