{"host":"a20qfyjn5xm2mdxh","time":1613294297,"event":{"mods":["BaseMod","Downfall","Hermit","Minty Spire (QoL Compilation)","Reliquary","Replay The Spire","StSLib"],"gold_per_floor":[99,118,130,130,140,155,181,197,97,82,140,175,75,102,116,212,212,208,227,424,424,26,44,44,44,44,44,44],"floor_reached":26,"language":"ZHS","playtime":2969,"items_purged":["Injury"],"score":266,"play_id":"a60f1cff-5fba-4777-84b8-c40a5e4254b1","local_time":"20210214171817","is_ascension_mode":false,"campfire_choices":[{"floor":1.0,"key":"RECALL"},{"data":"Slimebound:SlimeTap","floor":9.0,"key":"SMITH"},{"floor":13.0,"key":"REST"}],"circlet_count":0,"master_deck":["Slimebound:Strike_Slimebound","Slimebound:Strike_Slimebound","Slimebound:Strike_Slimebound","Slimebound:Tackle","Slimebound:Defend_Slimebound","Slimebound:Defend_Slimebound","Slimebound:Defend_Slimebound","Slimebound:Defend_Slimebound","Slimebound:Split","Slimebound:CorrosiveSpit","Slimebound:RejuvenatingLick","Slimebound:LevelUp","Slimebound:RejuvenatingLick","Slimebound:SplitAcid","Slimebound:SlimeTap+1","Slimebound:SplitMire","Slimebound:SlimeBrawl","Slimebound:LivingWall","Slimebound:RainOfGoop","Slimebound:MassRepurpose","Clumsy","downfall:Icky","Slimebound:SplitBruiser+1","Slimebound:GoopSpray","Slimebound:DivideAndConquer+1","Slimebound:LevelUp+1","Slimebound:SpikyOuterGoop","RitualDagger"],"relics":["Slimebound:AbsorbEndCombat","downfall:HeartBlessingRed","MealTicket","reliquary:BoilingFlask","downfall:HeartBlessingGreen","Mirror","Replay:Ancient Bell","Replay:Wax Seal","Darkstone Periapt","reliquary:OuijaBoard","downfall:HeartBlessingBlue","Prayer Wheel","Replay:Bottled Steam"],"acts_visited":["Exordium","TheCity"],"potions_floor_usage":[],"damage_taken":[{"damage":4.0,"enemies":"Cultist","floor":2.0,"turns":3.0},{"damage":0.0,"enemies":"2 Louse","floor":3.0,"turns":2.0},{"damage":8.0,"enemies":"Small Slimes","floor":5.0,"turns":3.0},{"damage":4.0,"enemies":"2 Fungi Beasts","floor":6.0,"turns":3.0},{"damage":3.0,"enemies":"Large Slime","floor":8.0,"turns":4.0},{"damage":0.0,"enemies":"downfall:FleeingMerchant","floor":10.0,"turns":4.0},{"damage":42.0,"enemies":"Lagavulin Event","floor":11.0,"turns":6.0},{"damage":41.0,"enemies":"3 Sentries","floor":12.0,"turns":6.0},{"damage":9.0,"enemies":"Lagavulin","floor":14.0,"turns":5.0},{"damage":12.0,"enemies":"Blue Slaver","floor":15.0,"turns":1.0},{"damage":10.0,"enemies":"SI_SHIV_ARCHETYPE","floor":16.0,"turns":7.0},{"damage":20.0,"enemies":"Spheric Guardian","floor":19.0,"turns":4.0},{"damage":18.0,"enemies":"downfall:FleeingMerchant","floor":22.0,"turns":4.0},{"damage":27.0,"enemies":"downfall:LooterAlt2","floor":23.0,"turns":4.0},{"damage":32,"enemies":"Slavers","floor":26,"turns":2}],"seed_played":"-2119481438392025865","potions_obtained":[{"floor":3.0,"key":"LiquidMemories"},{"floor":11.0,"key":"Fire Potion"},{"floor":12.0,"key":"SkillPotion"},{"floor":14.0,"key":"Languid Potion"}],"is_trial":false,"path_per_floor":["R","M","M","?","M","M","T","M","R","$","?","E","R","E","M","B",null,"R","M","?","?","$","M","T","?","E"],"character_chosen":"SLIMEBOUND","items_purchased":["Prayer Wheel"],"campfire_rested":1,"item_purchase_floors":[22],"current_hp_per_floor":[71,71,71,71,67,69,69,71,71,71,35,2,23,22,14,12,89,99,83,44,77,80,59,59,53,21,21,21],"gold":44,"neow_bonus":"TEN_PERCENT_HP_BONUS","is_daily":false,"chose_seed":false,"campfire_upgraded":1,"win_rate":0.0,"timestamp":1613294297,"path_taken":["R","M","?","?","M","?","T","M","R","?","?","E","R","E","M","BOSS","R","M","?","?","?","?","T","?","E"],"items_purchased_type":["Relic"],"build_version":"2020-12-22","purchased_purges":1,"victory":false,"max_hp_per_floor":[71,71,71,71,71,71,71,71,71,71,71,71,71,71,71,71,89,99,99,99,99,99,99,99,99,99,99,99],"card_choices":[{"not_picked":["Slimebound:SlimeSpikes","Slimebound:SplitBruiser"],"picked":"Slimebound:RejuvenatingLick","floor":2.0},{"not_picked":["Slimebound:GoopSpray","Slimebound:SplitAcid"],"picked":"Slimebound:LevelUp","floor":3.0},{"not_picked":["Slimebound:ServeAndProtect","Slimebound:DisruptingSlam"],"picked":"Slimebound:RejuvenatingLick","floor":5.0},{"not_picked":["Slimebound:Equalize","Slimebound:GoopSpray"],"picked":"Slimebound:SplitAcid","floor":6.0},{"not_picked":["Slimebound:HauntingLick","Slimebound:SplitBruiser"],"picked":"Slimebound:SlimeTap","floor":8.0},{"not_picked":["Slimebound:ItLooksTasty","Slimebound:LevelUp"],"picked":"Slimebound:SplitMire","floor":10.0},{"not_picked":["Slimebound:ProtectTheBoss","Slimebound:Teamwork"],"picked":"Slimebound:SlimeBrawl","floor":12.0},{"not_picked":["Slimebound:SlimeSpikes","Slimebound:ItLooksTasty"],"picked":"Slimebound:LivingWall","floor":14.0},{"not_picked":["Slimebound:GoopSpray","Slimebound:SlimeSpikes"],"picked":"Slimebound:RainOfGoop","floor":15.0},{"not_picked":["Slimebound:WasteNot","Slimebound:RallyTheTroops"],"picked":"Slimebound:MassRepurpose","floor":16.0},{"not_picked":["Shame","Decay"],"picked":"Clumsy","floor":17.0},{"not_picked":["Sickly","Pain"],"picked":"Injury","floor":17.0},{"not_picked":["Regret","Spreading Infection"],"picked":"downfall:Icky","floor":17.0},{"not_picked":["Slimebound:LivingWall","Slimebound:GoopSpray"],"picked":"Slimebound:SplitBruiser+1","floor":19.0},{"not_picked":["Slimebound:HauntingLick","Slimebound:Prepare"],"picked":"Slimebound:GoopSpray","floor":20.0},{"not_picked":["Slimebound:Prepare","Slimebound:LevelUp"],"picked":"Slimebound:DivideAndConquer+1","floor":22.0},{"not_picked":["Slimebound:ItLooksTasty","Slimebound:HauntingLick+1"],"picked":"Slimebound:LevelUp+1","floor":23.0},{"not_picked":["Slimebound:SplitAcid","Slimebound:SplitMire"],"picked":"Slimebound:SpikyOuterGoop","floor":23.0}],"player_experience":268349,"relics_obtained":[{"floor":11.0,"key":"MealTicket"},{"floor":12.0,"key":"reliquary:BoilingFlask"},{"floor":14.0,"key":"Mirror"},{"floor":24.0,"key":"Replay:Bottled Steam"}],"event_choices":[{"damage_healed":0.0,"max_hp_gain":0.0,"max_hp_loss":0.0,"gold_gain":0.0,"event_name":"NoteForYourself","player_choice":"Ignored","floor":4.0,"gold_loss":0.0,"damage_taken":0.0},{"damage_healed":33.0,"max_hp_gain":0.0,"max_hp_loss":0.0,"gold_gain":0.0,"event_name":"The Library","player_choice":"Heal","floor":21.0,"gold_loss":0.0,"damage_taken":0.0}],"is_beta":false,"boss_relics":[{"not_picked":["reliquary:KinkedSpring","Kintsugi"],"picked":"Replay:Ancient Bell"},{"not_picked":["reliquary:Aerogel","Anchor"],"picked":"Replay:Wax Seal"},{"not_picked":["Toxic Egg 2","reliquary:QuartzCube"],"picked":"Darkstone Periapt"},{"not_picked":["Girya","Bird Faced Urn"],"picked":"reliquary:OuijaBoard"}],"items_purged_floors":[22],"is_endless":false,"potions_floor_spawned":[3,11,12,14,23],"killed_by":"Slavers","ascension_level":0}}