{"host":"37ccm3d17clopct7","time":1613303515,"event":{"mods":["BaseMod","GungeonMod","Hermit","Lobotomy","Minty Spire (QoL Compilation)","StSLib","The Bug Knight","The Cursed","The Hierophant","The Jungle","The Runesmith"],"gold_per_floor":[109,184,184,109,109,152,152,152,177,210,228,81,81,120,120],"floor_reached":14,"language":"KOR","playtime":401,"items_purged":["Defend_P"],"score":154,"play_id":"d6049257-80b9-4254-8fa5-9321aed970fd","local_time":"20210214205155","is_ascension_mode":false,"campfire_choices":[{"floor":7,"key":"REST"},{"floor":13,"key":"RECALL"}],"circlet_count":0,"master_deck":["Strike_P","Strike_P","Strike_P","Strike_P","Defend_P","Defend_P","Defend_P","Eruption+1","Vigilance","EmptyBody","ThirdEye","TalkToTheHand","Prostrate"],"relics":["PureWater","NeowsBlessing","Golden Idol","Tiny Chest","MealTicket","Boot","Juzu Bracelet","Kunai"],"acts_visited":["Exordium"],"potions_floor_usage":[14],"damage_taken":[{"damage":0,"enemies":"Jaw Worm","floor":1,"turns":1},{"damage":0,"enemies":"Lagavulin","floor":6,"turns":1},{"damage":0,"enemies":"Gremlin Nob","floor":10,"turns":1},{"damage":8,"enemies":"Small Slimes","floor":11,"turns":4},{"damage":38,"enemies":"HollowMod:MossKnight","floor":14,"turns":11}],"seed_played":"-1194293993810006791","potions_obtained":[{"floor":6,"key":"Explosive Potion"},{"floor":10,"key":"DistilledChaos"}],"is_trial":false,"path_per_floor":["M","?","?","$","?","E","R","?","T","E","M","$","R","E"],"character_chosen":"WATCHER","items_purchased":["Juzu Bracelet"],"campfire_rested":1,"item_purchase_floors":[12],"current_hp_per_floor":[72,61,61,61,43,43,64,52,52,52,44,59,59,21,21],"gold":120,"neow_bonus":"THREE_ENEMY_KILL","is_daily":false,"chose_seed":false,"campfire_upgraded":0,"win_rate":0.0,"timestamp":1613303515,"path_taken":["M","?","?","$","?","E","R","?","T","E","?","$","R","E"],"items_purchased_type":["Relic"],"build_version":"2020-12-22","purchased_purges":1,"victory":false,"max_hp_per_floor":[72,72,72,72,72,72,72,72,72,72,72,72,72,72,72],"card_choices":[{"not_picked":["PathToVictory","Pray"],"picked":"EmptyBody","floor":1},{"not_picked":["BowlingBash","SashWhip"],"picked":"ThirdEye","floor":6},{"not_picked":["Vault","Protect"],"picked":"TalkToTheHand","floor":10},{"not_picked":["BowlingBash","Swivel"],"picked":"Prostrate","floor":11}],"player_experience":207391,"relics_obtained":[{"floor":6,"key":"Tiny Chest"},{"floor":10,"key":"Boot"},{"floor":14,"key":"Kunai"}],"event_choices":[{"damage_healed":0,"gold_gain":75,"player_choice":"Gather Gold","damage_taken":11,"max_hp_gain":0,"max_hp_loss":0,"event_name":"World of Goop","floor":2,"gold_loss":0},{"damage_healed":0,"gold_gain":0,"player_choice":"Grow","damage_taken":0,"max_hp_gain":0,"max_hp_loss":0,"event_name":"Living Wall","floor":3,"gold_loss":0,"cards_upgraded":["Eruption"]},{"damage_healed":0,"gold_gain":0,"player_choice":"Take Damage","damage_taken":18,"relics_obtained":["Golden Idol"],"max_hp_gain":0,"max_hp_loss":0,"event_name":"Golden Idol","floor":5,"gold_loss":0},{"damage_healed":0,"gold_gain":0,"player_choice":"Success","damage_taken":12,"relics_obtained":["MealTicket"],"max_hp_gain":0,"max_hp_loss":0,"event_name":"Scrap Ooze","floor":8,"gold_loss":0}],"is_beta":false,"boss_relics":[],"items_purged_floors":[4],"is_endless":false,"potions_floor_spawned":[6,10],"killed_by":"HollowMod:MossKnight","ascension_level":0}}