{"host":"mu5qkq7030l6349q","time":1613330626,"event":{"mods":["AchievementEnabler","BaseMod","Colored Powertips","Downfall","Highlight Path","Minty Spire (QoL Compilation)","Permanent Neow","Rare Cards Sparkle","StSLib"],"gold_per_floor":[109,123,87,87,87,87,105,105,105,134,84,84,111,121,121,220,220,238,238,238,256,355,385,385,385],"floor_reached":24,"language":"ENG","playtime":1136,"items_purged":[],"score":222,"play_id":"abc62adb-04cb-431a-baee-11df09ca0bc1","local_time":"20210214202346","is_ascension_mode":false,"campfire_choices":[{"data":"Hello World","floor":6,"key":"SMITH"},{"data":"Zap","floor":8,"key":"SMITH"},{"data":"Defend_B","floor":12,"key":"SMITH"},{"data":"Go for the Eyes","floor":15,"key":"SMITH"}],"circlet_count":0,"master_deck":["Strike_B","Strike_B","Strike_B","Defend_B+1","Defend_B+1","Defend_B","Defend_B+1","Zap+1","Dualcast","CurseOfTheBell","Gash","Hologram+1","Conserve Battery+1","Gash","Go for the Eyes+1","Creative AI","J.A.X.+1","Go for the Eyes"],"relics":["Calling Bell","Bronze Scales","Toxic Egg 2","TungstenRod","Pear","Dream Catcher","Pantograph","Cursed Key","FossilizedHelix"],"acts_visited":["Exordium","TheCity"],"potions_floor_usage":[7],"damage_taken":[{"damage":3,"enemies":"Cultist","floor":1,"turns":4},{"damage":0,"enemies":"2 Louse","floor":2,"turns":2},{"damage":0,"enemies":"Jaw Worm","floor":7,"turns":3},{"damage":16,"enemies":"Gremlin Nob","floor":10,"turns":4},{"damage":5,"enemies":"Lagavulin","floor":13,"turns":8},{"damage":0,"enemies":"Looter","floor":14,"turns":3},{"damage":11,"enemies":"Slime Boss","floor":16,"turns":9},{"damage":16,"enemies":"2 Thieves","floor":18,"turns":5},{"damage":12,"enemies":"Spheric Guardian","floor":21,"turns":5},{"damage":29,"enemies":"Gremlin Leader","floor":23,"turns":7},{"damage":27,"enemies":"3 Cultists","floor":24,"turns":5}],"seed_played":"7961117330780640231","potions_obtained":[{"floor":1,"key":"DistilledChaos"},{"floor":7,"key":"bronze:BurnAndBuffPotion"},{"floor":14,"key":"Guardian:BlockOnCardUsePotion"},{"floor":16,"key":"SpeedPotion"}],"is_trial":false,"path_per_floor":["M","M","$","?","$","R","M","R","T","E","?","R","E","M","R","B",null,"M","?","?","M","?","E","M"],"character_chosen":"DEFECT","items_purchased":["Hello World"],"campfire_rested":0,"item_purchase_floors":[3],"current_hp_per_floor":[72,72,72,58,58,58,58,58,68,52,52,52,47,47,47,61,85,69,69,69,57,57,28,1,1],"gold":385,"neow_bonus":"BOSS_RELIC","is_daily":false,"chose_seed":false,"campfire_upgraded":4,"win_rate":0.0,"timestamp":1613330626,"path_taken":["M","?","$","?","$","R","M","R","T","E","?","R","E","M","R","BOSS","M","?","?","M","?","E","M"],"items_purchased_type":["Card"],"build_version":"2020-12-22","purchased_purges":0,"victory":false,"max_hp_per_floor":[75,75,75,75,75,75,75,75,85,85,85,85,85,85,85,85,85,85,85,85,85,85,85,85,85],"card_choices":[{"not_picked":["Redo+1","Go for the Eyes"],"picked":"Gash","floor":1},{"not_picked":["Compile Driver","Ball Lightning"],"picked":"Hologram+1","floor":2},{"not_picked":["Coolheaded+1","Blizzard"],"picked":"Conserve Battery+1","floor":7},{"not_picked":["Heatsinks","Ball Lightning","Coolheaded+1"],"picked":"SKIP","floor":10},{"not_picked":["Amplify+1","BootSequence+1"],"picked":"Gash","floor":13},{"not_picked":["Redo+1","Cold Snap"],"picked":"Go for the Eyes","floor":14},{"not_picked":["Fission+1","Biased Cognition"],"picked":"Creative AI","floor":16},{"not_picked":["Cold Snap","Sweeping Beam","Capacitor"],"picked":"SKIP","floor":18},{"not_picked":["Ball Lightning","Cold Snap","Reinforced Body+1"],"picked":"SKIP","floor":21},{"not_picked":["Barrage+1","Force Field+1"],"picked":"Go for the Eyes","floor":23}],"player_experience":9162,"relics_obtained":[{"floor":0,"key":"Bronze Scales"},{"floor":0,"key":"Toxic Egg 2"},{"floor":0,"key":"TungstenRod"},{"floor":9,"key":"Pear"},{"floor":10,"key":"Dream Catcher"},{"floor":13,"key":"Pantograph"},{"floor":23,"key":"FossilizedHelix"}],"event_choices":[{"damage_healed":0,"gold_gain":0,"player_choice":"Entered Light","damage_taken":15,"max_hp_gain":0,"max_hp_loss":0,"event_name":"Shining Light","floor":4,"gold_loss":0,"cards_upgraded":["Defend_B","Defend_B"]},{"cards_removed":["Strike_B"],"damage_healed":0,"gold_gain":0,"player_choice":"Card Removal","damage_taken":0,"max_hp_gain":0,"max_hp_loss":0,"event_name":"The Cleric","floor":11,"gold_loss":50},{"damage_healed":0,"gold_gain":0,"player_choice":"Obtain J.A.X.","damage_taken":0,"max_hp_gain":0,"max_hp_loss":0,"event_name":"Drug Dealer","floor":19,"gold_loss":0,"cards_obtained":["J.A.X."]},{"cards_removed":["Hello World"],"damage_healed":0,"gold_gain":0,"player_choice":"Elegance","damage_taken":0,"max_hp_gain":0,"max_hp_loss":0,"event_name":"Back to Basics","floor":20,"gold_loss":0},{"damage_healed":0,"gold_gain":99,"player_choice":"Stole From Cult","damage_taken":0,"max_hp_gain":0,"max_hp_loss":0,"event_name":"Nest","floor":22,"gold_loss":0}],"is_beta":false,"boss_relics":[{"not_picked":["Snecko Eye","bronze:MakeshiftBattery"],"picked":"Cursed Key"}],"items_purged_floors":[],"is_endless":false,"potions_floor_spawned":[1,7,14,16],"killed_by":"3 Cultists","ascension_level":0}}