{"host":"7t8rqoeeopyy0nh0","time":1613304125,"event":{"mods":["AchievementEnabler","Aspiration","BaseMod","Better Third Choice","BetterRewards","Colored Map","Colored Powertips","Conspire","GungeonMod","Hubris","Minty Spire (QoL Compilation)","Permanent Neow","Quick Restart","Random Character Button","Rare Cards Sparkle","Reliquary","Replay The Spire","StSLib"],"gold_per_floor":[109,109,109,109,120,120,146,156,156,183,183,216,0,23,23,132,132,149,167,167,167,266,296,319,319,319,330,348,348,241,252,252,252,252],"floor_reached":33,"language":"ENG","playtime":1489,"items_purged":["DemoMod:Strike_Huntress","DemoMod:Strike_Huntress","DemoMod:Strike_Huntress"],"score":356,"play_id":"6948afa1-d9e9-4ccc-b334-e5b101ada1ac","local_time":"20210214070205","is_ascension_mode":false,"campfire_choices":[{"data":"DemoMod:SniperShot","floor":6,"key":"SMITH"},{"data":"DemoMod:EasyReloadBullets","floor":11,"key":"SMITH"},{"data":"DemoMod:TableSutra","floor":15,"key":"SMITH"},{"data":"DemoMod:CombinedRifle","floor":25,"key":"SMITH"},{"data":"DemoMod:MachoBrace","floor":32,"key":"SMITH"}],"circlet_count":0,"master_deck":["DemoMod:Defend_Huntress","DemoMod:Defend_Huntress","DemoMod:Defend_Huntress","DemoMod:Defend_Huntress+1","DemoMod:Roll","DemoMod:ManualReload+1","DemoMod:RustySidearm+1","DemoMod:CrossBow+1","DemoMod:MachoBrace+1","DemoMod:HardPowerCard","DemoMod:Polaris+1","DemoMod:ChanceBullets","DemoMod:ConditionalReflex","DemoMod:SniperShot+1","DemoMod:TableSutra+1","DemoMod:EasyReloadBullets+1","DemoMod:CombinedRifle+1","DemoMod:Polaris+1","DemoMod:Slinger+1","DemoMod:HuntsMan+1","DemoMod:SAA+1","DemoMod:HungryBullets+1","DemoMod:BSG+1","conspire:Banana"],"relics":["DemoMod:Dog","DemoMod:GnawedKey","Membership Card","hubris:FunFungus","DemoMod:MeatBun","War Paint","DemoMod:MeltedRock","ReplayTheSpireMod:Lightbulb","Juzu Bracelet","Molten Egg 2","reliquary:Buckler","Replay:Grab Bag","hubris:TerracottaHorce","DemoMod:ElasticCartridgeClip","conspire:SpecialSausage","hubris:Icosahedron","reliquary:IridiumChain","Ancient Tea Set","reliquary:PartyBalloon","reliquary:WeakTea"],"acts_visited":["Exordium","TheCity"],"potions_floor_usage":[7,12,16,23,28,28,33],"damage_taken":[{"damage":7,"enemies":"Jaw Worm","floor":1,"turns":4},{"damage":0,"enemies":"Small Slimes","floor":5,"turns":4},{"damage":13,"enemies":"3 Sentries","floor":7,"turns":7},{"damage":0,"enemies":"2 Louse","floor":8,"turns":3},{"damage":0,"enemies":"Replay:BlueRogue","floor":10,"turns":6},{"damage":0,"enemies":"Lagavulin","floor":12,"turns":6},{"damage":5,"enemies":"Fading Forest","floor":16,"turns":11},{"damage":3,"enemies":"Chosen","floor":18,"turns":3},{"damage":9,"enemies":"2 Thieves","floor":19,"turns":3},{"damage":0,"enemies":"conspire:Head Lice","floor":23,"turns":6},{"damage":0,"enemies":"Snecko","floor":27,"turns":3},{"damage":0,"enemies":"Centurion and Healer","floor":28,"turns":2},{"damage":11,"enemies":"Cultist and Chosen","floor":31,"turns":4},{"damage":47,"enemies":"Collector","floor":33,"turns":5}],"seed_played":"2241625716282174673","potions_obtained":[{"floor":5,"key":"Languid Potion"},{"floor":7,"key":"GamblersBrew"},{"floor":8,"key":"BlessingOfTheForge"},{"floor":12,"key":"FearPotion"},{"floor":23,"key":"Energy Potion"},{"floor":27,"key":"AttackPotion"},{"floor":28,"key":"Weak Potion"},{"floor":31,"key":"Explosive Potion"}],"is_trial":false,"path_per_floor":["M","?","?","?","M","R","E","M","T","E","R","E","$","T","R","B",null,"M","M","?","?","?","E","T","R","T","M","M","?","$","M","R","B"],"character_chosen":"HUNTRESS","items_purchased":["DemoMod:GnawedKey","Membership Card","DemoMod:MachoBrace","DemoMod:HardPowerCard","DemoMod:MeatBun","DemoMod:Polaris","DemoMod:ChanceBullets","AttackPotion","Weak Potion","Molten Egg 2","DemoMod:Polaris+1","conspire:Banana"],"campfire_rested":0,"item_purchase_floors":[0,0,0,0,0,0,0,0,0,13,13,30],"current_hp_per_floor":[45,45,45,45,45,45,33,33,33,33,33,37,37,37,37,50,65,62,53,53,53,53,53,53,53,53,53,53,53,53,43,43,0,0],"gold":252,"neow_bonus":"","is_daily":false,"chose_seed":false,"campfire_upgraded":5,"win_rate":0.0,"timestamp":1613304125,"path_taken":["M","?","?","?","M","R","E","M","T","E","R","E","?","?","R","BOSS","M","M","?","?","?","E","?","R","T","M","M","?","$","M","R","BOSS"],"items_purchased_type":["Relic","Relic","Card","Card","Relic","Card","Card","Potion","Potion","Relic","Card","Card"],"build_version":"2020-12-22","purchased_purges":3,"victory":false,"max_hp_per_floor":[70,70,70,70,70,70,70,70,70,70,70,70,70,70,70,70,70,70,70,70,70,70,70,70,70,70,70,70,70,70,71,71,72,72],"card_choices":[{"not_picked":["DemoMod:DirectionalPad","DemoMod:FortunesFavor"],"picked":"DemoMod:ConditionalReflex","floor":1},{"not_picked":["DemoMod:GunstockTap","DemoMod:ChanceBullets"],"picked":"DemoMod:SniperShot","floor":5},{"not_picked":["DemoMod:TeaPot","DemoMod:AWP"],"picked":"DemoMod:TableSutra","floor":7},{"not_picked":["DemoMod:CursedBullets","DemoMod:BoxingGlove"],"picked":"DemoMod:EasyReloadBullets","floor":8},{"not_picked":["DemoMod:HungryBullets","DemoMod:HardPowerCard"],"picked":"DemoMod:CombinedRifle","floor":10},{"not_picked":["DemoMod:JK47","DemoMod:AC15","DemoMod:FeignSurrender"],"picked":"SKIP","floor":12},{"not_picked":["DemoMod:BlankBullets","DemoMod:Elimentaler+1"],"picked":"DemoMod:Slinger","floor":16},{"not_picked":["DemoMod:StickyCrossBow+1","DemoMod:SniperShot+1"],"picked":"DemoMod:HuntsMan+1","floor":18},{"not_picked":["DemoMod:PotionOfGunFriendShip","DemoMod:SkilledReload"],"picked":"DemoMod:SAA+1","floor":19},{"not_picked":["DemoMod:BoxingGlove+1","DemoMod:GunstockTap+1"],"picked":"DemoMod:HungryBullets+1","floor":23},{"not_picked":["DemoMod:HardPowerCard","DemoMod:StickyCrossBow+1","DemoMod:MachoBrace"],"picked":"SKIP","floor":27},{"not_picked":["DemoMod:SkilledReload","DemoMod:TableSutra+1"],"picked":"DemoMod:BSG+1","floor":28},{"not_picked":["DemoMod:MachoBrace","DemoMod:GunstockTap+1","DemoMod:BattleInHaste"],"picked":"SKIP","floor":31}],"player_experience":412901,"relics_obtained":[{"floor":7,"key":"War Paint"},{"floor":9,"key":"DemoMod:MeltedRock"},{"floor":10,"key":"ReplayTheSpireMod:Lightbulb"},{"floor":12,"key":"Juzu Bracelet"},{"floor":14,"key":"reliquary:Buckler"},{"floor":23,"key":"reliquary:IridiumChain"},{"floor":24,"key":"Ancient Tea Set"},{"floor":26,"key":"reliquary:PartyBalloon"}],"event_choices":[{"damage_healed":0,"gold_gain":0,"player_choice":"Ignored","damage_taken":109,"max_hp_gain":0,"max_hp_loss":0,"event_name":"betterThird:BetterSerpent","floor":2,"gold_loss":0},{"damage_healed":0,"gold_gain":0,"player_choice":"Upgraded","damage_taken":0,"max_hp_gain":0,"max_hp_loss":0,"event_name":"Upgrade Shrine","floor":21,"gold_loss":0,"cards_upgraded":["DemoMod:Slinger"]},{"damage_healed":0,"gold_gain":99,"player_choice":"Steal","damage_taken":0,"max_hp_gain":0,"max_hp_loss":0,"event_name":"betterThird:BetterNest","floor":22,"gold_loss":0},{"damage_healed":0,"gold_gain":0,"player_choice":"Gave Potion","damage_taken":0,"relics_obtained":["reliquary:WeakTea"],"max_hp_gain":0,"max_hp_loss":0,"event_name":"WeMeetAgain","floor":29,"gold_loss":0}],"is_beta":false,"boss_relics":[{"not_picked":["aspiration:RunicSpoon","Replay:Bronze Core"],"picked":"Replay:Grab Bag"},{"not_picked":["Replay:Wanted Poster","Painkiller Herb"],"picked":"hubris:TerracottaHorce"},{"not_picked":["ChewingGum","hubris:VirtuousBlindfold"],"picked":"DemoMod:ElasticCartridgeClip"},{"not_picked":["Replay:Drink Me","aspiration:SilentSkillbook"],"picked":"conspire:SpecialSausage"}],"items_purged_floors":[0,13,30],"is_endless":false,"potions_floor_spawned":[5,7,8,12,23,27,28,31],"killed_by":"Collector","ascension_level":0}}