{"host":"Muffin","time":1613299555,"event":{"mods":["BaseMod","Googly Eyes","Minty Spire (QoL Compilation)"],"gold_per_floor":[113,130,205,60,10,43,43,43,43,60,85,98,98,108,108,108,108],"floor_reached":16,"language":"ENG","playtime":732,"items_purged":[],"score":110,"play_id":"cc5a90fd-f167-460b-b344-a6ba66e9aea1","local_time":"20210214114555","is_ascension_mode":false,"campfire_choices":[{"floor":13,"key":"REST"},{"floor":15,"key":"REST"}],"circlet_count":0,"master_deck":["Strike_R","Strike_R","Strike_R","Strike_R","Defend_R","Defend_R","Defend_R","Defend_R","Bash","Shockwave","Whirlwind","Body Slam","Rage","Power Through"],"relics":["Burning Blood","ClockworkSouvenir","Sundial","Mummified Hand"],"acts_visited":["Exordium"],"potions_floor_usage":[6,11,16,16],"damage_taken":[{"damage":8,"enemies":"Jaw Worm","floor":1,"turns":5},{"damage":5,"enemies":"2 Louse","floor":2,"turns":4},{"damage":20,"enemies":"3 Sentries","floor":6,"turns":9},{"damage":12,"enemies":"Cultist","floor":10,"turns":5},{"damage":2,"enemies":"Lagavulin","floor":11,"turns":7},{"damage":14,"enemies":"Red Slaver","floor":12,"turns":4},{"damage":28,"enemies":"Exordium Thugs","floor":14,"turns":6},{"damage":73,"enemies":"The Guardian","floor":16,"turns":12}],"seed_played":"6907426764220276679","potions_obtained":[{"floor":2,"key":"Dexterity Potion"},{"floor":6,"key":"Swift Potion"},{"floor":10,"key":"DistilledChaos"},{"floor":14,"key":"SkillPotion"}],"is_trial":false,"path_per_floor":["M","M","?","$","?","E","$","$","T","M","E","M","R","M","R","B"],"character_chosen":"IRONCLAD","items_purchased":["ClockworkSouvenir"],"campfire_rested":2,"item_purchase_floors":[4],"current_hp_per_floor":[78,79,68,68,68,54,54,54,54,48,52,44,68,46,70,0,0],"gold":108,"neow_bonus":"TRANSFORM_CARD","is_daily":false,"chose_seed":false,"campfire_upgraded":0,"win_rate":0.0,"timestamp":1613299555,"path_taken":["M","M","?","$","?","E","?","$","T","M","E","M","R","M","R","BOSS"],"items_purchased_type":["Relic"],"build_version":"2020-12-18","purchased_purges":0,"victory":false,"max_hp_per_floor":[80,80,80,80,80,80,80,80,80,80,80,80,80,80,80,80,80],"card_choices":[{"not_picked":["Havoc","Twin Strike"],"picked":"Shockwave","floor":1},{"not_picked":["Clothesline","Dropkick"],"picked":"Whirlwind","floor":2},{"not_picked":["Shrug It Off","Bloodletting"],"picked":"Body Slam","floor":6},{"not_picked":["Anger","Clothesline"],"picked":"Rage","floor":10},{"not_picked":["Whirlwind","Corruption","Anger"],"picked":"SKIP","floor":11},{"not_picked":["Burning Pact","Warcry"],"picked":"Power Through","floor":12},{"not_picked":["Warcry","Second Wind","Heavy Blade"],"picked":"SKIP","floor":14}],"player_experience":586299,"relics_obtained":[{"floor":6,"key":"Sundial"},{"floor":11,"key":"Mummified Hand"}],"event_choices":[{"damage_healed":0,"gold_gain":75,"player_choice":"Gather Gold","damage_taken":11,"max_hp_gain":0,"max_hp_loss":0,"event_name":"World of Goop","floor":3,"gold_loss":0},{"cards_removed":["Rupture"],"damage_healed":0,"gold_gain":0,"player_choice":"Card Removal","damage_taken":0,"max_hp_gain":0,"max_hp_loss":0,"event_name":"The Cleric","floor":5,"gold_loss":50}],"is_beta":true,"boss_relics":[],"items_purged_floors":[],"is_endless":false,"potions_floor_spawned":[2,6,10,14],"killed_by":"The Guardian","ascension_level":0}}