{"host":"q5l3nirlejh5mn15","time":1613299025,"event":{"mods":["BaseMod","Bossed Relics","Downfall","Energized Spire","FoggyMod","Hermit","Koishi","Lobotomy","LobotomyExtend","Marisa£¨ìFÓê¡¡Ä§ÀíÉ³£©","Minty Spire (QoL Compilation)","MostiFishMod","Reimu£¨²©ÀöÁéÃÎ£©","Relic Filter Mod","Reliquary","Remilia£¨ÀÙÃ×ÀòÑÇ£©","RumiaBox-Â¶Ã×æ«µÄÉñÃØºÐ×Ó","Spicy Shops","StSLib","TestMod","The Hierophant","The Servant 0.9.4","UnlockEverythingMod","¡¾¹¦ÄÜMod¡¿»ìãçÖ®»·ÐÞ¸´²¹¶¡","¡¾ÒÅÎï¿¨ÅÆ¡¿REMEMod"],"gold_per_floor":[119,39,39,39,39,39,39,39,39,64,89,105,105,33,33,135,135,154,253,253,253,270,295,295,345,395,7,7,7,20,20,20,116,116,134,409,47,97,97,97,97,97,97,97],"floor_reached":39,"language":"ZHS","playtime":1278,"items_purged":["Regret"],"score":537,"play_id":"7e4dc020-ae84-40be-84d4-29f9fba9610a","local_time":"20210214183705","is_ascension_mode":false,"campfire_choices":[{"floor":6,"key":"REST"},{"floor":8,"key":"REST"},{"data":"Gouge","floor":15,"key":"SMITH"},{"data":"testmod-Mystery","floor":28,"key":"SMITH"},{"data":"Advance","floor":32,"key":"SMITH"}],"circlet_count":0,"master_deck":["Strike_S","Defend_S","KidneyShot+1","Exchange","SpiderBud","Rewind","SilverBlades","Defy","BeautyBeast","Bloodbath","DoubleEdge+1","SingingMachine","Gouge+1","Desolation","TheWorld","FieryBird","Initiator","TimeWarp","OSAHOGD","Ricochet+1","ShyLook","InstantArmor","testmod-Mystery+1","Strike_RM","UniverseFragment","Advance+1","CherryBlossoms","LightFlow","SilverBlades+1","LaLuna","LightFlow","BottledTime+1"],"relics":["SplendidAttire","DaveBox","testmod-TestBox","REME_ComplimentaryCards","testmod-Temperance","FeatherPendant","CogitoBucket","SynthV:TestCard","LetterFromLob","ShedSkin_r","MagicBullet_r","MagicDraw3","Bag of Preparation","Odd Mushroom","HellTrain","GodSword4","testmod-Antiphasic","FossilizedHelix","Theresia","reliquary:BoilingFlask","CaptainsWheel"],"acts_visited":[],"potions_floor_usage":[],"damage_taken":[{"damage":0,"enemies":"Cultist","floor":1,"turns":4},{"damage":0,"enemies":"3 Sentries","floor":10,"turns":5},{"damage":0,"enemies":"The Mushroom Lair","floor":11,"turns":4},{"damage":0,"enemies":"Jaw Worm","floor":12,"turns":2},{"damage":19,"enemies":"The Guardian","floor":16,"turns":7},{"damage":58,"enemies":"Chosen","floor":18,"turns":5},{"damage":43,"enemies":"Shell Parasite","floor":22,"turns":2},{"damage":8,"enemies":"Gremlin Leader","floor":23,"turns":3},{"damage":0,"enemies":"Snake Plant","floor":30,"turns":3},{"damage":0,"enemies":"Collector","floor":33,"turns":1},{"damage":13,"enemies":"Orb Walker","floor":35,"turns":3},{"damage":0,"enemies":"Mind Bloom Boss Battle","floor":38,"turns":1}],"seed_played":"7846047615327171868","potions_obtained":[{"floor":1,"key":"Block Potion"},{"floor":11,"key":"DistilledChaos"},{"floor":16,"key":"FearPotion"}],"is_trial":false,"path_per_floor":["M","$","M","?","?","R","?","R","T","E","?","M","?","$","R","B",null,"M","?","?","?","M","E","?","T","T","$","R","?","M","?","R","B",null,"M","?","$","?","?"],"character_chosen":"THE_SERVANT","items_purchased":["SilverBlades","Desolation","FossilizedHelix","testmod-Mystery","reliquary:BoilingFlask","LightFlow"],"campfire_rested":2,"item_purchase_floors":[2,14,27,27,37,37],"current_hp_per_floor":[65,65,17,6,6,23,23,40,40,40,40,40,40,40,40,23,51,35,35,35,27,8,38,38,38,38,38,38,38,56,56,56,56,56,43,43,43,43,0,0,0,0,0,0],"gold":97,"neow_bonus":"","is_daily":false,"chose_seed":false,"campfire_upgraded":3,"win_rate":0.0,"timestamp":1613299025,"path_taken":["M","$","?","?","?","R","?","R","T","E","?","?","?","?","R","BOSS","M","?","?","?","?","E","?","?","T","?","R","?","?","?","R","BOSS","M","?","?","?","?"],"items_purchased_type":["Card","Card","Relic","Card","Relic","Card"],"build_version":"2020-12-22","purchased_purges":1,"victory":false,"max_hp_per_floor":[65,65,57,57,57,57,57,57,57,57,54,51,51,51,51,51,51,51,51,51,56,56,56,56,56,56,56,56,56,56,56,56,56,56,56,56,56,56,61,61,66,66,71,71],"card_choices":[{"not_picked":["OldLady","VoidDream"],"picked":"SpiderBud","floor":1},{"not_picked":["Alleviate","Revamp"],"picked":"Rewind","floor":1},{"not_picked":["DualDimension","Revamp","Unruled","TimeWarp"],"picked":"Defy","floor":10},{"not_picked":["PunishingBird","Variant"],"picked":"BeautyBeast","floor":10},{"not_picked":["Murderer","PunishingBird"],"picked":"Bloodbath","floor":11},{"not_picked":["Rearm","ShatteredReality","Potential","GearUp"],"picked":"DoubleEdge","floor":11},{"not_picked":["LaLuna","MeatLantern"],"picked":"SingingMachine","floor":12},{"not_picked":["Starlight","FastForward","Deny","Revamp"],"picked":"Gouge","floor":12},{"not_picked":["BodiesMountain","MHz"],"picked":"DreamingCurrent","floor":16},{"not_picked":["Embodiment","SilverMatrix","Solidify","TrueSight"],"picked":"TheWorld","floor":16},{"not_picked":["PunishingBird","Murderer"],"picked":"FieryBird","floor":18},{"not_picked":["TimeWarp","BottledTime","Spin","Rearm"],"picked":"Initiator","floor":18},{"not_picked":["CherryBlossoms","LongBird"],"picked":"OSAHOGD","floor":22},{"not_picked":["ShatteredReality+1","Barrier","Potential+1","Revamp"],"picked":"Ricochet+1","floor":22},{"not_picked":["Mercenary","Rudolta"],"picked":"ShyLook","floor":23},{"not_picked":["Rearm+1","SilverMatrix","Revamp","DoubleEdge+1"],"picked":"InstantArmor","floor":23},{"not_picked":["VoidDream","PunishingBird"],"picked":"UniverseFragment","floor":30},{"not_picked":["DualDimension","Gouge","SpecialFormula","Starlight+1"],"picked":"Advance","floor":30},{"not_picked":["Murderer","CrumblingArmor"],"picked":"CherryBlossoms","floor":33},{"not_picked":["KillingDoll","FlawlessForm","SoulSculpture","Embodiment"],"picked":"LightFlow","floor":33},{"not_picked":["Spin","FastForward+1","Rearm","Alleviate+1"],"picked":"SilverBlades+1","floor":35},{"not_picked":["MeatLantern","Scorched"],"picked":"LaLuna","floor":35},{"not_picked":["Revamp+1","Starlight+1","Shuttle+1","TrueSight"],"picked":"BottledTime+1","floor":38}],"player_experience":267965,"relics_obtained":[{"floor":1,"key":"SynthV:TestCard"},{"floor":1,"key":"LetterFromLob"},{"floor":9,"key":"MagicDraw3"},{"floor":10,"key":"Bag of Preparation"},{"floor":11,"key":"Odd Mushroom"},{"floor":23,"key":"GodSword4"},{"floor":25,"key":"testmod-Antiphasic"},{"floor":38,"key":"CaptainsWheel"}],"event_choices":[{"damage_healed":0,"gold_gain":0,"player_choice":"Entered Light","damage_taken":11,"max_hp_gain":0,"max_hp_loss":0,"event_name":"Shining Light","floor":4,"gold_loss":0,"cards_upgraded":["KidneyShot","Strike_S"]},{"damage_healed":0,"gold_gain":-1,"player_choice":"Sell","damage_taken":0,"max_hp_gain":0,"max_hp_loss":0,"event_name":"¶÷ÂåË¹µÄÅÌ×Ó","floor":7,"relics_lost":["InspiredRelic"],"gold_loss":0},{"damage_healed":0,"gold_gain":0,"player_choice":"Fought Mushrooms","damage_taken":0,"max_hp_gain":0,"max_hp_loss":0,"event_name":"Mushrooms","floor":11,"gold_loss":0},{"damage_healed":0,"gold_gain":0,"player_choice":"Grow","damage_taken":0,"max_hp_gain":0,"max_hp_loss":0,"event_name":"Living Wall","floor":13,"gold_loss":0,"cards_upgraded":["DoubleEdge"]},{"damage_healed":0,"gold_gain":99,"player_choice":"Stole From Cult","damage_taken":0,"max_hp_gain":0,"max_hp_loss":0,"event_name":"Nest","floor":19,"gold_loss":0},{"damage_healed":0,"gold_gain":0,"player_choice":"Read","damage_taken":0,"max_hp_gain":0,"max_hp_loss":0,"event_name":"The Library","floor":20,"gold_loss":0,"cards_obtained":["TimeWarp"]},{"damage_healed":0,"gold_gain":0,"player_choice":"Shed Blood","damage_taken":13,"max_hp_gain":5,"max_hp_loss":0,"event_name":"Forgotten Altar","floor":21,"gold_loss":0},{"damage_healed":0,"gold_gain":0,"player_choice":"Ignored","damage_taken":0,"max_hp_gain":0,"max_hp_loss":0,"event_name":"Ghosts","floor":24,"gold_loss":0},{"damage_healed":0,"gold_gain":275,"player_choice":"Desecrate","damage_taken":0,"max_hp_gain":0,"max_hp_loss":0,"event_name":"Golden Shrine","floor":36,"gold_loss":0,"cards_obtained":["Regret"]},{"damage_healed":0,"gold_gain":0,"player_choice":"Fight","damage_taken":0,"max_hp_gain":0,"max_hp_loss":0,"event_name":"MindBloom","floor":38,"gold_loss":0}],"is_beta":false,"boss_relics":[{"not_picked":["Fusion Hammer","MoonlightInvasionPlan","testmod-EnergyCheck"]},{"not_picked":["GuanYuAspect","reliquary:WritOfMandamus"],"picked":"SplendidAttire"}],"items_purged_floors":[37],"is_endless":false,"potions_floor_spawned":[1,11,16,22],"ascension_level":0}}