{"host":"p0hktren06injwdf","time":1613318730,"event":{"mods":["AchievementEnabler","BaseMod","Colored Map","DeckTracker","Minty Spire (QoL Compilation)","Permanent Neow","StSLib","SuperFastMode"],"gold_per_floor":[369,211,211,224,74,104,104,130,130,130,130,163,183,195,195,271,271,289,308,70,70,70,70,70,70],"floor_reached":24,"language":"KOR","playtime":388,"items_purged":[],"score":574,"play_id":"31ddedb1-5303-430d-a8e7-2bdf5fba3f18","local_time":"20210215010530","is_ascension_mode":true,"campfire_choices":[{"data":"Zap","floor":7.0,"key":"SMITH"},{"floor":10.0,"key":"REST"},{"data":"Go for the Eyes","floor":15.0,"key":"SMITH"},{"data":"Defragment","floor":23.0,"key":"SMITH"}],"circlet_count":0,"master_deck":["AscendersBane","Strike_B","Strike_B","Strike_B","Defend_B","Defend_B","Defend_B","Defend_B","Zap+1","Dualcast","Gash","Flash of Steel","Compile Driver","Glacier","Biased Cognition+1","Go for the Eyes+1","Ball Lightning","Capacitor","Gash","Reboot","Hologram","Stack","Defragment+1","Defragment","White Noise"],"relics":["Cracked Core","Juzu Bracelet","StrikeDummy","White Beast Statue","Calipers","Sozu","DollysMirror"],"acts_visited":["Exordium","TheCity"],"potions_floor_usage":[24],"damage_taken":[{"damage":1.0,"enemies":"Small Slimes","floor":1.0,"turns":3.0},{"damage":0.0,"enemies":"Cultist","floor":4.0,"turns":2.0},{"damage":21.0,"enemies":"Gremlin Nob","floor":6.0,"turns":4.0},{"damage":12.0,"enemies":"3 Sentries","floor":8.0,"turns":10.0},{"damage":0.0,"enemies":"Lagavulin","floor":12.0,"turns":7.0},{"damage":7.0,"enemies":"2 Louse","floor":13.0,"turns":2.0},{"damage":8.0,"enemies":"Looter","floor":14.0,"turns":2.0},{"damage":0.0,"enemies":"The Guardian","floor":16.0,"turns":11.0},{"damage":0.0,"enemies":"Spheric Guardian","floor":18.0,"turns":4.0},{"damage":0.0,"enemies":"Chosen","floor":19.0,"turns":4.0},{"damage":40,"enemies":"Gremlin Leader","floor":24,"turns":2}],"seed_played":"-9223161315962803284","potions_obtained":[{"floor":6.0,"key":"DuplicationPotion"},{"floor":12.0,"key":"EssenceOfSteel"},{"floor":13.0,"key":"Block Potion"},{"floor":16.0,"key":"SkillPotion"}],"is_trial":false,"path_per_floor":["M","$","?","M","$","E","R","E","T","R","?","E","M","M","R","B",null,"M","M","$","?","?","R","E"],"character_chosen":"DEFECT","items_purchased":["Flash of Steel","Compile Driver","Biased Cognition","Defragment","DollysMirror"],"campfire_rested":1,"item_purchase_floors":[2,2,5,20,20],"current_hp_per_floor":[45,45,45,45,45,24,24,12,12,33,33,33,26,18,18,18,58,58,58,58,58,38,38,0,0],"gold":70,"neow_bonus":"TWO_FIFTY_GOLD","is_daily":false,"chose_seed":false,"campfire_upgraded":3,"win_rate":0.0,"timestamp":1613318730,"path_taken":["M","$","?","M","?","E","R","E","T","R","?","E","M","M","R","BOSS","M","M","$","?","?","R","E"],"items_purchased_type":["Card","Card","Card","Card","Relic"],"build_version":"2020-12-22","purchased_purges":0,"victory":false,"max_hp_per_floor":[71,71,71,71,71,71,71,71,71,71,71,71,71,71,71,71,71,71,71,71,71,76,76,76,76],"card_choices":[{"not_picked":["Blizzard","Compile Driver"],"picked":"Gash","floor":1.0},{"not_picked":["Hologram","Hello World"],"picked":"Glacier","floor":4.0},{"not_picked":["Auto Shields","Multi-Cast","Lockon"],"picked":"SKIP","floor":6.0},{"not_picked":["Steam","Recycle"],"picked":"Go for the Eyes","floor":8.0},{"not_picked":["Turbo","Beam Cell"],"picked":"Ball Lightning","floor":12.0},{"not_picked":["Stack","Reprogram"],"picked":"Capacitor","floor":13.0},{"not_picked":["Force Field","Conserve Battery"],"picked":"Gash","floor":14.0},{"not_picked":["Thunder Strike","Buffer"],"picked":"Reboot","floor":16.0},{"not_picked":["Sunder","Skim"],"picked":"Hologram","floor":18.0},{"not_picked":["Ball Lightning","Heatsinks"],"picked":"Stack","floor":19.0}],"player_experience":1055877,"relics_obtained":[{"floor":6.0,"key":"Juzu Bracelet"},{"floor":8.0,"key":"StrikeDummy"},{"floor":9.0,"key":"White Beast Statue"},{"floor":12.0,"key":"Calipers"}],"event_choices":[{"cards_removed":["Strike_B"],"damage_healed":0.0,"max_hp_gain":0.0,"max_hp_loss":0.0,"gold_gain":0.0,"event_name":"Bonfire Elementals","player_choice":"Offered Basic","floor":3.0,"gold_loss":0.0,"damage_taken":0.0},{"damage_healed":0.0,"max_hp_gain":0.0,"max_hp_loss":0.0,"gold_gain":0.0,"event_name":"Upgrade Shrine","player_choice":"Upgraded","floor":11.0,"gold_loss":0.0,"damage_taken":0.0,"cards_upgraded":["Biased Cognition"]},{"damage_healed":0.0,"max_hp_gain":0.0,"max_hp_loss":0.0,"gold_gain":0.0,"event_name":"The Library","player_choice":"Read","floor":21.0,"gold_loss":0.0,"damage_taken":0.0,"cards_obtained":["White Noise"]},{"damage_healed":0.0,"max_hp_gain":5.0,"max_hp_loss":0.0,"gold_gain":0.0,"event_name":"Forgotten Altar","player_choice":"Shed Blood","floor":22.0,"gold_loss":0.0,"damage_taken":25.0}],"is_beta":false,"boss_relics":[{"not_picked":["Empty Cage","Black Star"],"picked":"Sozu"}],"items_purged_floors":[],"is_endless":false,"potions_floor_spawned":[6,12,13,14,16,18,19],"killed_by":"Gremlin Leader","ascension_level":20}}