{"host":"tcdxiwht2vajk3tk","time":1613287702,"event":{"mods":["AchievementEnabler","BaseMod","Beaked The Cultist","Colored Powertips","Conspire","Defuse TimeMaze Blight","Downfall","Halation","Hermit","Hubris","Infinite Spire","Lobotomy","LobotomyExtend","Minty Spire (QoL Compilation)","Replay The Spire","Shop Mod","StSLib","The Cursed","The Disciple"],"gold_per_floor":[233,288,27,127,127,127,127],"floor_reached":6,"language":"ENG","playtime":3156,"items_purged":[],"score":166,"play_id":"70b563e8-43df-48f7-93a1-9699fcaa7e51","local_time":"20210214022822","is_ascension_mode":true,"campfire_choices":[],"circlet_count":0,"master_deck":["hubris:Greed","TheCursedMod:Strike_TheCursed","TheCursedMod:Strike_TheCursed","TheCursedMod:Strike_TheCursed","TheCursedMod:Strike_TheCursed","TheCursedMod:Defend_TheCursed","TheCursedMod:Defend_TheCursed","TheCursedMod:Defend_TheCursed","TheCursedMod:Defend_TheCursed","TheCursedMod:CursedWand","TheCursedMod:CleanUpWorkshop","TheCursedMod:Dregs","hubris:Greed","hubris:Greed","TheCursedMod:SmokeScreen","hubris:Greed","hubris:Greed","hubris:Greed","hubris:Greed","TheCursedMod:CircleOfAbyss","hubris:Greed","hubris:Greed","hubris:Greed","hubris:Greed","hubris:Greed","hubris:Greed","hubris:Greed","hubris:Greed","hubris:Greed","TheCursedMod:Obscuration"],"relics":["TheCursedMod:BlackMagic101","LetterFromLob","infinitespire:EmpoweringShard"],"acts_visited":["Exordium"],"potions_floor_usage":[],"damage_taken":[{"damage":13.0,"enemies":"Jaw Worm","floor":1.0,"turns":5.0},{"damage":4.0,"enemies":"Small Slimes","floor":2.0,"turns":4.0},{"damage":0.0,"enemies":"2 Louse","floor":4.0,"turns":4.0},{"damage":60,"enemies":"3 Sentries","floor":6,"turns":18}],"seed_played":"-7080762575835510790","potions_obtained":[],"is_trial":false,"path_per_floor":["M","M","$","M","?","E"],"character_chosen":"THE_CURSED","items_purchased":["infinitespire:EmpoweringShard"],"campfire_rested":0,"item_purchase_floors":[3],"current_hp_per_floor":[62,58,58,58,58,0,0],"gold":127,"neow_bonus":"HUNDRED_GOLD","is_daily":false,"chose_seed":false,"campfire_upgraded":0,"win_rate":0.0,"timestamp":1613287702,"path_taken":["M","M","$","M","?","E"],"items_purchased_type":["Relic"],"build_version":"2020-12-22","purchased_purges":0,"victory":false,"max_hp_per_floor":[75,75,75,75,75,75,75],"card_choices":[{"not_picked":["TheCursedMod:VitalStrike","TheCursedMod:TacticalStrike"],"picked":"TheCursedMod:SmokeScreen","floor":1.0},{"not_picked":["TheCursedMod:CircleOfCorruption","TheCursedMod:RapidMovement"],"picked":"TheCursedMod:CircleOfAbyss","floor":2.0},{"not_picked":["TheCursedMod:TroublousMinions","TheCursedMod:SurpriseAttack"],"picked":"TheCursedMod:Obscuration","floor":4.0}],"player_experience":1755596,"relics_obtained":[{"floor":1.0,"key":"LetterFromLob"}],"event_choices":[{"damage_healed":0.0,"max_hp_gain":0.0,"max_hp_loss":0.0,"gold_gain":0.0,"event_name":"Golden Wing","player_choice":"Ignored","floor":5.0,"gold_loss":0.0,"damage_taken":0.0}],"is_beta":false,"boss_relics":[],"items_purged_floors":[],"is_endless":false,"potions_floor_spawned":[],"killed_by":"3 Sentries","ascension_level":3}}