{"host":"za1qviwhp34x909e","time":1613287748,"event":{"mods":["Act Like it!","BaseMod","Colored Map","Colored Powertips","Downfall","Highlight Path","Marisa????????","Minty Spire (QoL Compilation)","Quick Restart","StSLib","The Disciple","The Servant 0.9.4"],"gold_per_floor":[109,119,119,138,153,196,221,221,221,250,276,276,103,146,146,259,259,278,304,339,339,9,9,28,28,28,28,48,88,88,88,88,198,198,227,254,274,298,8,8,44,44,44,98,98,125,154,175,175,175],"floor_reached":51,"language":"ENG","playtime":4153,"items_purged":["Strike_S","Strike_S","Strike_S+1"],"score":759,"play_id":"5ae3db92-9fd6-4cbb-b839-1e9ff6c25d35","local_time":"20210214012908","is_ascension_mode":false,"campfire_choices":[{"data":"BestPractice","floor":8,"key":"SMITH"},{"floor":12,"key":"REST"},{"data":"LightFlow","floor":15,"key":"SMITH"},{"floor":23,"key":"REST"},{"data":"ShatteredReality","floor":25,"key":"SMITH"},{"data":"GearUp","floor":27,"key":"SMITH"},{"data":"Hightail","floor":30,"key":"SMITH"},{"data":"KillingDoll","floor":32,"key":"SMITH"},{"floor":40,"key":"REST"},{"data":"SilverBlades","floor":42,"key":"SMITH"},{"data":"Rearm","floor":45,"key":"SMITH"},{"floor":49,"key":"REST"}],"circlet_count":0,"master_deck":["Strike_S+1","Defend_S+1","Defend_S+1","Defend_S+1","Defend_S+1","KidneyShot","Exchange","SilverBlades","Comet","DoubleEdge","SurpressingFire","BestPractice+1","Replace","Rearm+1","LightFlow+1","Moonlight","ShatteredReality+1","TimeWarp","KillingDoll+1","GearUp+1","MoonPhase+1","DoubleEdge+1","BottledTime","SurpressingFire+1","Starlight+1","Hightail+1","SoulSculpture+1","ShatteredReality+1","Master of Strategy","Finesse","Trip","Deadline+1","DualDimension","SilverBlades+1","Foresight+1","Replace","Defy+1","Parasite","Luminosity"],"relics":["Uniform","NeowsBlessing","CeramicFish","Du-Vu Doll","Thread and Needle","Black Star","Red Mask","Membership Card","Mummified Hand","Molten Egg 2","Lizard Tail","Turnip","Runic Dome","Kunai","Centennial Puzzle","Mercury Hourglass","Pear","Torii"],"acts_visited":["Exordium","TheCity","TheBeyond"],"potions_floor_usage":[6,14,20,20,28,29,41,41,44,47,50],"damage_taken":[{"damage":0,"enemies":"Jaw Worm","floor":1,"turns":1},{"damage":0,"enemies":"Cultist","floor":2,"turns":1},{"damage":0,"enemies":"2 Louse","floor":4,"turns":1},{"damage":0,"enemies":"Large Slime","floor":5,"turns":5},{"damage":26,"enemies":"Gremlin Nob","floor":6,"turns":4},{"damage":0,"enemies":"3 Louse","floor":7,"turns":4},{"damage":6,"enemies":"Blue Slaver","floor":10,"turns":5},{"damage":18,"enemies":"Large Slime","floor":11,"turns":6},{"damage":13,"enemies":"Lagavulin","floor":14,"turns":3},{"damage":0,"enemies":"Slime Boss","floor":16,"turns":5},{"damage":14,"enemies":"Shell Parasite","floor":18,"turns":3},{"damage":0,"enemies":"Spheric Guardian","floor":19,"turns":3},{"damage":30,"enemies":"Masked Bandits","floor":20,"turns":6},{"damage":6,"enemies":"Chosen and Byrds","floor":24,"turns":3},{"damage":0,"enemies":"Shelled Parasite and Fungi","floor":28,"turns":3},{"damage":1,"enemies":"Slavers","floor":29,"turns":4},{"damage":1,"enemies":"Automaton","floor":33,"turns":8},{"damage":12,"enemies":"3 Shapes","floor":35,"turns":4},{"damage":44,"enemies":"3 Darklings","floor":37,"turns":4},{"damage":0,"enemies":"Maw","floor":38,"turns":7},{"damage":15,"enemies":"Nemesis","floor":41,"turns":7},{"damage":13,"enemies":"2 Orb Walkers","floor":44,"turns":4},{"damage":0,"enemies":"Spire Growth","floor":46,"turns":2},{"damage":26,"enemies":"Writhing Mass","floor":47,"turns":4},{"damage":0,"enemies":"Transient","floor":48,"turns":5},{"damage":9,"enemies":"Time Eater","floor":50,"turns":13}],"seed_played":"8292421399184881512","potions_obtained":[{"floor":3,"key":"Weak Potion"},{"floor":3,"key":"LiquidMemories"},{"floor":3,"key":"AttackPotion"},{"floor":4,"key":"CultistPotion"},{"floor":6,"key":"bronze:BurnAndBuffPotion"},{"floor":14,"key":"Weak Potion"},{"floor":18,"key":"Fire Potion"},{"floor":24,"key":"Regen Potion"},{"floor":33,"key":"Fruit Juice"},{"floor":38,"key":"Weak Potion"},{"floor":41,"key":"hexamod:SoulburnPotion"},{"floor":44,"key":"SkillPotion"},{"floor":47,"key":"Dexterity Potion"}],"is_trial":false,"path_per_floor":["M","M","?","M","M","E","M","R","T","M","M","R","$","E","R","B",null,"M","M","?","?","$","R","M","R","T","R","M","E","R","?","R","B",null,"M","?","M","M","$","R","E","R","T","?","R","M","M","M","R","B",null],"character_chosen":"THE_SERVANT","items_purchased":["Moonlight","ShatteredReality","Membership Card","BottledTime","Mummified Hand","SilverBlades","Kunai","Centennial Puzzle"],"campfire_rested":4,"item_purchase_floors":[13,13,22,22,22,39,39,39],"current_hp_per_floor":[65,65,65,65,65,39,39,39,39,33,15,34,34,21,21,21,65,51,51,21,21,21,40,34,34,34,34,39,38,38,38,38,37,65,53,43,32,32,32,51,51,51,51,38,38,38,12,12,36,27],"gold":175,"neow_bonus":"THREE_ENEMY_KILL","is_daily":false,"chose_seed":false,"campfire_upgraded":8,"win_rate":0.0,"timestamp":1613287748,"path_taken":["M","M","?","?","M","E","M","R","T","M","M","R","$","E","R","BOSS","M","M","?","?","$","R","M","R","T","R","M","E","R","?","R","BOSS","M","?","M","M","$","R","E","R","T","?","R","M","?","M","R","BOSS"],"items_purchased_type":["Card","Card","Relic","Card","Relic","Card","Relic","Relic"],"build_version":"2020-12-22","purchased_purges":3,"victory":true,"max_hp_per_floor":[65,65,65,65,65,65,65,65,65,65,65,65,65,65,65,65,65,65,65,65,65,65,65,65,65,65,65,65,65,65,65,65,65,65,65,65,65,65,65,65,80,80,80,80,80,80,80,80,80,80],"card_choices":[{"not_picked":["Starlight","Replace"],"picked":"SilverBlades","floor":1},{"not_picked":["Rearm","Shuttle"],"picked":"Comet","floor":2},{"not_picked":["Ricochet","MoonPhase"],"picked":"DoubleEdge","floor":4},{"not_picked":["Unruled","Ricochet"],"picked":"SurpressingFire","floor":5},{"not_picked":["TimeWarp","Revamp"],"picked":"BestPractice","floor":6},{"not_picked":["Rewind","BottledTime"],"picked":"Replace","floor":7},{"not_picked":["DualDimension","Replace"],"picked":"Rearm","floor":10},{"not_picked":["BottledTime","Read"],"picked":"LightFlow","floor":11},{"not_picked":["LightFlow","Replace"],"picked":"TimeWarp","floor":14},{"not_picked":["ForgedInTime","Deny"],"picked":"KillingDoll","floor":16},{"not_picked":["Contraction","Ricochet"],"picked":"GearUp","floor":18},{"not_picked":["Revamp+1","Ricochet"],"picked":"MoonPhase+1","floor":19},{"not_picked":["BestPractice","StarChef"],"picked":"DoubleEdge+1","floor":20},{"not_picked":["Ricochet","Spin"],"picked":"SurpressingFire+1","floor":24},{"not_picked":["Rewind","TimeWarp+1"],"picked":"Starlight+1","floor":28},{"not_picked":["Rewind","Manipulate"],"picked":"Hightail","floor":29},{"not_picked":["ForgedInTime","Dilation"],"picked":"SoulSculpture+1","floor":33},{"not_picked":["Hightail","TimeWarp+1"],"picked":"ShatteredReality+1","floor":35},{"not_picked":["Bandage Up","Chrysalis"],"picked":"Master of Strategy","floor":36},{"not_picked":["Blind","The Bomb"],"picked":"Finesse","floor":36},{"not_picked":["Good Instincts","Mayhem"],"picked":"Trip","floor":36},{"not_picked":["Unruled+1","Snipe+1"],"picked":"Deadline+1","floor":37},{"not_picked":["RealityMarble","Rearm+1"],"picked":"DualDimension","floor":38},{"not_picked":["Starlight+1","FastForward"],"picked":"Foresight+1","floor":41},{"not_picked":["ReturningBlade+1","TimeWarp+1"],"picked":"Replace","floor":44},{"not_picked":["BottledTime","SurpressingFire"],"picked":"Defy+1","floor":46},{"not_picked":["Revamp+1","Initiator+1","Rewind+1"],"picked":"SKIP","floor":47},{"not_picked":["TimeTheft+1","FastForward"],"picked":"Luminosity","floor":48}],"player_experience":709256,"relics_obtained":[{"floor":6,"key":"CeramicFish"},{"floor":9,"key":"Du-Vu Doll"},{"floor":14,"key":"Thread and Needle"},{"floor":20,"key":"Red Mask"},{"floor":26,"key":"Molten Egg 2"},{"floor":29,"key":"Lizard Tail"},{"floor":29,"key":"Turnip"},{"floor":41,"key":"Mercury Hourglass"},{"floor":41,"key":"Pear"},{"floor":44,"key":"Torii"}],"event_choices":[{"damage_healed":0,"gold_gain":0,"player_choice":"Got Potions","damage_taken":0,"max_hp_gain":0,"max_hp_loss":0,"event_name":"Lab","floor":3,"gold_loss":0},{"damage_healed":0,"gold_gain":0,"player_choice":"Fought Bandits","damage_taken":0,"max_hp_gain":0,"max_hp_loss":0,"event_name":"Masked Bandits","floor":20,"gold_loss":0},{"damage_healed":0,"gold_gain":0,"player_choice":"Ignored","damage_taken":0,"max_hp_gain":0,"max_hp_loss":0,"event_name":"Cursed Tome","floor":21,"gold_loss":0},{"damage_healed":0,"gold_gain":0,"player_choice":"Simplicity","damage_taken":0,"max_hp_gain":0,"max_hp_loss":0,"event_name":"Back to Basics","floor":31,"gold_loss":0,"cards_upgraded":["Strike_S","Strike_S","Defend_S","Defend_S","Defend_S","Defend_S"]},{"damage_healed":0,"gold_gain":0,"player_choice":"Memory 3","damage_taken":10,"max_hp_gain":0,"max_hp_loss":0,"event_name":"SensoryStone","floor":36,"gold_loss":0},{"damage_healed":0,"gold_gain":0,"player_choice":"Fight","damage_taken":0,"max_hp_gain":0,"max_hp_loss":0,"event_name":"Mysterious Sphere","floor":44,"gold_loss":0}],"is_beta":false,"boss_relics":[{"not_picked":["Philosopher\u0027s Stone","Calling Bell"],"picked":"Black Star"},{"not_picked":["MysterySword","Coffee Dripper"],"picked":"Runic Dome"}],"items_purged_floors":[13,22,39],"is_endless":false,"potions_floor_spawned":[4,6,7,14,16,18,24,33,38,41,44,47],"ascension_level":0}}