{"host":"qp7xs8nuzfsyommi","time":1613276855,"event":{"mods":["2.2 Compatiblity","BaseMod","Colored Powertips","DeckTracker","Highlight Path","Minty Spire (QoL Compilation)","Permanent Neow","Quick Restart","StSLib"],"gold_per_floor":[113,123,67,83,102,128,128,128,153,153,171,186,219,279,279,355,355,374,424,434,452,452,452,483,503,526,526,526,526],"floor_reached":28,"language":"ENG","playtime":2373,"items_purged":[],"score":500,"play_id":"be99bdf7-0883-41b8-9f45-2b466ca31177","local_time":"20210213232735","is_ascension_mode":true,"campfire_choices":[{"floor":7.0,"key":"REST"},{"floor":10.0,"key":"REST"},{"data":"Fission","floor":15.0,"key":"SMITH"},{"floor":23.0,"key":"RECALL"},{"floor":27.0,"key":"REST"}],"circlet_count":0,"master_deck":["AscendersBane","Strike_B+1","Strike_B+1","Strike_B+1","Defend_B+1","Defend_B+1","Zap","Dualcast","Blizzard+1","Echo Form+1","Conserve Battery+1","Gash","Cold Snap","Gash","Glacier","Chill","Undo","Capacitor","Defragment","Fission+1","Chill","All For One","Barrage","Chill","Streamline+1","Self Repair"],"relics":["Astrolabe","Juzu Bracelet","Potion Belt","Strawberry","Pear","Runic Pyramid","Du-Vu Doll","Anchor"],"acts_visited":["Exordium","TheCity"],"potions_floor_usage":[],"damage_taken":[{"damage":4.0,"enemies":"2 Louse","floor":1.0,"turns":3.0},{"damage":14.0,"enemies":"Jaw Worm","floor":2.0,"turns":5.0},{"damage":3.0,"enemies":"Small Slimes","floor":4.0,"turns":3.0},{"damage":0.0,"enemies":"2 Fungi Beasts","floor":5.0,"turns":4.0},{"damage":17.0,"enemies":"Gremlin Nob","floor":6.0,"turns":4.0},{"damage":0.0,"enemies":"Large Slime","floor":11.0,"turns":7.0},{"damage":27.0,"enemies":"Exordium Wildlife","floor":12.0,"turns":5.0},{"damage":10.0,"enemies":"3 Sentries","floor":13.0,"turns":8.0},{"damage":32.0,"enemies":"Gremlin Nob","floor":14.0,"turns":6.0},{"damage":1.0,"enemies":"Slime Boss","floor":16.0,"turns":12.0},{"damage":0.0,"enemies":"Chosen","floor":18.0,"turns":7.0},{"damage":6.0,"enemies":"3 Byrds","floor":20.0,"turns":4.0},{"damage":7.0,"enemies":"Snake Plant","floor":21.0,"turns":7.0},{"damage":31.0,"enemies":"Slavers","floor":24.0,"turns":6.0},{"damage":2.0,"enemies":"Centurion and Healer","floor":25.0,"turns":5.0},{"damage":56,"enemies":"Book of Stabbing","floor":28,"turns":7}],"seed_played":"5415768059589643164","potions_obtained":[{"floor":1.0,"key":"AttackPotion"},{"floor":5.0,"key":"SpeedPotion"},{"floor":6.0,"key":"EssenceOfSteel"},{"floor":12.0,"key":"Energy Potion"},{"floor":14.0,"key":"PowerPotion"}],"is_trial":false,"path_per_floor":["M","M","$","M","M","E","R","?","T","R","M","M","E","?","R","B",null,"M","?","M","M","?","R","E","M","T","R","E"],"character_chosen":"DEFECT","items_purchased":["Gash"],"campfire_rested":3,"item_purchase_floors":[3],"current_hp_per_floor":[60,46,46,43,43,26,47,47,47,68,68,41,38,16,16,15,70,70,70,64,57,57,57,26,24,24,50,0,0],"gold":526,"neow_bonus":"BOSS_RELIC","is_daily":false,"chose_seed":false,"campfire_upgraded":1,"win_rate":0.0,"timestamp":1613276855,"path_taken":["M","M","$","M","M","E","R","?","T","R","M","M","E","?","R","BOSS","M","?","M","M","?","R","E","M","T","R","E"],"items_purchased_type":["Card"],"build_version":"2020-12-22","purchased_purges":0,"victory":false,"max_hp_per_floor":[71,71,71,71,71,71,71,71,71,71,71,71,78,88,88,88,88,88,88,88,88,88,88,88,88,88,88,88,88],"card_choices":[{"not_picked":["Scrape","Go for the Eyes"],"picked":"Gash","floor":1.0},{"not_picked":["Storm","Leap"],"picked":"Cold Snap","floor":2.0},{"not_picked":["Force Field","BootSequence"],"picked":"Glacier","floor":4.0},{"not_picked":["Ball Lightning","Leap"],"picked":"Chill","floor":5.0},{"not_picked":["Darkness","Turbo"],"picked":"Undo","floor":6.0},{"not_picked":["Recycle","Storm"],"picked":"Capacitor","floor":11.0},{"not_picked":["Storm","Scrape"],"picked":"Defragment","floor":12.0},{"not_picked":["Undo","Redo"],"picked":"Fission","floor":13.0},{"not_picked":["Glacier","Hologram"],"picked":"Chill","floor":14.0},{"not_picked":["Meteor Strike","Fission"],"picked":"All For One","floor":16.0},{"not_picked":["BootSequence","Steam"],"picked":"Barrage","floor":18.0},{"not_picked":["Sweeping Beam","Conserve Battery","Cold Snap"],"picked":"SKIP","floor":20.0},{"not_picked":["Loop","Hologram"],"picked":"Chill","floor":21.0},{"not_picked":["Sunder","Rip and Tear"],"picked":"Streamline+1","floor":24.0},{"not_picked":["Stack","Gash"],"picked":"Self Repair","floor":25.0}],"player_experience":1898704,"relics_obtained":[{"floor":6.0,"key":"Juzu Bracelet"},{"floor":9.0,"key":"Potion Belt"},{"floor":13.0,"key":"Strawberry"},{"floor":14.0,"key":"Pear"},{"floor":24.0,"key":"Du-Vu Doll"},{"floor":26.0,"key":"Anchor"}],"event_choices":[{"damage_healed":0.0,"max_hp_gain":0.0,"max_hp_loss":0.0,"gold_gain":0.0,"event_name":"Liars Game","player_choice":"Ignored","floor":8.0,"gold_loss":0.0,"damage_taken":0.0},{"damage_healed":0.0,"max_hp_gain":0.0,"max_hp_loss":0.0,"gold_gain":0.0,"event_name":"Dead Adventurer","player_choice":"Searched \u00271\u0027 times","floor":14.0,"gold_loss":0.0,"damage_taken":0.0},{"damage_healed":0.0,"max_hp_gain":0.0,"max_hp_loss":0.0,"gold_gain":50.0,"event_name":"Nest","player_choice":"Stole From Cult","floor":19.0,"gold_loss":0.0,"damage_taken":0.0},{"damage_healed":0.0,"max_hp_gain":0.0,"max_hp_loss":0.0,"gold_gain":0.0,"event_name":"Back to Basics","player_choice":"Simplicity","floor":22.0,"gold_loss":0.0,"damage_taken":0.0,"cards_upgraded":["Strike_B","Strike_B","Strike_B","Defend_B","Defend_B"]}],"is_beta":false,"boss_relics":[{"not_picked":["Runic Dome","Philosopher\u0027s Stone"],"picked":"Runic Pyramid"}],"items_purged_floors":[],"is_endless":false,"potions_floor_spawned":[1,5,6,12,14],"killed_by":"Book of Stabbing","ascension_level":20}}