{"host":"iudiqz5bwex5meyb","time":1613337029,"event":{"mods":["AchievementEnabler","BaseMod","Block Reminder","Colored Map","Minty Spire (QoL Compilation)","StSLib","ojb\u0027s Better Paths Mod","ojb\u0027s Info Mod"],"gold_per_floor":[111,111,61,61,76,102,102,113,136,150,165,177,190,218,230,341,353,375,402,414,55,70,100,119,149,220,246,74,74,87,87,87,191,191,206,206,226,243,253,283,303,303,329,329,354,368,383,410,410,410,410,410,167,200,200],"floor_reached":56,"language":"ENG","playtime":7793,"items_purged":["Strike_G","Strike_G"],"score":1474,"play_id":"864926db-3d02-4edb-a1fa-f06a581b668e","local_time":"20210214151029","is_ascension_mode":true,"campfire_choices":[{"data":"Crippling Poison","floor":7.0,"key":"SMITH"},{"data":"Noxious Fumes","floor":15.0,"key":"SMITH"},{"floor":32,"key":"RECALL"},{"data":"Bullet Time","floor":42,"key":"SMITH"},{"data":"Catalyst","floor":44,"key":"SMITH"},{"data":"Adrenaline","floor":49,"key":"SMITH"},{"data":"Noxious Fumes","floor":52,"key":"SMITH"}],"circlet_count":0,"master_deck":["Defend_G","Defend_G","Defend_G","Defend_G","Defend_G","Survivor+1","Neutralize+1","Acrobatics","Crippling Poison+1","Backflip","Cloak And Dagger","Adrenaline+1","Poisoned Stab+1","Noxious Fumes+1","Bullet Time+1","Deadly Poison+1","Noxious Fumes","Sadistic Nature","Noxious Fumes+1","Blur","After Image","Adrenaline+1","After Image","Catalyst+1","Venomology","Prepared+1","After Image"],"relics":["Ring of the Snake","NeowsBlessing","Lantern","Regal Pillow","Blood Vial","MawBank","Runic Pyramid","Bag of Marbles","Shuriken","War Paint","Dream Catcher","SacredBark","Sundial","Ancient Tea Set","Toy Ornithopter","Omamori","TwistedFunnel","Whetstone"],"acts_visited":["Exordium","TheCity","TheBeyond","TheEnding"],"potions_floor_usage":[37,39,46,46,47,48,48,50,54,55,55],"damage_taken":[{"damage":0.0,"enemies":"2 Louse","floor":1.0,"turns":1.0},{"damage":0.0,"enemies":"Small Slimes","floor":5.0,"turns":1.0},{"damage":0.0,"enemies":"Gremlin Nob","floor":6.0,"turns":1.0},{"damage":0.0,"enemies":"Jaw Worm","floor":8.0,"turns":4.0},{"damage":12.0,"enemies":"Exordium Thugs","floor":10.0,"turns":5.0},{"damage":3.0,"enemies":"Exordium Wildlife","floor":11.0,"turns":5.0},{"damage":1.0,"enemies":"Blue Slaver","floor":12.0,"turns":4.0},{"damage":4.0,"enemies":"Large Slime","floor":13.0,"turns":7.0},{"damage":2.0,"enemies":"3 Sentries","floor":14.0,"turns":7.0},{"damage":42.0,"enemies":"Slime Boss","floor":16.0,"turns":12.0},{"damage":0.0,"enemies":"Shell Parasite","floor":18.0,"turns":5.0},{"damage":2.0,"enemies":"Spheric Guardian","floor":19.0,"turns":4.0},{"damage":0.0,"enemies":"3 Cultists","floor":22.0,"turns":3.0},{"damage":31.0,"enemies":"Slavers","floor":23.0,"turns":4.0},{"damage":2.0,"enemies":"Snake Plant","floor":24.0,"turns":4.0},{"damage":0.0,"enemies":"Book of Stabbing","floor":25.0,"turns":5.0},{"damage":7.0,"enemies":"Gremlin Leader","floor":27.0,"turns":5.0},{"damage":0.0,"enemies":"Snecko","floor":30.0,"turns":4.0},{"damage":31,"enemies":"Champ","floor":33,"turns":9},{"damage":0,"enemies":"Orb Walker","floor":35,"turns":4},{"damage":0,"enemies":"3 Shapes","floor":37,"turns":3},{"damage":0,"enemies":"Sphere and 2 Shapes","floor":38,"turns":4},{"damage":0,"enemies":"Jaw Worm Horde","floor":39,"turns":4},{"damage":6,"enemies":"Nemesis","floor":40,"turns":7},{"damage":0,"enemies":"4 Shapes","floor":41,"turns":3},{"damage":0,"enemies":"Giant Head","floor":45,"turns":6},{"damage":19,"enemies":"Maw","floor":46,"turns":5},{"damage":5,"enemies":"Transient","floor":47,"turns":5},{"damage":6,"enemies":"Reptomancer","floor":48,"turns":5},{"damage":15,"enemies":"Donu and Deca","floor":50,"turns":8},{"damage":0,"enemies":"Shield and Spear","floor":54,"turns":5},{"damage":35,"enemies":"The Heart","floor":55,"turns":9}],"seed_played":"4129434379512708309","potions_obtained":[{"floor":5.0,"key":"Dexterity Potion"},{"floor":6.0,"key":"LiquidMemories"},{"floor":11.0,"key":"Poison Potion"},{"floor":13.0,"key":"GhostInAJar"},{"floor":14.0,"key":"PowerPotion"},{"floor":23.0,"key":"Energy Potion"},{"floor":25.0,"key":"Explosive Potion"},{"floor":27.0,"key":"PowerPotion"},{"floor":38,"key":"DuplicationPotion"},{"floor":39,"key":"BlessingOfTheForge"},{"floor":40,"key":"FairyPotion"},{"floor":46,"key":"PowerPotion"},{"floor":48,"key":"GamblersBrew"}],"is_trial":false,"path_per_floor":["M","?","?","T","M","E","R","M","T","M","M","M","M","E","R","B",null,"M","M","?","$","M","E","M","E","T","E","$","?","M","?","R","B",null,"M","?","M","M","M","E","M","R","T","R","E","M","M","E","R","B",null,"R","$","E","B",null],"character_chosen":"THE_SILENT","items_purchased":["Noxious Fumes","Energy Potion","Sadistic Nature","LiquidMemories","TwistedFunnel","Energy Potion","PowerPotion"],"campfire_rested":0,"item_purchase_floors":[21,21,21,28,53,53,53],"current_hp_per_floor":[70,70,70,70,70,70,70,70,70,58,57,58,56,56,56,16,70,70,68,68,68,70,39,39,41,41,36,36,36,38,38,38,9,70,70,70,70,70,70,64,66,66,66,66,68,56,58,64,64,55,70,70,70,70,45],"gold":200,"neow_bonus":"THREE_ENEMY_KILL","is_daily":false,"chose_seed":false,"campfire_upgraded":6,"win_rate":0.0,"timestamp":1613337029,"path_taken":["M","?","?","?","M","E","R","M","T","M","M","?","M","E","R","BOSS","M","M","?","$","M","E","M","E","T","E","$","?","M","?","R","BOSS","M","?","M","M","?","E","M","R","T","R","E","M","M","E","R","BOSS","R","$","E","BOSS"],"items_purchased_type":["Card","Potion","Card","Potion","Relic","Potion","Potion"],"build_version":"2020-12-22","purchased_purges":2,"victory":true,"max_hp_per_floor":[70,70,70,70,70,70,70,70,70,70,70,70,70,70,70,70,70,70,70,70,70,70,70,70,70,70,70,70,70,70,70,70,70,70,70,70,70,70,70,70,70,70,70,70,70,70,70,70,70,70,70,70,70,70,70],"card_choices":[{"not_picked":["Slice","Backstab"],"picked":"Acrobatics","floor":1.0},{"not_picked":["Terror","Quick Slash"],"picked":"Crippling Poison","floor":5.0},{"not_picked":["Choke","Backstab"],"picked":"Backflip","floor":6.0},{"not_picked":["Dagger Throw","Predator"],"picked":"Cloak And Dagger","floor":8.0},{"not_picked":["All Out Attack","Blade Dance"],"picked":"Adrenaline","floor":10.0},{"not_picked":["Caltrops","Terror","Backflip"],"picked":"SKIP","floor":11.0},{"not_picked":["Flying Knee","Blade Dance"],"picked":"Poisoned Stab","floor":12.0},{"not_picked":["Leg Sweep","Dagger Throw"],"picked":"Noxious Fumes","floor":13.0},{"not_picked":["Bane","Quick Slash","Cloak And Dagger"],"picked":"SKIP","floor":14.0},{"not_picked":["Wraith Form v2","Unload"],"picked":"Bullet Time","floor":16.0},{"not_picked":["Quick Slash+1","Bane"],"picked":"Deadly Poison+1","floor":18.0},{"not_picked":["Cloak And Dagger+1","Underhanded Strike","Quick Slash"],"picked":"SKIP","floor":19.0},{"not_picked":["Choke+1","Dagger Throw","Reflex+1"],"picked":"SKIP","floor":22.0},{"not_picked":["Flechettes","Flying Knee+1"],"picked":"Noxious Fumes","floor":23.0},{"not_picked":["Terror+1","Dagger Spray"],"picked":"Blur","floor":24.0},{"not_picked":["Cloak And Dagger","Riddle With Holes"],"picked":"After Image","floor":25.0},{"not_picked":["Prepared+1","Deadly Poison"],"picked":"Adrenaline","floor":27.0},{"not_picked":["Dodge and Roll","Dagger Spray","Setup"],"picked":"SKIP","floor":30.0},{"not_picked":["Unload","Die Die Die"],"picked":"After Image","floor":33},{"not_picked":["Riddle With Holes","Deflect+1"],"picked":"Catalyst","floor":35},{"not_picked":["Calculated Gamble","Well Laid Plans","Concentrate"],"picked":"SKIP","floor":37},{"not_picked":["Slice+1","Dagger Throw","Caltrops"],"picked":"SKIP","floor":38},{"not_picked":["Outmaneuver","Terror+1","Reflex"],"picked":"SKIP","floor":39},{"not_picked":["Poisoned Stab+1","Flying Knee+1","Calculated Gamble+1"],"picked":"SKIP","floor":40},{"not_picked":["Dodge and Roll+1","Choke","Outmaneuver+1"],"picked":"SKIP","floor":41},{"not_picked":["Flying Knee+1","Backstab+1"],"picked":"Venomology","floor":45},{"not_picked":["Poisoned Stab","Deadly Poison"],"picked":"Prepared+1","floor":46},{"not_picked":["Terror","Backflip+1","Deadly Poison"],"picked":"SKIP","floor":47},{"not_picked":["Distraction","Slice+1"],"picked":"After Image","floor":48},{"not_picked":["Infinite Blades+1","Cloak And Dagger","Concentrate+1"],"picked":"SKIP","floor":54}],"player_experience":251911,"relics_obtained":[{"floor":4.0,"key":"Lantern"},{"floor":6.0,"key":"Regal Pillow"},{"floor":9.0,"key":"Blood Vial"},{"floor":14.0,"key":"MawBank"},{"floor":23.0,"key":"Shuriken"},{"floor":25.0,"key":"War Paint"},{"floor":27.0,"key":"Dream Catcher"},{"floor":40,"key":"Sundial"},{"floor":43,"key":"Ancient Tea Set"},{"floor":45,"key":"Toy Ornithopter"},{"floor":48,"key":"Omamori"},{"floor":54,"key":"Whetstone"}],"event_choices":[{"damage_healed":0.0,"max_hp_gain":0.0,"max_hp_loss":0.0,"gold_gain":0.0,"event_name":"Liars Game","player_choice":"Ignored","floor":2.0,"gold_loss":0.0,"damage_taken":0.0},{"cards_removed":["Strike_G"],"damage_healed":0.0,"max_hp_gain":0.0,"max_hp_loss":0.0,"gold_gain":0.0,"event_name":"The Cleric","player_choice":"Card Removal","floor":3.0,"gold_loss":50.0,"damage_taken":0.0},{"damage_healed":0.0,"max_hp_gain":0.0,"max_hp_loss":0.0,"gold_gain":0.0,"event_name":"The Mausoleum","player_choice":"Opened","floor":20.0,"gold_loss":0.0,"damage_taken":0.0,"relics_obtained":["Bag of Marbles"]},{"damage_healed":0.0,"max_hp_gain":0.0,"max_hp_loss":0.0,"gold_gain":0.0,"event_name":"Ghosts","player_choice":"Ignored","floor":29.0,"gold_loss":0.0,"damage_taken":0.0},{"cards_removed":["Strike_G"],"damage_healed":0.0,"max_hp_gain":0.0,"max_hp_loss":0.0,"gold_gain":0.0,"event_name":"Back to Basics","player_choice":"Elegance","floor":31.0,"gold_loss":0.0,"damage_taken":0.0},{"cards_removed":["Strike_G"],"damage_healed":0,"gold_gain":0,"player_choice":"Card Removal","damage_taken":0,"max_hp_gain":0,"max_hp_loss":0,"event_name":"Wheel of Change","floor":36,"gold_loss":0}],"is_beta":false,"boss_relics":[{"not_picked":["HoveringKite","Empty Cage"],"picked":"Runic Pyramid"},{"not_picked":["Pandora\u0027s Box","Runic Dome"],"picked":"SacredBark"}],"items_purged_floors":[21,28],"is_endless":false,"potions_floor_spawned":[5,6,11,13,14,23,25,27,38,39,40,46,48,54],"ascension_level":2}}