{"host":"nbofzmb1hl9rnais","time":1613334131,"event":{"mods":["BaseMod","Colored Map","Hermit","Minty Spire (QoL Compilation)","StSLib","The Bug Knight"],"gold_per_floor":[115,37,37,37,49,49,82,82,105,125,125,142,142,41,41,136,136,148,148,161,161,5,34,34,21,21,46,145,345,345,356,356,356,356],"floor_reached":33,"language":"ENG","playtime":2535,"items_purged":["HollowMod:QuickDashStart"],"score":304,"play_id":"5b7d7414-a444-4f33-b768-948d1b5de1ca","local_time":"20210214122211","is_ascension_mode":false,"campfire_choices":[{"data":"HollowMod:SoulStrike","floor":6,"key":"SMITH"},{"data":"HollowMod:MidwifesHunger","floor":8,"key":"SMITH"},{"data":"HollowMod:HowlingWraiths","floor":11,"key":"SMITH"},{"data":"HollowMod:DoubleDash","floor":15,"key":"SMITH"},{"data":"HollowMod:NewGlowingWomb","floor":24,"key":"SMITH"},{"floor":30,"key":"REST"},{"data":"HollowMod:SlysStrikes","floor":32,"key":"SMITH"}],"circlet_count":0,"master_deck":["HollowMod:NailStrikeStart","HollowMod:NailStrikeStart","HollowMod:NailStrikeStart+1","HollowMod:QuickDashStart","HollowMod:QuickDashStart","HollowMod:QuickDashStart","HollowMod:FocusHealStart+1","HollowMod:PogoStrike","HollowMod:HowlingWraiths+1","HollowMod:MothsMistake+1","HollowMod:SoulStrike+1","HollowMod:MidwifesHunger+1","HollowMod:CloakDash","HollowMod:DoubleDash+1","HollowMod:CloakDash","HollowMod:SlysStrikes+1","CurseOfTheBell","HollowMod:DashSlash","HollowMod:MothsMistake","HollowMod:NewGlowingWomb+1","HollowMod:NewJinnsSoul","HollowMod:Hiveblood+1","HollowMod:CloakDash+1","HollowMod:SoulEater+1"],"relics":["HollowMod:VesselMask","NeowsBlessing","Regal Pillow","Dream Catcher","Calling Bell","PreservedInsect","Matryoshka","Torii","Nloth\u0027s Gift","Membership Card","Toy Ornithopter","Toxic Egg 2","Ornamental Fan","HollowMod:PaleOreRelic"],"acts_visited":["Exordium","TheCity"],"potions_floor_usage":[27,27,27,33],"damage_taken":[{"damage":0,"enemies":"2 Louse","floor":1,"turns":1},{"damage":0,"enemies":"Small Slimes","floor":5,"turns":1},{"damage":0,"enemies":"3 Sentries","floor":7,"turns":1},{"damage":3,"enemies":"Jaw Worm","floor":10,"turns":4},{"damage":0,"enemies":"Looter","floor":12,"turns":3},{"damage":31,"enemies":"HollowMod:FalseKnight","floor":16,"turns":10},{"damage":35,"enemies":"2 Thieves","floor":18,"turns":5},{"damage":9,"enemies":"Shell Parasite","floor":20,"turns":7},{"damage":40,"enemies":"Slavers","floor":23,"turns":5},{"damage":39,"enemies":"Book of Stabbing","floor":27,"turns":8},{"damage":36,"enemies":"Centurion and Healer","floor":31,"turns":8},{"damage":87,"enemies":"Champ","floor":33,"turns":11}],"seed_played":"-4203511953804309727","potions_obtained":[{"floor":5,"key":"BlessingOfTheForge"},{"floor":16,"key":"DistilledChaos"},{"floor":18,"key":"Swift Potion"},{"floor":31,"key":"Dexterity Potion"}],"is_trial":false,"path_per_floor":["M","$","?","?","M","R","E","R","T","M","R","M","?","$","R","B",null,"M","?","M","?","$","E","R","$","T","E","?","?","R","M","R","B"],"character_chosen":"THE_BUGKNIGHT","items_purchased":["HollowMod:MothsMistake","HollowMod:CloakDash","Membership Card","HollowMod:NewJinnsSoul"],"campfire_rested":1,"item_purchase_floors":[2,14,22,25],"current_hp_per_floor":[75,75,60,60,60,60,66,66,66,69,69,75,72,72,72,47,75,46,46,49,49,49,15,15,15,15,3,3,3,40,32,32,0,0],"gold":356,"neow_bonus":"THREE_ENEMY_KILL","is_daily":false,"chose_seed":false,"campfire_upgraded":6,"win_rate":0.0,"timestamp":1613334131,"path_taken":["M","$","?","?","?","R","E","R","T","M","R","M","?","$","R","BOSS","M","?","?","?","$","E","R","$","T","E","?","?","R","M","R","BOSS"],"items_purchased_type":["Card","Card","Relic","Card"],"build_version":"2020-12-22","purchased_purges":1,"victory":false,"max_hp_per_floor":[75,75,75,75,75,75,75,75,75,75,75,75,75,75,75,75,75,75,75,75,75,75,75,75,75,75,75,75,75,75,75,75,75,75],"card_choices":[{"not_picked":["HollowMod:WraithStrike","HollowMod:QuirrelsAssistance"],"picked":"HollowMod:HowlingWraiths","floor":1},{"not_picked":["HollowMod:VengefulVoid","HollowMod:GrimmsGift"],"picked":"HollowMod:SoulStrike","floor":5},{"not_picked":["HollowMod:GoodIntentions","HollowMod:WraithStrike"],"picked":"HollowMod:MidwifesHunger","floor":7},{"not_picked":["HollowMod:HeavyBlow","HollowMod:SharpenedShadows"],"picked":"HollowMod:CloakDash","floor":10},{"not_picked":["HollowMod:SharpenedShadows","HollowMod:ChannelNail"],"picked":"HollowMod:DoubleDash","floor":12},{"not_picked":["HollowMod:HornetsHelp","HollowMod:NewInfectedGuardian"],"picked":"HollowMod:SlysStrikes","floor":16},{"not_picked":["HollowMod:GrimmsGift","HollowMod:ChannelNail"],"picked":"HollowMod:DashSlash","floor":18},{"not_picked":["HollowMod:SharpenedShadows","HollowMod:QuirrelsAssistance"],"picked":"HollowMod:MothsMistake","floor":20},{"not_picked":["HollowMod:DungDefenderAura","HollowMod:PureNailStrike"],"picked":"HollowMod:NewGlowingWomb","floor":23},{"not_picked":["HollowMod:QuirrelsAssistance","HollowMod:WraithStrike+1"],"picked":"HollowMod:Hiveblood+1","floor":27},{"not_picked":["HollowMod:MothsMistake","HollowMod:HowlingWraiths+1"],"picked":"HollowMod:CloakDash+1","floor":30},{"not_picked":["HollowMod:CoiledNail","HollowMod:SiblingsSouls+1"],"picked":"HollowMod:SoulEater+1","floor":31}],"player_experience":115466,"relics_obtained":[{"floor":7,"key":"Regal Pillow"},{"floor":9,"key":"Vajra"},{"floor":17,"key":"PreservedInsect"},{"floor":17,"key":"Matryoshka"},{"floor":17,"key":"Torii"},{"floor":23,"key":"Toy Ornithopter"},{"floor":26,"key":"Toxic Egg 2"},{"floor":26,"key":"Ornamental Fan"},{"floor":27,"key":"HollowMod:PaleOreRelic"}],"event_choices":[{"damage_healed":0,"gold_gain":0,"player_choice":"Entered Light","damage_taken":15,"max_hp_gain":0,"max_hp_loss":0,"event_name":"Shining Light","floor":3,"gold_loss":0,"cards_upgraded":["HollowMod:FocusHealStart","HollowMod:NailStrikeStart"]},{"damage_healed":0,"gold_gain":0,"player_choice":"Grow","damage_taken":0,"max_hp_gain":0,"max_hp_loss":0,"event_name":"Living Wall","floor":4,"gold_loss":0,"cards_upgraded":["HollowMod:MothsMistake"]},{"damage_healed":0,"gold_gain":0,"player_choice":"Success","damage_taken":3,"relics_obtained":["Dream Catcher"],"max_hp_gain":0,"max_hp_loss":0,"event_name":"Scrap Ooze","floor":13,"gold_loss":0},{"damage_healed":0,"gold_gain":0,"player_choice":"Traded Relic","damage_taken":0,"relics_obtained":["Nloth\u0027s Gift"],"max_hp_gain":0,"max_hp_loss":0,"event_name":"N\u0027loth","floor":19,"relics_lost":["Vajra"],"gold_loss":0},{"damage_healed":0,"gold_gain":99,"player_choice":"Stole From Cult","damage_taken":0,"max_hp_gain":0,"max_hp_loss":0,"event_name":"Nest","floor":28,"gold_loss":0},{"damage_healed":0,"gold_gain":200,"player_choice":"Gold","damage_taken":0,"max_hp_gain":0,"max_hp_loss":0,"event_name":"Wheel of Change","floor":29,"gold_loss":0}],"is_beta":false,"boss_relics":[{"not_picked":["Pandora\u0027s Box","Busted Crown"],"picked":"Calling Bell"}],"items_purged_floors":[14],"is_endless":false,"potions_floor_spawned":[5,16,18,31],"killed_by":"Champ","ascension_level":0}}