{"host":"bvp2uifzy1c463d9","time":1613341283,"event":{"mods":["AchievementEnabler","BaseMod","Better Note","Block Reminder","Bossed Relics","ChefMod","Colored Map","Colored Powertips","Energized Spire","Hermit","Highlight Path","Hubris","Infinite Spire","Minty Spire (QoL Compilation)","Random Character Button","Relic Sorter","Relic Stats","Reliquary","Replay The Spire","Robot Space Explorer","StSLib","The Blue Laboratory","The Jungle","The Servant 0.9.4","Wandering Minibosses"],"gold_per_floor":[117,117,129,144,163,163,40,67,67,52,76,76,76,4,4,99,99,82,82,93,93,105,137,156,171,223,73,73,102,120,130,130,130,130,149,67,67,67,67,101,101,101,101,130,30,59,59,142,142,197,197,197,60,154,184],"floor_reached":56,"language":"ENG","playtime":3869,"items_purged":["RobotSpaceExplorer:Strike","RobotSpaceExplorer:FrostMissile","RobotSpaceExplorer:DoubleFind"],"score":1430,"play_id":"27d6a2d4-c150-45ed-927f-7db79be1d29b","local_time":"20210214162123","is_ascension_mode":false,"campfire_choices":[{"data":"infinitespire:Collect","floor":6,"key":"SMITH"},{"floor":15,"key":"REST"},{"floor":28,"key":"REST"},{"floor":32,"key":"REST"},{"floor":42,"key":"RECALL"},{"floor":49,"key":"REST"},{"data":"RobotSpaceExplorer:PowerCollector","floor":52,"key":"SMITH"}],"circlet_count":0,"master_deck":["infinitespire:Collect+1","RobotSpaceExplorer:Strike","RobotSpaceExplorer:Strike","RobotSpaceExplorer:Strike","RobotSpaceExplorer:Defend","RobotSpaceExplorer:Defend","RobotSpaceExplorer:Defend","RobotSpaceExplorer:Defend","RobotSpaceExplorer:Scan","RobotSpaceExplorer:MiniLasers","RobotSpaceExplorer:Calculate","RobotSpaceExplorer:Probe","RobotSpaceExplorer:ShovelStrike","RobotSpaceExplorer:MiniDrones","RobotSpaceExplorer:SwiftStep","RobotSpaceExplorer:IronShell+1","RobotSpaceExplorer:Jetpack","RobotSpaceExplorer:Autoloader","RobotSpaceExplorer:ExhaustFan+1","RobotSpaceExplorer:PowerCollector+1","infinitespire:Collect+1","RobotSpaceExplorer:TurboDodge","RobotSpaceExplorer:BigMissile","RobotSpaceExplorer:StarDust","RobotSpaceExplorer:ScrapToss","RobotSpaceExplorer:PowerGlove","RobotSpaceExplorer:LuckyStrike","RobotSpaceExplorer:DoubleBlock","RobotSpaceExplorer:MiniBoosters","RobotSpaceExplorer:DroneSwarm","RobotSpaceExplorer:MiniBoosters+1","Purity","ReplayTheSpireMod:Chaos Vortex","RobotSpaceExplorer:JunkDive+1","RobotSpaceExplorer:DoubleBlock+1","RobotSpaceExplorer:Multitool"],"relics":["energizedSpire:EnergizedDie","reliquary:SilkGlove","Garlic","Odd Mushroom","Bronze Scales","RobotSpaceExplorer:Reprocessor","Happy Flower","Simple Rune","SlaversCollar","Ornamental Fan","RobotSpaceExplorer:ToughPlating","TungstenRod","reliquary:Stiletto","Replay:Bandana","hubris:MedicalManual","BranchBurnRelic","Toy Ornithopter"],"acts_visited":["Exordium","TheCity","TheBeyond","TheEnding"],"potions_floor_usage":[23,25,25,29,41,55],"damage_taken":[{"damage":0,"enemies":"Small Slimes","floor":1,"turns":3},{"damage":0,"enemies":"Jaw Worm","floor":3,"turns":3},{"damage":0,"enemies":"2 Louse","floor":4,"turns":3},{"damage":26,"enemies":"Gremlin Gang","floor":5,"turns":7},{"damage":5,"enemies":"Lagavulin","floor":8,"turns":4},{"damage":0,"enemies":"Looter","floor":10,"turns":2},{"damage":8,"enemies":"The Mushroom Lair","floor":11,"turns":5},{"damage":41,"enemies":"The Guardian","floor":16,"turns":17},{"damage":8,"enemies":"2 Thieves","floor":18,"turns":4},{"damage":1,"enemies":"Spheric Guardian","floor":19,"turns":4},{"damage":0,"enemies":"3 Cultists","floor":20,"turns":4},{"damage":0,"enemies":"Snecko","floor":22,"turns":4},{"damage":25,"enemies":"Slavers","floor":23,"turns":5},{"damage":2,"enemies":"Snake Plant","floor":24,"turns":6},{"damage":34,"enemies":"3 Cultists","floor":25,"turns":7},{"damage":4,"enemies":"Book of Stabbing","floor":29,"turns":4},{"damage":11,"enemies":"Snecko","floor":30,"turns":5},{"damage":0,"enemies":"Sentry and Sphere","floor":31,"turns":5},{"damage":14,"enemies":"hubris:MusketHawk","floor":33,"turns":6},{"damage":0,"enemies":"Orb Walker","floor":35,"turns":3},{"damage":0,"enemies":"Mind Bloom Boss Battle","floor":39,"turns":5},{"damage":0,"enemies":"Giant Head","floor":40,"turns":6},{"damage":14,"enemies":"infinitespire:Three Voidlings","floor":41,"turns":4},{"damage":13,"enemies":"Nemesis","floor":44,"turns":6},{"damage":13,"enemies":"Nightmare","floor":46,"turns":10},{"damage":17,"enemies":"3 Shapes","floor":47,"turns":5},{"damage":0,"enemies":"Giant Head","floor":48,"turns":7},{"damage":0,"enemies":"Donu and Deca","floor":50,"turns":8},{"damage":0,"enemies":"Shield and Spear","floor":54,"turns":5},{"damage":24,"enemies":"The Heart","floor":55,"turns":8}],"seed_played":"6812437406389725822","potions_obtained":[{"floor":5,"key":"blueLaboratory:FrostheartPotion"},{"floor":10,"key":"Weak Potion"},{"floor":19,"key":"FearPotion"},{"floor":22,"key":"blueLaboratory:FruitPunch"},{"floor":24,"key":"blueLaboratory:CorrosionFlask"},{"floor":25,"key":"Swift Potion"},{"floor":31,"key":"Adrenaline Potion"},{"floor":35,"key":"ColorlessPotion"},{"floor":44,"key":"blueLaboratory:AbyssPotion"}],"is_trial":false,"path_per_floor":["M","?","M","M","M","R","$","E","T","M","?","?","$","$","R","B",null,"M","M","M","?","M","E","M","M","T","$","R","E","M","M","R","B",null,"M","$","?","AVR","?","E","?","R","T","E","$","NM","M","E","R_BF","B",null,"R","$","E","B",null],"character_chosen":"RobotSpaceExplorer","items_purchased":["RobotSpaceExplorer:MiniDrones","RobotSpaceExplorer:Jetpack","RobotSpaceExplorer:ScrapToss","RobotSpaceExplorer:PowerGlove","Purity","RobotSpaceExplorer:Multitool"],"campfire_rested":4,"item_purchase_floors":[7,14,27,27,36,53],"current_hp_per_floor":[75,75,75,75,49,49,49,44,44,44,36,36,36,36,58,17,75,67,66,66,66,66,43,41,7,7,7,30,26,15,15,38,24,77,77,77,59,59,59,59,45,45,45,32,32,19,2,2,25,40,77,77,77,77,53],"gold":184,"neow_bonus":"BOSS_RELIC","is_daily":false,"chose_seed":false,"campfire_upgraded":2,"win_rate":0.0,"timestamp":1613341283,"path_taken":["M","?","M","M","M","R","$","E","T","M","?","?","?","$","R","BOSS","M","?","M","?","M","E","?","M","T","?","R","E","M","M","R","BOSS","M","$","?","AVR","?","E","?","R","T","E","?","NM","M","E","R_BF","BOSS","R","$","E","BOSS"],"items_purchased_type":["Card","Card","Card","Card","Card","Card"],"build_version":"2020-12-22","purchased_purges":3,"victory":true,"max_hp_per_floor":[75,75,75,75,75,75,75,75,75,75,75,75,75,75,75,75,75,75,75,75,75,75,77,77,77,77,77,77,77,77,77,77,77,77,77,77,77,77,77,77,77,77,77,77,77,77,77,77,77,77,77,77,77,77,77],"relic_stats":{"Happy Flower":[29],"counters":[30,165],"Ornamental Fan":[156],"Bronze Scales":[453],"obtain_stats":[{"reliquary:SilkGlove":8,"Happy Flower":26,"Dead Branch":23,"energizedSpire:EnergizedDie":0,"RobotSpaceExplorer:RoboCore":0,"hubris:MedicalManual":48,"RobotSpaceExplorer:Reprocessor":17,"Odd Mushroom":11,"SlaversCollar":34,"BranchBurnRelic":49,"Replay:Bandana":46,"Ornamental Fan":38,"Bronze Scales":11,"RobotSpaceExplorer:ToughPlating":39,"Simple Rune":29,"reliquary:Stiletto":44,"Garlic":9,"TungstenRod":40,"Toy Ornithopter":54},{"reliquary:SilkGlove":5,"Happy Flower":15,"Dead Branch":13,"energizedSpire:EnergizedDie":0,"RobotSpaceExplorer:RoboCore":0,"hubris:MedicalManual":27,"RobotSpaceExplorer:Reprocessor":8,"Odd Mushroom":7,"SlaversCollar":19,"BranchBurnRelic":27,"Replay:Bandana":25,"Ornamental Fan":20,"Bronze Scales":7,"RobotSpaceExplorer:ToughPlating":21,"Simple Rune":16,"reliquary:Stiletto":24,"Garlic":5,"TungstenRod":22,"Toy Ornithopter":29},{"reliquary:SilkGlove":20,"Happy Flower":78,"Dead Branch":65,"energizedSpire:EnergizedDie":0,"RobotSpaceExplorer:RoboCore":0,"hubris:MedicalManual":144,"RobotSpaceExplorer:Reprocessor":44,"Odd Mushroom":27,"SlaversCollar":98,"BranchBurnRelic":144,"Replay:Bandana":132,"Ornamental Fan":101,"Bronze Scales":27,"RobotSpaceExplorer:ToughPlating":106,"Simple Rune":82,"reliquary:Stiletto":122,"Garlic":20,"TungstenRod":112,"Toy Ornithopter":157}],"TungstenRod":9,"Toy Ornithopter":0},"card_choices":[{"not_picked":["RobotSpaceExplorer:Counterblock","RobotSpaceExplorer:Electroshield"],"picked":"RobotSpaceExplorer:Calculate","floor":1},{"not_picked":["RobotSpaceExplorer:ScrapMissile","RobotSpaceExplorer:Ammunition"],"picked":"RobotSpaceExplorer:Probe","floor":3},{"not_picked":["RobotSpaceExplorer:Counterblock","RobotSpaceExplorer:Electropulse"],"picked":"RobotSpaceExplorer:DoubleFind","floor":4},{"not_picked":["RobotSpaceExplorer:ScrapMissile","RobotSpaceExplorer:Electropulse"],"picked":"RobotSpaceExplorer:ShovelStrike","floor":5},{"not_picked":["RobotSpaceExplorer:Calculate","RobotSpaceExplorer:SurgingShield"],"picked":"RobotSpaceExplorer:SwiftStep","floor":8},{"not_picked":["RobotSpaceExplorer:FranticSearch","RobotSpaceExplorer:TurboDodge"],"picked":"RobotSpaceExplorer:Exploration","floor":10},{"not_picked":["RobotSpaceExplorer:Electroshield","RobotSpaceExplorer:FreezingShield"],"picked":"RobotSpaceExplorer:IronShell","floor":11},{"not_picked":["RobotSpaceExplorer:Explosion","RobotSpaceExplorer:DroneSwarm"],"picked":"RobotSpaceExplorer:Autoloader","floor":16},{"not_picked":["RobotSpaceExplorer:StunGrenade+1","RobotSpaceExplorer:IronShell"],"picked":"RobotSpaceExplorer:ExhaustFan+1","floor":18},{"not_picked":["RobotSpaceExplorer:LuckyStrike+1","RobotSpaceExplorer:Counterblock"],"picked":"RobotSpaceExplorer:FrostMissile","floor":19},{"not_picked":["RobotSpaceExplorer:IronShell+1","RobotSpaceExplorer:ScrapMissile"],"picked":"RobotSpaceExplorer:PowerCollector","floor":20},{"not_picked":["RobotSpaceExplorer:FreezingShield","RobotSpaceExplorer:MetalStrike+1"],"picked":"RobotSpaceExplorer:TurboDodge","floor":22},{"not_picked":["RobotSpaceExplorer:Pulsar","RobotSpaceExplorer:MakeshiftVolley","RobotSpaceExplorer:Arsenal"],"picked":"SKIP","floor":23},{"not_picked":["RobotSpaceExplorer:GlueShot","RobotSpaceExplorer:Counterblock"],"picked":"RobotSpaceExplorer:BigMissile","floor":24},{"not_picked":["RobotSpaceExplorer:SurgingShield","RobotSpaceExplorer:ShovelStrike"],"picked":"RobotSpaceExplorer:StarDust","floor":25},{"not_picked":["RobotSpaceExplorer:FranticSearch+1","RobotSpaceExplorer:SurgingStrike+1"],"picked":"RobotSpaceExplorer:LuckyStrike","floor":29},{"not_picked":["RobotSpaceExplorer:Probe","RobotSpaceExplorer:RigExplosive+1"],"picked":"RobotSpaceExplorer:DoubleBlock","floor":30},{"not_picked":["RobotSpaceExplorer:LuckyStrike+1","RobotSpaceExplorer:Calculate"],"picked":"RobotSpaceExplorer:MiniBoosters","floor":31},{"not_picked":["RobotSpaceExplorer:BlastShield","RobotSpaceExplorer:HighVoltage"],"picked":"RobotSpaceExplorer:DroneSwarm","floor":33},{"not_picked":["RobotSpaceExplorer:FranticSearch","RobotSpaceExplorer:MiniDrones"],"picked":"RobotSpaceExplorer:MiniBoosters+1","floor":35},{"not_picked":["hubris:Fate","ReplayTheSpireMod:Haul"],"picked":"ReplayTheSpireMod:Chaos Vortex","floor":37},{"not_picked":["RobotSpaceExplorer:StarLightning+1","RobotSpaceExplorer:RigExplosive","RobotSpaceExplorer:Counterblock"],"picked":"SKIP","floor":40},{"not_picked":["RobotSpaceExplorer:Electroshield+1","RobotSpaceExplorer:LaserBurst","RobotSpaceExplorer:SurgingShield"],"picked":"SKIP","floor":44},{"not_picked":["RobotSpaceExplorer:Discharger+1","RobotSpaceExplorer:GlueSpray"],"picked":"RobotSpaceExplorer:JunkDive+1","floor":46},{"not_picked":["RobotSpaceExplorer:SurgingStrike","RobotSpaceExplorer:Electropulse"],"picked":"RobotSpaceExplorer:DoubleBlock+1","floor":47},{"not_picked":["RobotSpaceExplorer:FrostMissile","RobotSpaceExplorer:Probe","RobotSpaceExplorer:LaserBurst"],"picked":"SKIP","floor":48},{"not_picked":["RobotSpaceExplorer:FranticSearch","RobotSpaceExplorer:DoubleFind+1","RobotSpaceExplorer:RigExplosive"],"picked":"SKIP","floor":54}],"player_experience":373357,"relics_obtained":[{"floor":8,"key":"reliquary:SilkGlove"},{"floor":9,"key":"Garlic"},{"floor":11,"key":"Odd Mushroom"},{"floor":11,"key":"Bronze Scales"},{"floor":23,"key":"Dead Branch"},{"floor":26,"key":"Happy Flower"},{"floor":29,"key":"Simple Rune"},{"floor":39,"key":"RobotSpaceExplorer:ToughPlating"},{"floor":40,"key":"TungstenRod"},{"floor":44,"key":"reliquary:Stiletto"},{"floor":46,"key":"Replay:Bandana"},{"floor":48,"key":"hubris:MedicalManual"},{"floor":54,"key":"Toy Ornithopter"}],"event_choices":[{"damage_healed":0,"gold_gain":0,"player_choice":"Fought Mushrooms","damage_taken":0,"max_hp_gain":0,"max_hp_loss":0,"event_name":"Mushrooms","floor":11,"gold_loss":0},{"damage_healed":0,"gold_gain":0,"player_choice":"Grow","damage_taken":0,"max_hp_gain":0,"max_hp_loss":0,"event_name":"Living Wall","floor":12,"gold_loss":0,"cards_upgraded":["RobotSpaceExplorer:IronShell"]},{"damage_healed":0,"gold_gain":0,"player_choice":"Copied","damage_taken":0,"max_hp_gain":0,"max_hp_loss":0,"event_name":"Duplicator","floor":21,"gold_loss":0,"cards_obtained":["infinitespire:Collect"]},{"damage_healed":0,"gold_gain":0,"player_choice":"Fight","damage_taken":0,"max_hp_gain":0,"max_hp_loss":0,"event_name":"MindBloom","floor":39,"gold_loss":0}],"is_beta":false,"boss_relics":[{"not_picked":["energizedSpire:OgreHead","Velvet Choker"],"picked":"RobotSpaceExplorer:Reprocessor"},{"not_picked":["energizedSpire:StickyHand","Cursed Key"],"picked":"SlaversCollar"}],"items_purged_floors":[7,38,45],"is_endless":false,"potions_floor_spawned":[5,10,16,19,22,24,25,30,31,35,41,44,48],"ascension_level":0}}