{"host":"0azimyi6n3ugndj4","time":1613262706,"event":{"mods":["2.2 Compatiblity","BaseMod","Bestiary","Conspire","Curses Come First","Defuse TimeMaze Blight","Downfall","Hermit","Hubris","Hyrulean Relics","Infinite Spire","Keyboard Shortcuts","Minty Spire (QoL Compilation)","Relic Filter Mod","Relic Stats","Reliquary","Replay The Spire","StSLib","SuperFastMode","The Cursed","The Hierophant","Uncapped","¡¼?Úª?ø«¡½REMEMod"],"gold_per_floor":[99,129,129,129,54,87,87,87,87,72,72,72],"floor_reached":11,"language":"ENG","playtime":335,"items_purged":[],"score":268,"play_id":"61d9c38d-af5e-451b-a7e5-92033c537203","local_time":"20210214093146","daily_mods":["Draft","Hoarder","Insanity","Chimera","Specialized","Vintage","ControlledChaos","Allstar","Diverse","Colorless Cards","Heirloom","Time Dilation","Flight","downfall:Jewelcrafting","downfall:ChampStances","downfall:Improvised","Elite Swarm","Lethality","Midas","downfall:WorldOfGoo","downfall:Enraging","Binary"],"is_ascension_mode":true,"campfire_choices":[{"floor":1.0,"key":"RECALL"}],"circlet_count":0,"master_deck":["bronze:Strike","bronze:Strike","bronze:Strike","bronze:Defend","bronze:Defend","bronze:Defend","Demon Form","Wraith Form v2","Echo Form","DevaForm","bronze:Verify","Guardian:ConstructionForm","Slimebound:DuplicatedForm","sneckomod:SerpentMind","hexamod:HexaLevel+1","champ:GladiatorForm","AscendersBane","Survivor","Zap","TheCursedMod:VitalStrike","Dropkick","TheCursedMod:Stigma","sneckomod:Unknown1Cost","hierophant:Smite","hexamod:ThermalTransfer","Replay:Vibes","hermit:Coalescence","hexamod:Hexaguard","Purity","Fire Breathing","Poisoned Stab","Run Through","Guardian:Reroute","Slimebound:LeadByExample","champ:FanOfKnives","Crystallizer","hierophant:FlamingChariot","sneckomod:UnknownCommonSkill","hermit:HoleUp","Warcry","hermit:Vantage","champ:PerfectedStrike","WindmillStrike","hermit:Dive","Sword Boomerang","SashWhip","Slimebound:LivingWall","hexamod:AdvancingGuard","hexamod:BacktrackSmack","champ:Circumvent","hierophant:Shelter","PathToVictory","sneckomod:UnknownClassPURPLE","Crystallizer","hermit:WideOpen","hermit:FlashPowder","bronze:WildBeam","sneckomod:UnknownClassGREEN","Footwork","hermit:BodyArmor","bronze:DarkDash","TheCursedMod:CursedMace","TheCursedMod:HellfireBreathing","Guardian:TemporalShield","Discovery","Go for the Eyes","WaveOfTheHand","Dodge and Roll","TheCursedMod:WearCloak","Guardian:ExploitGems","Guardian:ExploitGems","sneckomod:UnknownCommonAttack","sneckomod:UnknownCommonAttack","sneckomod:UnknownCommonAttack","sneckomod:UnknownCommonSkill","sneckomod:UnknownCommonSkill","sneckomod:UnknownCommonSkill","sneckomod:UnknownUncommonAttack","sneckomod:UnknownUncommonSkill","sneckomod:UnknownUncommonPower","sneckomod:Unknown","hermit:Grudge","hermit:Grudge","hermit:Grudge","hermit:Grudge","hermit:Grudge","hermit:Grudge","hermit:Grudge","hermit:Grudge","hermit:Grudge","hermit:Grudge","hermit:Grudge","hermit:Grudge","hermit:Grudge","hermit:Grudge","hermit:Grudge","hexamod:ChargedBarrage","hexamod:ChargedBarrage","hexamod:ChargedBarrage+1","Body Slam","Body Slam","Body Slam","sneckomod:UnknownDraw","sneckomod:UnknownDraw","sneckomod:UnknownDraw","hermit:EyeOfTheStorm","hermit:EyeOfTheStorm","hermit:EyeOfTheStorm","Guardian:Planning","Guardian:Planning","Guardian:Planning","Gash","Gash","Gash","hermit:Dive","hermit:Dive","hermit:Dive","bronze:Shield","bronze:Shield","bronze:Shield","champ:StanceDance","champ:StanceDance","champ:StanceDance","Slimebound:LeechingTouch","Slimebound:LeechingTouch","Slimebound:LeechingTouch","sneckomod:UnknownExhaust","sneckomod:UnknownExhaust","sneckomod:UnknownExhaust","Replay:Undeath\u0027s Touch","Replay:Undeath\u0027s Touch","Replay:Undeath\u0027s Touch","Guardian:Reroute+1","Guardian:Reroute","Guardian:Reroute","hexamod:HeatMetal","hexamod:HeatMetal","hexamod:HeatMetal","TheCursedMod:Obscuration","TheCursedMod:Obscuration","TheCursedMod:Obscuration","Grand Finale","Grand Finale","Grand Finale","Survivor","Survivor","Survivor","Neutralize","Neutralize","Neutralize"],"relics":["Burning Blood","Frozen Eye","Busted Crown","REME_ComplimentaryCards","Guardian:PickAxe","champ:ChampStancesModRelic","bronze:AnalyticalCore","Ginger","reliquary:PartyBalloon","hubris:Icosahedron","REME_HandOfSuture"],"acts_visited":["Exordium"],"potions_floor_usage":[],"damage_taken":[{"damage":6,"enemies":"Small Slimes","floor":2,"turns":2},{"damage":9,"enemies":"conspire:RoseBush","floor":6,"turns":2},{"damage":18,"enemies":"downfall:FleeingMerchant","floor":10,"turns":4},{"damage":38,"enemies":"3 Sentries","floor":11,"turns":2}],"seed_played":"-5349427575847695420","potions_obtained":[{"floor":2,"key":"REME_GoldPotion"}],"is_trial":true,"path_per_floor":["R","M","?","?","?","M","T","?","?","$","E"],"character_chosen":"IRONCLAD","items_purchased":[],"campfire_rested":0,"item_purchase_floors":[],"current_hp_per_floor":[68,68,68,68,68,65,65,42,42,35,0,0],"gold":72,"neow_bonus":"","is_daily":false,"chose_seed":false,"campfire_upgraded":0,"win_rate":0.0,"timestamp":1613262706,"path_taken":["R","M","?","?","?","?","T","?","?","?","E"],"items_purchased_type":[],"build_version":"2020-12-22","purchased_purges":0,"victory":false,"max_hp_per_floor":[75,75,75,75,75,75,75,75,75,75,75,75],"relic_stats":{"Busted Crown":4,"counters":[4,10],"Ginger":[0],"obtain_stats":[{"Guardian:PickAxe":0,"Frozen Eye":0,"Busted Crown":0,"champ:ChampStancesModRelic":0,"hubris:Icosahedron":3,"bronze:AnalyticalCore":0,"reliquary:PartyBalloon":2,"REME_HandOfSuture":6,"Ginger":0,"Burning Blood":0,"REME_ComplimentaryCards":0},{"Guardian:PickAxe":0,"Frozen Eye":0,"Busted Crown":0,"champ:ChampStancesModRelic":0,"hubris:Icosahedron":1,"bronze:AnalyticalCore":0,"reliquary:PartyBalloon":1,"REME_HandOfSuture":2,"Ginger":0,"Burning Blood":0,"REME_ComplimentaryCards":0},{"Guardian:PickAxe":0,"Frozen Eye":0,"Busted Crown":0,"champ:ChampStancesModRelic":0,"hubris:Icosahedron":2,"bronze:AnalyticalCore":0,"reliquary:PartyBalloon":2,"REME_HandOfSuture":4,"Ginger":0,"Burning Blood":0,"REME_ComplimentaryCards":0}],"Burning Blood":18},"card_choices":[{"not_picked":["champ:Lariat","Dagger Throw"],"picked":"hexamod:ChargedBarrage","floor":0.0},{"not_picked":["conspire:Banana","TalkToTheHand"],"picked":"Body Slam","floor":0.0},{"not_picked":["Armaments","hexamod:StepThrough"],"picked":"sneckomod:UnknownDraw","floor":0.0},{"not_picked":["hermit:Vantage","Ball Lightning"],"picked":"hermit:EyeOfTheStorm","floor":0.0},{"not_picked":["Guardian:ChargeCore","bronze:Boost"],"picked":"Guardian:Planning","floor":0.0},{"not_picked":["Protect","sneckomod:SoulCleanse"],"picked":"Gash","floor":0.0},{"not_picked":["TheCursedMod:Stigma","ReplayTheSpireMod:Strike From Hell"],"picked":"hermit:Dive","floor":0.0},{"not_picked":["hermit:Horror","Outmaneuver"],"picked":"bronze:Shield","floor":0.0},{"not_picked":["Guardian:TemporalShield","InnerPeace"],"picked":"champ:StanceDance","floor":0.0},{"not_picked":["conspire:Rain","hexamod:ShieldOfDarkness"],"picked":"Slimebound:LeechingTouch","floor":0.0},{"not_picked":["Replay:Undeath\u0027s Touch","champ:TornadoPunch"],"picked":"sneckomod:UnknownExhaust","floor":0.0},{"not_picked":["Replay:Parry","Guardian:ChargeCore"],"picked":"Replay:Undeath\u0027s Touch","floor":0.0},{"not_picked":["Slimebound:RejuvenatingLick","champ:Circumvent"],"picked":"Guardian:Reroute","floor":0.0},{"not_picked":["hermit:Deadeye","hierophant:Community"],"picked":"hexamod:HeatMetal","floor":0.0},{"not_picked":["Pommel Strike","hermit:Roulette"],"picked":"TheCursedMod:Obscuration","floor":0.0}],"player_experience":1578420,"relics_obtained":[{"floor":2,"key":"reliquary:PartyBalloon"},{"floor":6,"key":"REME_HandOfSuture"}],"event_choices":[{"cards_removed":["Eruption"],"damage_healed":0,"gold_gain":0,"player_choice":"Card Removal","damage_taken":0,"max_hp_gain":0,"max_hp_loss":0,"event_name":"The Cleric","floor":5,"gold_loss":75},{"damage_healed":0,"gold_gain":0,"player_choice":"Entered Light","damage_taken":23,"max_hp_gain":0,"max_hp_loss":0,"event_name":"Shining Light","floor":8,"gold_loss":0,"cards_upgraded":["hexamod:ChargedBarrage","hexamod:HexaLevel"]}],"is_beta":false,"boss_relics":[],"items_purged_floors":[],"is_endless":false,"potions_floor_spawned":[2],"killed_by":"3 Sentries","ascension_level":20}}