{"host":"s2ygc4jgfm0lziqy","time":1613310039,"event":{"mods":["2.2 Compatiblity","Astrologer","Bard","BaseMod","Bestiary","Card Forge","Colored Map","DeckTracker","Downfall","GungeonMod","Highlight Path","Minty Spire (QoL Compilation)","Replay The Spire","Robot Space Explorer","StSLib","The Disciple","The Gatherer","The Marked","The Poker Player","TheBandit","TheSurvivalist","Weighted Paths"],"gold_per_floor":[112,124,124,136,136,136,136],"floor_reached":6,"language":"ENG","playtime":244,"items_purged":[],"score":36,"play_id":"8cf1f6f2-bfbf-4558-bbf4-7cee67a4605c","local_time":"20210214134039","is_ascension_mode":false,"campfire_choices":[],"circlet_count":0,"master_deck":["theMarked:Strike","theMarked:Strike","theMarked:Strike","theMarked:Strike","theMarked:Strike","theMarked:Defend","theMarked:Defend","theMarked:Defend","theMarked:Defend","theMarked:SoldierOfQuellstein","theMarked:EmpowerWeapon"],"relics":["theMarked:ArtifactOfAir","Hammer of Thor","Seething Fire","Anvil of the Gods","GremlinMask"],"acts_visited":["Exordium"],"potions_floor_usage":[],"damage_taken":[{"damage":0,"enemies":"Small Slimes","floor":1,"turns":4},{"damage":1,"enemies":"2 Louse","floor":2,"turns":2},{"damage":0,"enemies":"Cultist","floor":4,"turns":3},{"damage":3,"enemies":"3 Sentries","floor":6,"turns":2}],"seed_played":"7455308741569289373","potions_obtained":[{"floor":4,"key":"ColorlessPotion"}],"is_trial":false,"path_per_floor":["M","M","?","M","?","E"],"character_chosen":"THE_DEFAULT","items_purchased":[],"campfire_rested":0,"item_purchase_floors":[],"current_hp_per_floor":[77,76,76,76,76,73,73],"gold":136,"neow_bonus":"TEN_PERCENT_HP_BONUS","is_daily":false,"chose_seed":false,"campfire_upgraded":0,"win_rate":0.0,"timestamp":1613310039,"path_taken":["M","M","?","M","?","E"],"items_purchased_type":[],"build_version":"2020-12-22","purchased_purges":0,"victory":false,"max_hp_per_floor":[77,77,77,77,77,77,77],"card_choices":[{"not_picked":["theMarked:Pokerface","theMarked:WastefulAttack"],"picked":"theMarked:EmpowerWeapon","floor":1},{"not_picked":["theMarked:Standoff","theMarked:ContemptForTheProud","theMarked:TwofoldDefense"],"picked":"SKIP","floor":2},{"not_picked":["theMarked:ParalyzingBlade","theMarked:Memento","theMarked:Convert"],"picked":"SKIP","floor":4}],"player_experience":19669,"relics_obtained":[],"event_choices":[{"damage_healed":0,"gold_gain":0,"player_choice":"Ignored","damage_taken":0,"max_hp_gain":0,"max_hp_loss":0,"event_name":"Liars Game","floor":3,"gold_loss":0},{"damage_healed":0,"gold_gain":0,"player_choice":"Trade","damage_taken":0,"relics_obtained":["GremlinMask"],"max_hp_gain":0,"max_hp_loss":0,"event_name":"FaceTrader","floor":5,"gold_loss":0}],"is_beta":false,"boss_relics":[],"items_purged_floors":[],"is_endless":false,"potions_floor_spawned":[4],"killed_by":"3 Sentries","ascension_level":0}}