{"host":"i45hfqkcke4zequp","time":1613284541,"event":{"mods":["AchievementEnabler","BaseMod","BetterRewards","Minty Spire (QoL Compilation)","Permanent Neow","Shop Mod"],"gold_per_floor":[116,116,116,134,151,151,151],"floor_reached":6,"language":"KOR","playtime":741,"items_purged":[],"score":38,"play_id":"06c4799e-03b7-49ca-9cbd-ca1e844ff369","local_time":"20210214153541","is_ascension_mode":true,"campfire_choices":[],"circlet_count":0,"master_deck":["Strike_P","Strike_P","Strike_P","Strike_P","Defend_P","Defend_P","Defend_P","Defend_P","Eruption","Vigilance","ReachHeaven","SandsOfTime","WindmillStrike+1","Regret","EmptyMind","EmptyBody"],"relics":["PureWater","Girya","GoldenEye","Dream Catcher"],"acts_visited":["Exordium"],"potions_floor_usage":[6],"damage_taken":[{"damage":0,"enemies":"Small Slimes","floor":1,"turns":2},{"damage":15,"enemies":"Cultist","floor":4,"turns":3},{"damage":6,"enemies":"Jaw Worm","floor":5,"turns":4},{"damage":15,"enemies":"3 Sentries","floor":6,"turns":6}],"seed_played":"-3025939033417825293","potions_obtained":[{"floor":4,"key":"DistilledChaos"}],"is_trial":false,"path_per_floor":["M","?","?","M","M","E"],"character_chosen":"WATCHER","items_purchased":["ReachHeaven","SandsOfTime"],"campfire_rested":0,"item_purchase_floors":[0,0],"current_hp_per_floor":[40,40,40,25,19,4,4],"gold":151,"neow_bonus":"","is_daily":false,"chose_seed":false,"campfire_upgraded":0,"win_rate":0.0,"timestamp":1613284541,"path_taken":["M","?","?","M","?","E"],"items_purchased_type":["Card","Card"],"build_version":"2020-12-22","purchased_purges":0,"victory":false,"max_hp_per_floor":[72,72,72,72,72,72,72],"card_choices":[{"not_picked":["ThirdEye","BowlingBash"],"picked":"WindmillStrike","floor":1},{"not_picked":["Prostrate","ClearTheMind"],"picked":"EmptyMind","floor":4},{"not_picked":["FlyingSleeves","WaveOfTheHand"],"picked":"EmptyBody","floor":5}],"player_experience":546324,"relics_obtained":[],"event_choices":[{"damage_healed":0,"gold_gain":0,"player_choice":"Box","damage_taken":0,"relics_obtained":["Dream Catcher"],"max_hp_gain":0,"max_hp_loss":0,"event_name":"Big Fish","floor":2,"gold_loss":0,"cards_obtained":["Regret"]},{"damage_healed":0,"gold_gain":0,"player_choice":"Upgraded","damage_taken":0,"max_hp_gain":0,"max_hp_loss":0,"event_name":"Upgrade Shrine","floor":3,"gold_loss":0,"cards_upgraded":["WindmillStrike"]}],"is_beta":false,"boss_relics":[],"items_purged_floors":[],"is_endless":false,"potions_floor_spawned":[4],"killed_by":"3 Sentries","ascension_level":1}}