{"host":"ul3z8ex5o8l5j7mh","time":1613323050,"event":{"mods":["AchievementEnabler","BaseMod","Bestiary","Colored Map","Colored Powertips","DeckTracker","Keyboard Shortcuts","Minty Spire (QoL Compilation)","Relic Sorter","Relic Stats","SuperFastMode"],"gold_per_floor":[111,186,203,217,64,91,91,117,141,141,161,86,86,116,116,215,215,226,243,243,243,109,109,109,125,125,145,20,35,35,48,48,48,48],"floor_reached":33,"language":"ENG","playtime":1235,"items_purged":["Strike_R","Strike_R","Strike_R"],"score":346,"play_id":"0708c892-f969-45b1-a251-9aa9cb12348a","local_time":"20210214181730","is_ascension_mode":true,"campfire_choices":[{"data":"Inflame","floor":7.0,"key":"SMITH"},{"data":"Rupture","floor":10.0,"key":"SMITH"},{"data":"Spot Weakness","floor":13.0,"key":"SMITH"},{"data":"Blood for Blood","floor":15.0,"key":"SMITH"},{"data":"Rupture","floor":24.0,"key":"SMITH"},{"floor":32.0,"key":"REST"}],"circlet_count":0,"master_deck":["Strike_R","Strike_R","Defend_R","Defend_R","Defend_R","Defend_R","Bash","Clash","Shrug It Off","Inflame+1","Spot Weakness+1","Rupture+1","Blood for Blood+1","Offering","Hemokinesis","Rupture+1","Bloodletting","Flame Barrier"],"relics":["Burning Blood","HandDrill","Anchor","Juzu Bracelet","Happy Flower","SacredBark","Sundial"],"acts_visited":["Exordium","TheCity"],"potions_floor_usage":[],"damage_taken":[{"damage":12.0,"enemies":"Small Slimes","floor":1.0,"turns":3.0},{"damage":7.0,"enemies":"Jaw Worm","floor":3.0,"turns":3.0},{"damage":0.0,"enemies":"Cultist","floor":4.0,"turns":4.0},{"damage":19.0,"enemies":"3 Sentries","floor":6.0,"turns":9.0},{"damage":22.0,"enemies":"Lagavulin","floor":8.0,"turns":5.0},{"damage":12.0,"enemies":"Lots of Slimes","floor":11.0,"turns":3.0},{"damage":40.0,"enemies":"Hexaghost","floor":16.0,"turns":9.0},{"damage":32.0,"enemies":"Spheric Guardian","floor":18.0,"turns":5.0},{"damage":10.0,"enemies":"Shell Parasite","floor":19.0,"turns":3.0},{"damage":0.0,"enemies":"Shelled Parasite and Fungi","floor":20.0,"turns":1.0},{"damage":0.0,"enemies":"Slavers","floor":23.0,"turns":1.0},{"damage":15.0,"enemies":"Sentry and Sphere","floor":25.0,"turns":5.0},{"damage":8.0,"enemies":"Snake Plant","floor":27.0,"turns":2.0},{"damage":24.0,"enemies":"Shelled Parasite and Fungi","floor":29.0,"turns":4.0},{"damage":14.0,"enemies":"3 Cultists","floor":31.0,"turns":3.0},{"damage":47,"enemies":"Collector","floor":33,"turns":3}],"seed_played":"8840278470598319953","potions_obtained":[{"floor":3.0,"key":"Fire Potion"},{"floor":6.0,"key":"Fire Potion"},{"floor":8.0,"key":"Regen Potion"},{"floor":11.0,"key":"SmokeBomb"},{"floor":21.0,"key":"Explosive Potion"},{"floor":21.0,"key":"SmokeBomb"},{"floor":21.0,"key":"EntropicBrew"},{"floor":27.0,"key":"Swift Potion"},{"floor":29.0,"key":"GamblersBrew"}],"is_trial":false,"path_per_floor":["M","?","M","M","$","E","R","E","T","R","M","$","R","?","R","B",null,"M","M","M","?","$","E","R","M","T","M","$","M","$","M","R","B"],"character_chosen":"IRONCLAD","items_purchased":["HandDrill","Rupture"],"campfire_rested":1,"item_purchase_floors":[5,22],"current_hp_per_floor":[82,71,70,76,76,63,63,47,47,47,50,50,50,50,50,16,70,44,40,46,46,46,52,52,43,43,41,41,23,23,15,41,0,0],"gold":48,"neow_bonus":"TEN_PERCENT_HP_BONUS","is_daily":false,"chose_seed":false,"campfire_upgraded":5,"win_rate":0.0,"timestamp":1613323050,"path_taken":["M","?","M","M","$","E","R","E","T","R","M","?","R","?","R","BOSS","M","M","M","?","$","E","R","M","T","M","$","M","?","M","R","BOSS"],"items_purchased_type":["Relic","Card"],"build_version":"2020-12-22","purchased_purges":3,"victory":false,"max_hp_per_floor":[88,88,88,88,88,88,88,88,88,88,88,88,88,88,88,88,88,88,88,88,88,88,88,88,88,88,88,88,88,88,88,88,88,88],"relic_stats":{"Happy Flower":[13],"counters":[16,63],"Sundial":[2],"HandDrill":[26],"Juzu Bracelet":0,"obtain_stats":[{"Anchor":6,"Happy Flower":9,"Sundial":26,"SacredBark":17,"HandDrill":5,"Juzu Bracelet":8,"Burning Blood":0},{"Anchor":4,"Happy Flower":5,"Sundial":12,"SacredBark":7,"HandDrill":3,"Juzu Bracelet":5,"Burning Blood":0},{"Anchor":19,"Happy Flower":24,"Sundial":51,"SacredBark":36,"HandDrill":10,"Juzu Bracelet":24,"Burning Blood":0}],"Burning Blood":90},"card_choices":[{"not_picked":["Body Slam","Sentinel"],"picked":"Clash","floor":1.0},{"not_picked":["Thunderclap","Sword Boomerang"],"picked":"Shrug It Off","floor":3.0},{"not_picked":["Shrug It Off","Havoc"],"picked":"Inflame","floor":4.0},{"not_picked":["Twin Strike","Uppercut"],"picked":"Spot Weakness","floor":6.0},{"not_picked":["Battle Trance","Flex"],"picked":"Rupture","floor":8.0},{"not_picked":["Flex","Perfected Strike"],"picked":"Blood for Blood","floor":11.0},{"not_picked":["Barricade","Impervious"],"picked":"Offering","floor":16.0},{"not_picked":["Disarm+1","Fire Breathing+1","Flex+1"],"picked":"SKIP","floor":18.0},{"not_picked":["Feel No Pain","Wild Strike+1"],"picked":"Hemokinesis","floor":19.0},{"not_picked":["Power Through+1","Havoc"],"picked":"Bloodletting","floor":25.0},{"not_picked":["Perfected Strike","Warcry"],"picked":"Flame Barrier","floor":27.0},{"not_picked":["Shockwave","Clothesline","Heavy Blade"],"picked":"SKIP","floor":29.0},{"not_picked":["Feel No Pain","Iron Wave+1","Sword Boomerang"],"picked":"SKIP","floor":31.0}],"player_experience":377324,"relics_obtained":[{"floor":6.0,"key":"Anchor"},{"floor":8.0,"key":"Juzu Bracelet"},{"floor":9.0,"key":"Happy Flower"},{"floor":26.0,"key":"Sundial"}],"event_choices":[{"damage_healed":0.0,"max_hp_gain":0.0,"max_hp_loss":0.0,"gold_gain":75.0,"event_name":"World of Goop","player_choice":"Gather Gold","floor":2.0,"gold_loss":0.0,"damage_taken":11.0},{"damage_healed":0.0,"max_hp_gain":0.0,"max_hp_loss":0.0,"gold_gain":30.0,"event_name":"Dead Adventurer","player_choice":"Searched \u00272\u0027 times","floor":14.0,"gold_loss":0.0,"damage_taken":0.0},{"damage_healed":0.0,"max_hp_gain":0.0,"max_hp_loss":0.0,"gold_gain":0.0,"event_name":"Lab","player_choice":"Got Potions","floor":21.0,"gold_loss":0.0,"damage_taken":0.0}],"is_beta":false,"boss_relics":[{"not_picked":["Pandora\u0027s Box","Snecko Eye"],"picked":"SacredBark"}],"items_purged_floors":[12,22,28],"is_endless":false,"potions_floor_spawned":[3,6,8,11,20,23,27,29],"killed_by":"Collector","ascension_level":5}}