{"host":"cz96naaoibjp08st","time":1613287030,"event":{"mods":["Act Like it!","BaseMod","BetterRewards","Downfall","GifTheSpireLib","Minty Spire (QoL Compilation)","Replay The Spire","Shop Mod","StSLib"],"gold_per_floor":[116,126,0,19,19,49,67,67,119,135,135,149,175,189,189,291,291,307,325,325,325,81,111,111,138,187,197,197,215,314,333,393,494,494,514,514,514,538,548,580,140,157,157,157,170,182,198,229,229,229],"floor_reached":51,"language":"ZHS","playtime":2137,"items_purged":["Strike_P","Shame","Strike_P"],"score":686,"play_id":"d1f4718a-ba1b-4827-b117-945adc405f23","local_time":"20210214151710","is_ascension_mode":false,"campfire_choices":[{"data":"Eruption","floor":11,"key":"SMITH"},{"data":"WindmillStrike","floor":15,"key":"SMITH"},{"data":"FlurryOfBlows","floor":24,"key":"SMITH"},{"data":"Fasting2","floor":28,"key":"SMITH"},{"data":"ReplayUltimateDefense","floor":44,"key":"SMITH"},{"data":"ForeignInfluence","floor":49,"key":"SMITH"}],"circlet_count":0,"master_deck":["Strike_P","Defend_P","Defend_P","Eruption+1","Vigilance+1","TalkToTheHand+1","Tantrum","WheelKick","Crescendo","WindmillStrike+1","ClearTheMind","Replay:AtTheReady","Halt","DeusExMachina","FlurryOfBlows+1","Fasting2+1","Meditate","LessonLearned+1","ForeignInfluence+1","DeusExMachina","Discovery+1","Finesse","ReplayUltimateDefense+1","FlurryOfBlows"],"relics":["PureWater","NeowsBlessing","Shuriken","MealTicket","Akabeko","Potion Belt","Sozu","ReplayTheSpireMod:Ring of Collecting","Lizard Tail","Medical Kit","Replay:Baseball","Pet Ghost","Bag of Marbles","Ring of Fury","Empty Cage","Simple Rune","Juzu Bracelet","Replay:Wax Seal","Torii","Ornamental Fan","Omamori"],"acts_visited":["Exordium","TheCity","TheBeyond"],"potions_floor_usage":[13,13,50],"damage_taken":[{"damage":0,"enemies":"Cultist","floor":1,"turns":1},{"damage":0,"enemies":"Small Slimes","floor":2,"turns":1},{"damage":0,"enemies":"2 Louse","floor":4,"turns":1},{"damage":15,"enemies":"Lagavulin","floor":6,"turns":5},{"damage":1,"enemies":"Red Slaver","floor":7,"turns":3},{"damage":2,"enemies":"Looter","floor":10,"turns":3},{"damage":3,"enemies":"3 Louse","floor":12,"turns":2},{"damage":9,"enemies":"3 Sentries","floor":13,"turns":5},{"damage":0,"enemies":"Large Slime","floor":14,"turns":2},{"damage":0,"enemies":"Slime Boss","floor":16,"turns":4},{"damage":0,"enemies":"Shell Parasite","floor":18,"turns":4},{"damage":1,"enemies":"Chosen","floor":19,"turns":2},{"damage":10,"enemies":"Replay:Snechameleon","floor":23,"turns":4},{"damage":31,"enemies":"Slavers","floor":25,"turns":4},{"damage":0,"enemies":"Snake Plant","floor":27,"turns":1},{"damage":0,"enemies":"3 Cultists","floor":29,"turns":3},{"damage":0,"enemies":"Chosen and Byrds","floor":31,"turns":2},{"damage":18,"enemies":"Champ","floor":33,"turns":6},{"damage":6,"enemies":"3 Shapes","floor":35,"turns":3},{"damage":5,"enemies":"3 Darklings","floor":39,"turns":4},{"damage":7,"enemies":"Nemesis","floor":40,"turns":3},{"damage":1,"enemies":"Spire Growth","floor":42,"turns":3},{"damage":0,"enemies":"Jaw Worm Horde","floor":45,"turns":3},{"damage":10,"enemies":"Writhing Mass","floor":46,"turns":5},{"damage":0,"enemies":"4 Shapes","floor":47,"turns":3},{"damage":1,"enemies":"Giant Head","floor":48,"turns":6},{"damage":0,"enemies":"Replay:Hell Engine","floor":50,"turns":8}],"seed_played":"8428493053444000598","potions_obtained":[{"floor":1,"key":"LiquidMemories"},{"floor":4,"key":"SkillPotion"},{"floor":7,"key":"LiquidBronze"},{"floor":13,"key":"EssenceOfSteel"}],"is_trial":false,"path_per_floor":["M","M","$","M","?","E","M","?","T","M","R","M","E","M","R","B",null,"M","M","?","?","$","E","R","E","T","M","R","M","?","M","R","B",null,"M","?","?","T","M","E","$","M","T","R","M","M","M","E","R","B",null],"character_chosen":"WATCHER","items_purchased":["WheelKick","Medical Kit","Replay:Wax Seal","Torii"],"campfire_rested":0,"item_purchase_floors":[3,22,41,41],"current_hp_per_floor":[72,72,72,72,65,50,49,49,49,47,47,44,35,35,35,35,72,72,71,71,71,72,62,62,31,31,31,31,31,31,31,31,13,72,66,56,56,56,51,44,59,58,58,58,58,48,48,47,47,47],"gold":229,"neow_bonus":"THREE_ENEMY_KILL","is_daily":false,"chose_seed":false,"campfire_upgraded":6,"win_rate":0.0,"timestamp":1613287030,"path_taken":["M","M","?","M","?","E","M","?","T","?","R","M","E","M","R","BOSS","M","M","?","?","$","E","R","E","T","M","R","M","?","M","R","BOSS","M","?","?","?","M","E","$","M","T","R","M","M","M","E","R","BOSS"],"items_purchased_type":["Card","Relic","Relic","Relic"],"build_version":"2020-12-22","purchased_purges":3,"victory":true,"max_hp_per_floor":[72,72,72,72,72,72,72,72,72,72,72,72,72,72,72,72,72,72,72,72,72,72,72,72,72,72,72,72,72,72,72,72,72,72,72,72,72,72,72,72,72,72,72,72,72,72,72,72,72,72],"card_choices":[{"not_picked":["Prostrate","WindmillStrike"],"picked":"TalkToTheHand","floor":1},{"not_picked":["FlurryOfBlows","Adaptation"],"picked":"Tantrum","floor":2},{"not_picked":["CutThroughFate","SashWhip"],"picked":"Crescendo","floor":4},{"not_picked":["Crescendo","Wireheading","ThirdEye"],"picked":"SKIP","floor":6},{"not_picked":["EmptyFist","BowlingBash"],"picked":"WindmillStrike","floor":7},{"not_picked":["Consecrate","WheelKick","JustLucky"],"picked":"SKIP","floor":10},{"not_picked":["FlyingSleeves","ThirdEye"],"picked":"ClearTheMind","floor":12},{"not_picked":["ClearTheMind","BowlingBash"],"picked":"Replay:AtTheReady","floor":13},{"not_picked":["JustLucky","BowlingBash"],"picked":"Halt","floor":14},{"not_picked":["SpiritShield","MasterReality"],"picked":"DeusExMachina","floor":16},{"not_picked":["Protect","CrushJoints"],"picked":"FlurryOfBlows","floor":18},{"not_picked":["SashWhip","Replay:AtTheReady+1"],"picked":"Fasting2","floor":19},{"not_picked":["Consecrate","ClearTheMind"],"picked":"Meditate","floor":23},{"not_picked":["Pray+1","Wallop"],"picked":"LessonLearned","floor":25},{"not_picked":["Nirvana+1","FlyingSleeves+1","Vengeance"],"picked":"SKIP","floor":27},{"not_picked":["Crescendo","Consecrate","Halt"],"picked":"SKIP","floor":29},{"not_picked":["WreathOfFlame","Replay:BluntJabs"],"picked":"ForeignInfluence","floor":31},{"not_picked":["LessonLearned","Replay:LoomingThreat"],"picked":"DeusExMachina","floor":33},{"not_picked":["Evaluate+1","Replay:BluntJabs","Pray+1"],"picked":"SKIP","floor":35},{"not_picked":["Purity","Replay:Parry"],"picked":"Discovery","floor":36},{"not_picked":["Replay:Parry","ReplayTheSpireMod:Trickstab"],"picked":"Finesse","floor":36},{"not_picked":["Panacea","Sadistic Nature"],"picked":"ReplayUltimateDefense","floor":36},{"not_picked":["Sanctity+1","SashWhip+1","FlyingSleeves"],"picked":"SKIP","floor":39},{"not_picked":["Protect","Evaluate+1","Scrawl"],"picked":"SKIP","floor":40},{"not_picked":["CrushJoints+1","Prostrate+1","JustLucky+1"],"picked":"SKIP","floor":42},{"not_picked":["ClearTheMind","DeceiveReality","FlyingSleeves"],"picked":"SKIP","floor":45},{"not_picked":["Evaluate","EmptyFist+1"],"picked":"FlurryOfBlows","floor":46},{"not_picked":["Replay:BluntJabs","Brilliance","Crescendo"],"picked":"SKIP","floor":47},{"not_picked":["Consecrate+1","Replay:BluntJabs","BowlingBash"],"picked":"SKIP","floor":48}],"player_experience":303260,"relics_obtained":[{"floor":6,"key":"Shuriken"},{"floor":9,"key":"Akabeko"},{"floor":13,"key":"Potion Belt"},{"floor":20,"key":"ReplayTheSpireMod:Ring of Collecting"},{"floor":23,"key":"Replay:Baseball"},{"floor":25,"key":"Pet Ghost"},{"floor":26,"key":"Bag of Marbles"},{"floor":26,"key":"Ring of Fury"},{"floor":38,"key":"Simple Rune"},{"floor":40,"key":"Juzu Bracelet"},{"floor":43,"key":"Ornamental Fan"},{"floor":48,"key":"Omamori"}],"event_choices":[{"cards_removed":["Strike_P"],"damage_healed":0,"gold_gain":0,"player_choice":"Card Removal","damage_taken":7,"max_hp_gain":0,"max_hp_loss":0,"event_name":"Golden Wing","floor":5,"gold_loss":0},{"cards_removed":["WheelKick"],"damage_healed":0,"gold_gain":0,"player_choice":"Gave Card","damage_taken":0,"relics_obtained":["MealTicket"],"max_hp_gain":0,"max_hp_loss":0,"event_name":"WeMeetAgain","floor":8,"gold_loss":0},{"damage_healed":0,"gold_gain":0,"player_choice":"Stole Relic","damage_taken":0,"relics_obtained":["Lizard Tail"],"max_hp_gain":0,"max_hp_loss":0,"event_name":"Addict","floor":21,"gold_loss":0,"cards_obtained":["Shame"]},{"damage_healed":0,"gold_gain":99,"player_choice":"Stole From Cult","damage_taken":0,"max_hp_gain":0,"max_hp_loss":0,"event_name":"Nest","floor":30,"gold_loss":0},{"damage_healed":0,"gold_gain":0,"player_choice":"Memory 3","damage_taken":10,"max_hp_gain":0,"max_hp_loss":0,"event_name":"SensoryStone","floor":36,"gold_loss":0},{"damage_healed":0,"gold_gain":0,"player_choice":"Ignored","damage_taken":0,"max_hp_gain":0,"max_hp_loss":0,"event_name":"Tomb of Lord Red Mask","floor":37,"gold_loss":0}],"is_beta":false,"boss_relics":[{"not_picked":["Fusion Hammer","Runic Pyramid"],"picked":"Sozu"},{"not_picked":["bronze:MakeshiftBattery","Busted Crown"],"picked":"Empty Cage"}],"items_purged_floors":[3,22,41],"is_endless":false,"potions_floor_spawned":[1,4,7,13,18,23,27,31,39,47,48],"ascension_level":0}}