{"host":"gzsdmyo07u314vug","time":1613318311,"event":{"mods":["2.2 Compatiblity","Astrologer","BaseMod","Colored Powertips","GifTheSpireLib","Gremlin Mod","Hermit","Jorbs\u0027s Wanderer Trilogy","Minty Spire (QoL Compilation)","Quick Restart","Rare Cards Sparkle","Relic Stats","Replay The Spire","Robot Space Explorer","Shop Mod","StSLib","The Bladedancer","The Bug Knight","The Construct","The Cursed","The Elementalist","The Hierophant","The IronCluck","The Marked","The Necromancer","The Runesmith","The Servant 0.9.4","Unceasing Turn Reminder","everything is the same but u backflip on backflip","slay the spire mod where everything is the same but ironclad has a cowboy hat"],"gold_per_floor":[20,37,37,54,70,70,16,16,16,41,61,11,11,52,52,164,164,175,193,216,37,37,37,62,62,62,86,110,110,143,193,193,297,297,317,317,374,20,42,42,76,97,97,197,210,210,210,245,245,245],"floor_reached":51,"language":"ENG","playtime":2904,"items_purged":["Decay"],"score":897,"play_id":"81edc3ff-201f-4591-bc9b-f925fe6aeefd","local_time":"20210214125831","is_ascension_mode":true,"campfire_choices":[{"data":"hermit:Gestalt","floor":6,"key":"SMITH"},{"data":"hermit:Scavenge","floor":8,"key":"SMITH"},{"data":"hermit:Brawl","floor":13,"key":"SMITH"},{"data":"hermit:Dive","floor":15,"key":"SMITH"},{"data":"hermit:Showdown","floor":23,"key":"SMITH"},{"data":"hermit:CalledShot","floor":25,"key":"SMITH"},{"data":"hermit:HighNoon","floor":29,"key":"SMITH"},{"data":"hermit:BodyArmor","floor":32,"key":"SMITH"},{"data":"hermit:HighNoon","floor":40,"key":"SMITH"},{"data":"hermit:TakeCover","floor":46,"key":"SMITH"},{"data":"hermit:Roughhouse","floor":49,"key":"SMITH"}],"circlet_count":0,"master_deck":["hermit:Strike_Hermit","hermit:Strike_Hermit","hermit:Strike_Hermit","hermit:Defend_Hermit","hermit:Defend_Hermit","hermit:Defend_Hermit","hermit:Defend_Hermit","hermit:Snapshot","hermit:Covet","hermit:BodyArmor+1","hermit:Scavenge+1","hermit:HighCaliber","hermit:Gestalt+1","hermit:Dive+1","hermit:Brawl+1","hermit:Roughhouse+1","hermit:FlashPowder+1","hermit:Vantage","hermit:Shortfuse","hermit:Showdown+1","hermit:CalledShot+1","hermit:HighNoon+1","hermit:Glare+1","hermit:HighNoon+1","ReplayTheSpireMod:Brewmster","hermit:TakeCover+1","hermit:DeadMansHand+1","hermit:HeroicBravado+1"],"relics":["hermit:Momento","hermit:RedScarf","FossilizedHelix","Ice Cream","Runic Dome","Membership Card","Bronze Scales","Mercury Hourglass","Runic Pyramid","Calipers","Replay:Towering Pillar of Hats","HollowMod:JonisBlessing","Replay:PocketPolymizer","Sundial","Replay:Bottled Snecko","Golden Egg"],"acts_visited":["Exordium","TheCity","TheBeyond"],"potions_floor_usage":[14,16,20,30,30,33,35,41,41,45,50,50,50,50,50,50,50,50],"damage_taken":[{"damage":5,"enemies":"Cultist","floor":1,"turns":5},{"damage":7,"enemies":"Small Slimes","floor":2,"turns":4},{"damage":0,"enemies":"Jaw Worm","floor":4,"turns":3},{"damage":10,"enemies":"Large Slime","floor":5,"turns":7},{"damage":0,"enemies":"Exordium Wildlife","floor":10,"turns":3},{"damage":0,"enemies":"Red Slaver","floor":11,"turns":3},{"damage":2,"enemies":"3 Sentries","floor":14,"turns":9},{"damage":7,"enemies":"Hexaghost","floor":16,"turns":15},{"damage":5,"enemies":"Shell Parasite","floor":18,"turns":6},{"damage":1,"enemies":"Chosen","floor":19,"turns":7},{"damage":0,"enemies":"Snake Plant","floor":20,"turns":5},{"damage":0,"enemies":"Centurion and Healer","floor":24,"turns":8},{"damage":2,"enemies":"Sentry and Sphere","floor":27,"turns":7},{"damage":11,"enemies":"Snake Plant","floor":28,"turns":4},{"damage":10,"enemies":"Slavers","floor":30,"turns":5},{"damage":8,"enemies":"Champ","floor":33,"turns":11},{"damage":2,"enemies":"3 Darklings","floor":35,"turns":4},{"damage":2,"enemies":"Mind Bloom Boss Battle","floor":37,"turns":7},{"damage":0,"enemies":"3 Shapes","floor":39,"turns":6},{"damage":0,"enemies":"Giant Head","floor":41,"turns":6},{"damage":0,"enemies":"3 Darklings","floor":42,"turns":6},{"damage":1,"enemies":"Transient","floor":45,"turns":5},{"damage":0,"enemies":"Nemesis","floor":48,"turns":7},{"damage":15,"enemies":"Time Eater","floor":50,"turns":11}],"seed_played":"-4473219569335584506","potions_obtained":[{"floor":1,"key":"Dexterity Potion"},{"floor":10,"key":"Energy Potion"},{"floor":11,"key":"Fire Potion"},{"floor":16,"key":"Energy Potion"},{"floor":28,"key":"Swift Potion"},{"floor":30,"key":"Strength Potion"},{"floor":33,"key":"construct:ShiftPotion"}],"is_trial":false,"path_per_floor":["M","M","$","M","M","R","$","R","T","M","M","?","R","E","R","B",null,"M","M","M","$","?","R","M","R","T","M","M","R","E","?","R","B",null,"M","?","?","$","M","R","E","M","T","?","M","R","T","E","R","B",null],"character_chosen":"HERMIT","items_purchased":["hermit:Dive","Membership Card","hermit:Showdown","ReplayTheSpireMod:Brewmster","Replay:Towering Pillar of Hats","HollowMod:JonisBlessing"],"campfire_rested":0,"item_purchase_floors":[7,21,21,38,38,38],"current_hp_per_floor":[70,63,63,63,53,53,53,53,53,53,53,53,53,51,51,44,75,70,69,69,69,69,69,69,69,69,67,56,56,46,46,46,38,75,73,71,69,69,69,69,69,69,69,69,68,68,68,68,68,53],"gold":245,"neow_bonus":"ONE_RARE_RELIC","is_daily":false,"chose_seed":false,"campfire_upgraded":11,"win_rate":0.0,"timestamp":1613318311,"path_taken":["M","M","?","M","M","R","$","R","T","M","M","?","R","E","R","BOSS","M","M","M","$","?","R","M","R","T","M","M","R","E","?","R","BOSS","M","?","?","$","M","R","E","M","T","?","?","R","?","E","R","BOSS"],"items_purchased_type":["Card","Relic","Card","Card","Relic","Relic"],"build_version":"2020-12-22","purchased_purges":1,"victory":true,"max_hp_per_floor":[75,75,75,75,75,75,75,75,75,75,75,75,75,75,75,75,75,75,75,75,75,75,75,75,75,75,75,75,75,75,75,75,75,75,75,71,71,71,71,71,71,71,71,71,71,71,71,71,71,71],"relic_stats":{"counters":[24,154],"Sundial":[6],"Bronze Scales":[249],"obtain_stats":[{"Ice Cream":14,"Golden Egg":48,"Calipers":37,"Replay:PocketPolymizer":41,"Replay:Towering Pillar of Hats":38,"HollowMod:JonisBlessing":38,"Mercury Hourglass":30,"Runic Dome":17,"Sundial":43,"Bronze Scales":26,"hermit:RedScarf":0,"Membership Card":21,"Replay:Bottled Snecko":47,"hermit:Momento":0,"FossilizedHelix":9,"Runic Pyramid":34},{"Ice Cream":7,"Golden Egg":23,"Calipers":18,"Replay:PocketPolymizer":20,"Replay:Towering Pillar of Hats":18,"HollowMod:JonisBlessing":18,"Mercury Hourglass":15,"Runic Dome":8,"Sundial":21,"Bronze Scales":12,"hermit:RedScarf":0,"Membership Card":11,"Replay:Bottled Snecko":22,"hermit:Momento":0,"FossilizedHelix":4,"Runic Pyramid":16},{"Ice Cream":34,"Golden Egg":143,"Calipers":113,"Replay:PocketPolymizer":125,"Replay:Towering Pillar of Hats":113,"HollowMod:JonisBlessing":113,"Mercury Hourglass":91,"Runic Dome":49,"Sundial":131,"Bronze Scales":75,"hermit:RedScarf":0,"Membership Card":67,"Replay:Bottled Snecko":136,"hermit:Momento":0,"FossilizedHelix":19,"Runic Pyramid":102}],"Mercury Hourglass":[224]},"card_choices":[{"not_picked":["hermit:Roulette","hermit:SprayPray"],"picked":"hermit:BodyArmor","floor":1},{"not_picked":["hermit:Coalescence","hermit:Headshot"],"picked":"hermit:Scavenge","floor":2},{"not_picked":["hermit:Dive","hermit:Enervate"],"picked":"hermit:HighCaliber","floor":4},{"not_picked":["hermit:HoleUp","hermit:ItchyTrigger"],"picked":"hermit:Gestalt","floor":5},{"not_picked":["hermit:Dive","hermit:Feint"],"picked":"hermit:Brawl","floor":10},{"not_picked":["hermit:TrackingShot","hermit:WideOpen","hermit:Quickdraw"],"picked":"SKIP","floor":11},{"not_picked":["hermit:Roulette","hermit:CursedWeapon","hermit:Feint"],"picked":"SKIP","floor":14},{"not_picked":["hermit:HeroicBravado","hermit:FinalCanter"],"picked":"hermit:Roughhouse","floor":16},{"not_picked":["hermit:CursedWeapon+1","hermit:Snipe+1"],"picked":"hermit:FlashPowder+1","floor":18},{"not_picked":["hermit:Ricochet+1","hermit:FlashPowder"],"picked":"hermit:Vantage","floor":19},{"not_picked":["hermit:TakeCover","hermit:GoldenBullet+1"],"picked":"hermit:Shortfuse","floor":20},{"not_picked":["hermit:LowProfile","hermit:Snipe"],"picked":"hermit:CalledShot","floor":24},{"not_picked":["hermit:Vantage","hermit:Snipe","hermit:HighCaliber"],"picked":"SKIP","floor":27},{"not_picked":["hermit:ItchyTrigger","hermit:Horror"],"picked":"hermit:HighNoon","floor":28},{"not_picked":["hermit:Desperado+1","hermit:Misfire"],"picked":"hermit:Glare+1","floor":30},{"not_picked":["hermit:Purgatory","hermit:FinalCanter"],"picked":"hermit:HighNoon","floor":33},{"not_picked":["hermit:HighCaliber","hermit:ShadowCloak+1","hermit:SprayPray"],"picked":"SKIP","floor":35},{"not_picked":["hermit:Desperado","hermit:CursedWeapon","hermit:Vantage"],"picked":"SKIP","floor":39},{"not_picked":["hermit:Virtue","hermit:Headshot+1"],"picked":"hermit:TakeCover","floor":41},{"not_picked":["hermit:Misfire","hermit:CalledShot+1","hermit:GoldenBullet+1"],"picked":"SKIP","floor":42},{"not_picked":["hermit:DeadMansHand+1","hermit:Misfire+1","hermit:CalledShot"],"picked":"SKIP","floor":45},{"not_picked":["hermit:Misfire+1","hermit:CalledShot"],"picked":"hermit:DeadMansHand+1","floor":45},{"not_picked":["hermit:Malice+1","hermit:Dive+1"],"picked":"hermit:HeroicBravado","floor":48}],"player_experience":876595,"relics_obtained":[{"floor":9,"key":"FossilizedHelix"},{"floor":14,"key":"Ice Cream"},{"floor":26,"key":"Bronze Scales"},{"floor":30,"key":"Mercury Hourglass"},{"floor":37,"key":"Calipers"},{"floor":41,"key":"Replay:PocketPolymizer"},{"floor":43,"key":"Sundial"},{"floor":47,"key":"Replay:Bottled Snecko"},{"floor":48,"key":"Golden Egg"}],"event_choices":[{"cards_removed":["hermit:Strike_Hermit"],"damage_healed":0,"gold_gain":0,"player_choice":"Card Removal","damage_taken":0,"max_hp_gain":0,"max_hp_loss":0,"event_name":"The Cleric","floor":12,"gold_loss":50},{"damage_healed":0,"gold_gain":0,"player_choice":"Smashed Altar","damage_taken":0,"max_hp_gain":0,"max_hp_loss":0,"event_name":"Forgotten Altar","floor":22,"gold_loss":0,"cards_obtained":["Decay"]},{"damage_healed":0,"gold_gain":0,"player_choice":"Max HP","damage_taken":0,"max_hp_gain":0,"max_hp_loss":4,"event_name":"Winding Halls","floor":36,"gold_loss":0},{"damage_healed":0,"gold_gain":0,"player_choice":"Fight","damage_taken":0,"max_hp_gain":0,"max_hp_loss":0,"event_name":"MindBloom","floor":37,"gold_loss":0},{"damage_healed":0,"gold_gain":100,"player_choice":"Pray","damage_taken":0,"max_hp_gain":0,"max_hp_loss":0,"event_name":"Golden Shrine","floor":44,"gold_loss":0}],"is_beta":false,"boss_relics":[{"not_picked":["SacredBark","Fusion Hammer"],"picked":"Runic Dome"},{"not_picked":["Replay:Ancient Bell","Replay:Wanted Poster"],"picked":"Runic Pyramid"}],"items_purged_floors":[38],"is_endless":false,"potions_floor_spawned":[1,10,11,16,28,30,33,42,45],"ascension_level":4}}