{"host":"z7iqwv4hfwwvhc2n","time":1613294750,"event":{"mods":["2.2 Compatiblity","BaseMod","Better Note","Better Third Choice","BetterRewards","Bossed Relics","Colored Powertips","Minty Spire (QoL Compilation)","Permanent Neow","Relic Filter","Shop Mod","StSLib","The Cursed"],"gold_per_floor":[112,131,141,154,166,166,183,183,183,41,71,89,115,128,128,224,224,244,270,288,288,288],"floor_reached":21,"language":"JPN","playtime":2067,"items_purged":[],"score":231,"play_id":"0a4b2167-c36b-4b39-9949-8ff8f673ca54","local_time":"20210214182550","is_ascension_mode":true,"campfire_choices":[{"data":"Cleave","floor":6,"key":"SMITH"},{"data":"Flame Barrier","floor":8,"key":"SMITH"},{"data":"Clothesline","floor":15,"key":"SMITH"}],"circlet_count":0,"master_deck":["Strike_R","Strike_R","Strike_R","Strike_R","Strike_R","Defend_R","Defend_R","Defend_R","Defend_R","Bash","Wild Strike","Flame Barrier+1","Cleave+1","Flex","Twin Strike","Power Through","Shrug It Off","Clash","Clothesline+1","Inflame","Seeing Red","Perfected Strike","Heavy Blade","Body Slam","Inflame","Limit Break","Burning Pact","Rampage"],"relics":["Burning Blood","Bird Faced Urn","TheAbacus","Sundial","Letter Opener","Ginger","Unceasing Top","Black Star","StoneCalendar"],"acts_visited":["Exordium","TheCity"],"potions_floor_usage":[11,11,13,16,16,21],"damage_taken":[{"damage":4,"enemies":"Cultist","floor":1,"turns":4},{"damage":0,"enemies":"2 Louse","floor":2,"turns":2},{"damage":5,"enemies":"Small Slimes","floor":3,"turns":3},{"damage":7,"enemies":"Exordium Wildlife","floor":4,"turns":5},{"damage":12,"enemies":"Blue Slaver","floor":5,"turns":2},{"damage":4,"enemies":"Red Slaver","floor":7,"turns":4},{"damage":0,"enemies":"Gremlin Nob","floor":11,"turns":2},{"damage":0,"enemies":"Exordium Wildlife","floor":12,"turns":4},{"damage":22,"enemies":"3 Sentries","floor":13,"turns":6},{"damage":0,"enemies":"2 Fungi Beasts","floor":14,"turns":3},{"damage":29,"enemies":"Slime Boss","floor":16,"turns":8},{"damage":36,"enemies":"2 Thieves","floor":18,"turns":4},{"damage":33,"enemies":"Shell Parasite","floor":20,"turns":6},{"damage":32,"enemies":"Snake Plant","floor":21,"turns":4}],"seed_played":"-5647292025139963568","potions_obtained":[{"floor":1,"key":"BlessingOfTheForge"},{"floor":3,"key":"Energy Potion"},{"floor":5,"key":"DistilledChaos"},{"floor":12,"key":"PowerPotion"},{"floor":13,"key":"BloodPotion"},{"floor":20,"key":"Explosive Potion"}],"is_trial":false,"path_per_floor":["M","M","M","M","M","R","M","R","T","$","E","M","E","M","R","B",null,"M","T","M","M"],"character_chosen":"IRONCLAD","items_purchased":["TheAbacus","Wild Strike","Flame Barrier","Cleave","Sundial","Inflame","Seeing Red"],"campfire_rested":0,"item_purchase_floors":[0,0,0,0,0,10,10],"current_hp_per_floor":[80,80,80,79,73,73,75,75,75,75,80,80,66,72,72,69,80,50,50,27,0,0],"gold":288,"neow_bonus":"","is_daily":false,"chose_seed":false,"campfire_upgraded":3,"win_rate":0.0,"timestamp":1613294750,"path_taken":["M","M","M","M","M","R","M","R","T","$","E","M","E","M","R","BOSS","M","?","?","M"],"items_purchased_type":["Relic","Card","Card","Card","Relic","Card","Card"],"build_version":"2020-12-22","purchased_purges":0,"victory":false,"max_hp_per_floor":[80,80,80,80,80,80,80,80,80,80,80,80,80,80,80,80,80,80,80,80,80,80],"card_choices":[{"not_picked":["Wild Strike","Clothesline"],"picked":"Flex","floor":1},{"not_picked":["Whirlwind","Disarm"],"picked":"Twin Strike","floor":2},{"not_picked":["Fire Breathing","Seeing Red"],"picked":"Power Through","floor":3},{"not_picked":["Disarm","Iron Wave"],"picked":"Shrug It Off","floor":4},{"not_picked":["Thunderclap","Flex"],"picked":"Clash","floor":5},{"not_picked":["Entrench","Sword Boomerang"],"picked":"Clothesline","floor":7},{"not_picked":["Infernal Blade","Shockwave"],"picked":"Perfected Strike","floor":11},{"not_picked":["Burning Pact","Rupture"],"picked":"Heavy Blade","floor":12},{"not_picked":["Uppercut","Sentinel"],"picked":"Body Slam","floor":13},{"not_picked":["Clash","Uppercut"],"picked":"Inflame","floor":14},{"not_picked":["Feed","Reaper"],"picked":"Limit Break","floor":16},{"not_picked":["Second Wind+1","Havoc+1"],"picked":"Burning Pact","floor":18},{"not_picked":["Pummel","Fire Breathing"],"picked":"Rampage","floor":20}],"player_experience":49125,"relics_obtained":[{"floor":9,"key":"Letter Opener"},{"floor":11,"key":"Ginger"},{"floor":13,"key":"Unceasing Top"},{"floor":19,"key":"StoneCalendar"}],"event_choices":[],"is_beta":false,"boss_relics":[{"not_picked":["Circlet","Circlet"],"picked":"Black Star"}],"items_purged_floors":[],"is_endless":false,"potions_floor_spawned":[1,3,5,12,13,20],"killed_by":"Snake Plant","ascension_level":1}}