{"host":"3jpcvpprzj9sjffh","time":1613308838,"event":{"mods":["AchievementEnabler","BaseMod","Colored Map","Minty Spire (QoL Compilation)","Rare Cards Sparkle","SuperFastMode","everything is the same but u backflip on backflip"],"gold_per_floor":[116,6,6,26,26,26,47,83,83,116,136,161,161,179,179,179,179],"floor_reached":16,"language":"KOR","playtime":642,"items_purged":["Brutality"],"score":112,"play_id":"3cbcb4be-38ee-498f-a3cf-da21880187b3","local_time":"20210214222038","is_ascension_mode":false,"campfire_choices":[{"data":"Sever Soul","floor":6,"key":"SMITH"},{"floor":15,"key":"REST"}],"circlet_count":0,"master_deck":["Strike_R","Strike_R","Strike_R","Strike_R","Defend_R","Defend_R","Defend_R","Defend_R","Bash","Anger","Sever Soul+1","Shrug It Off","Evolve","Clash","Power Through","Entrench","True Grit"],"relics":["Burning Blood","Golden Idol","Meat on the Bone","Bottled Tornado","Letter Opener"],"acts_visited":["Exordium"],"potions_floor_usage":[8,16,16],"damage_taken":[{"damage":2,"enemies":"Cultist","floor":1,"turns":3},{"damage":0,"enemies":"Small Slimes","floor":4,"turns":3},{"damage":3,"enemies":"Jaw Worm","floor":7,"turns":3},{"damage":32,"enemies":"Lagavulin","floor":8,"turns":6},{"damage":35,"enemies":"3 Sentries","floor":10,"turns":7},{"damage":7,"enemies":"Red Slaver","floor":11,"turns":4},{"damage":25,"enemies":"Gremlin Gang","floor":12,"turns":5},{"damage":0,"enemies":"Exordium Thugs","floor":14,"turns":4},{"damage":70,"enemies":"The Guardian","floor":16,"turns":19}],"seed_played":"7118057295620714769","potions_obtained":[{"floor":4,"key":"Swift Potion"},{"floor":7,"key":"DistilledChaos"},{"floor":11,"key":"EssenceOfSteel"}],"is_trial":false,"path_per_floor":["M","$","?","M","?","R","M","E","T","E","M","M","?","M","R","B"],"character_chosen":"IRONCLAD","items_purchased":["Sever Soul"],"campfire_rested":1,"item_purchase_floors":[2],"current_hp_per_floor":[80,80,60,66,66,66,69,43,43,26,37,30,30,48,72,2,2],"gold":179,"neow_bonus":"ONE_RANDOM_RARE_CARD","is_daily":false,"chose_seed":false,"campfire_upgraded":1,"win_rate":0.0,"timestamp":1613308838,"path_taken":["M","$","?","M","?","R","M","E","T","E","M","M","?","M","R","BOSS"],"items_purchased_type":["Card"],"build_version":"2020-12-22","purchased_purges":1,"victory":false,"max_hp_per_floor":[80,80,80,80,80,80,80,80,80,80,80,80,80,80,80,80,80],"card_choices":[{"not_picked":["Warcry","Iron Wave"],"picked":"Anger","floor":1},{"not_picked":["Anger","Body Slam"],"picked":"Shrug It Off","floor":4},{"not_picked":["Sword Boomerang","Thunderclap"],"picked":"Evolve","floor":7},{"not_picked":["Entrench","Headbutt"],"picked":"Clash","floor":8},{"not_picked":["Dark Embrace","Pummel"],"picked":"Power Through","floor":10},{"not_picked":["Iron Wave","Twin Strike"],"picked":"Entrench","floor":11},{"not_picked":["Perfected Strike","Sword Boomerang"],"picked":"True Grit","floor":12},{"not_picked":["Havoc","Shrug It Off","Brutality"],"picked":"SKIP","floor":14}],"player_experience":327685,"relics_obtained":[{"floor":8,"key":"Meat on the Bone"},{"floor":9,"key":"Bottled Tornado"},{"floor":10,"key":"Letter Opener"}],"event_choices":[{"damage_healed":0,"gold_gain":0,"player_choice":"Take Damage","damage_taken":20,"relics_obtained":["Golden Idol"],"max_hp_gain":0,"max_hp_loss":0,"event_name":"Golden Idol","floor":3,"gold_loss":0},{"damage_healed":0,"gold_gain":0,"player_choice":"Ignored","damage_taken":0,"max_hp_gain":0,"max_hp_loss":0,"event_name":"Liars Game","floor":5,"gold_loss":0},{"cards_removed":["Strike_R"],"damage_healed":0,"gold_gain":0,"player_choice":"Purged","damage_taken":0,"max_hp_gain":0,"max_hp_loss":0,"event_name":"Purifier","floor":13,"gold_loss":0}],"is_beta":false,"boss_relics":[],"items_purged_floors":[2],"is_endless":false,"potions_floor_spawned":[4,7,11],"killed_by":"The Guardian","ascension_level":0}}