{"host":"ydg0vn0pu4pubmdt","time":1613291685,"event":{"mods":["AchievementEnabler","BaseMod","Colored Map","Gold Saver","Minty Spire (QoL Compilation)","Quick Restart","SuperFastMode"],"gold_per_floor":[578,591,106,106,125,125,152,152,175,186,206,206,106,136,136,211,211,231,242,242,242,117,117,130,130,208,58,58,75,109,160,160,232,232,252,270,286,286,299,334,46,61,115,115,115],"floor_reached":44,"language":"KOR","playtime":1851,"items_purged":["Strike_G","Defend_G","Accuracy","Infinite Blades"],"score":1086,"play_id":"72579917-6e05-481d-99eb-40ac812926bc","local_time":"20210214173445","is_ascension_mode":true,"campfire_choices":[{"data":"Noxious Fumes","floor":6.0,"key":"SMITH"},{"floor":8.0,"key":"REST"},{"floor":12.0,"key":"REST"},{"data":"Burst","floor":15.0,"key":"SMITH"},{"floor":23.0,"key":"REST"},{"data":"Well Laid Plans","floor":25.0,"key":"SMITH"},{"data":"Ghostly","floor":32.0,"key":"SMITH"}],"circlet_count":0,"master_deck":["AscendersBane","Survivor+1","Neutralize+1","Deadly Poison","Corpse Explosion","Noxious Fumes+1","Crippling Poison","Blur","Backflip","Burst+1","Malaise","Concentrate","Deflect","Night Terror","Crippling Poison","Well Laid Plans+1","Ghostly+1","Ghostly","Ghostly","Parasite","Escape Plan"],"relics":["Ring of the Snake","ClockworkSouvenir","Toy Ornithopter","Tiny Chest","Juzu Bracelet","Pear","Pandora\u0027s Box","Mercury Hourglass","Pen Nib","Orichalcum","Black Star","Singing Bowl","InkBottle","Pantograph"],"acts_visited":["Exordium","TheCity","TheBeyond"],"potions_floor_usage":[44],"damage_taken":[{"damage":1.0,"enemies":"Cultist","floor":1.0,"turns":3.0},{"damage":8.0,"enemies":"2 Louse","floor":2.0,"turns":2.0},{"damage":0.0,"enemies":"Jaw Worm","floor":5.0,"turns":5.0},{"damage":24.0,"enemies":"3 Sentries","floor":7.0,"turns":5.0},{"damage":15.0,"enemies":"Gremlin Gang","floor":10.0,"turns":4.0},{"damage":0.0,"enemies":"Blue Slaver","floor":11.0,"turns":5.0},{"damage":5.0,"enemies":"Lagavulin","floor":14.0,"turns":6.0},{"damage":28.0,"enemies":"Hexaghost","floor":16.0,"turns":11.0},{"damage":19.0,"enemies":"2 Thieves","floor":18.0,"turns":4.0},{"damage":14.0,"enemies":"Spheric Guardian","floor":19.0,"turns":5.0},{"damage":0.0,"enemies":"Snake Plant","floor":24.0,"turns":5.0},{"damage":1.0,"enemies":"Centurion and Healer","floor":29.0,"turns":9.0},{"damage":6.0,"enemies":"Slavers","floor":30.0,"turns":4.0},{"damage":0.0,"enemies":"Automaton","floor":33.0,"turns":12.0},{"damage":12.0,"enemies":"Orb Walker","floor":35.0,"turns":6.0},{"damage":0.0,"enemies":"3 Darklings","floor":36.0,"turns":4.0},{"damage":0.0,"enemies":"Writhing Mass","floor":37.0,"turns":8.0},{"damage":17.0,"enemies":"Sphere and 2 Shapes","floor":39.0,"turns":7.0},{"damage":12.0,"enemies":"Nemesis","floor":40.0,"turns":13.0},{"damage":7,"enemies":"3 Darklings","floor":42,"turns":5},{"damage":33,"enemies":"Giant Head","floor":44,"turns":13}],"seed_played":"-9109189063413343159","potions_obtained":[{"floor":1.0,"key":"Swift Potion"},{"floor":5.0,"key":"LiquidBronze"},{"floor":20.0,"key":"CunningPotion"},{"floor":30.0,"key":"Energy Potion"},{"floor":35.0,"key":"Poison Potion"},{"floor":36.0,"key":"ColorlessPotion"},{"floor":39.0,"key":"DuplicationPotion"}],"is_trial":false,"path_per_floor":["M","M","$","?","M","R","E","R","T","M","M","R","$","E","R","B",null,"M","M","?","?","$","R","M","R","T","$","?","M","E","T","R","B",null,"M","M","M","?","M","E","$","M","T","E"],"character_chosen":"THE_SILENT","items_purchased":["ClockworkSouvenir","Toy Ornithopter","Crippling Poison","Pantograph"],"campfire_rested":3,"item_purchase_floors":[3,3,3,41],"current_hp_per_floor":[58,50,50,32,32,32,8,26,26,11,11,29,29,39,39,11,55,36,22,22,22,22,32,32,32,32,32,25,24,23,23,23,23,36,24,29,34,34,17,12,12,7,7,0,0],"gold":115,"neow_bonus":"TRANSFORM_TWO_CARDS","is_daily":false,"chose_seed":false,"campfire_upgraded":4,"win_rate":0.0,"timestamp":1613291685,"path_taken":["M","?","$","?","M","R","E","R","T","M","M","R","$","E","R","BOSS","M","M","?","?","$","R","M","R","T","$","?","M","E","?","R","BOSS","M","M","M","?","M","E","$","M","T","E"],"items_purchased_type":["Relic","Relic","Card","Relic"],"build_version":"2020-12-22","purchased_purges":4,"victory":false,"max_hp_per_floor":[60,60,60,60,60,60,60,60,60,60,60,60,60,70,70,70,70,70,70,70,35,35,35,35,35,35,35,40,40,40,40,40,40,40,40,40,40,38,38,40,40,42,42,42,42],"card_choices":[{"not_picked":["Finisher","Slice"],"picked":"Noxious Fumes","floor":1.0},{"not_picked":["Slice","Acrobatics","Deflect"],"picked":"SKIP","floor":2.0},{"not_picked":["Flying Knee","Predator"],"picked":"Blur","floor":5.0},{"not_picked":["Choke","Expertise","Reflex"],"picked":"SKIP","floor":7.0},{"not_picked":["Accuracy","Cloak And Dagger"],"picked":"Backflip","floor":10.0},{"not_picked":["Sucker Punch","Dagger Spray","Quick Slash"],"picked":"SKIP","floor":11.0},{"not_picked":["Sucker Punch","Crippling Poison"],"picked":"Burst","floor":14.0},{"not_picked":["A Thousand Cuts","Tools of the Trade"],"picked":"Malaise","floor":16.0},{"not_picked":["Outmaneuver+1","Finisher"],"picked":"Well Laid Plans","floor":18.0},{"not_picked":["Leg Sweep","Terror","Prepared"],"picked":"SKIP","floor":19.0},{"not_picked":["Quick Slash","PiercingWail","Sucker Punch"],"picked":"SKIP","floor":24.0},{"not_picked":["Quick Slash","PiercingWail","Sucker Punch"],"picked":"SKIP","floor":24.0},{"not_picked":["Sucker Punch","Infinite Blades","Masterful Stab"],"picked":"SKIP","floor":29.0},{"not_picked":["Sucker Punch+1","Blade Dance","Concentrate"],"picked":"SKIP","floor":30.0},{"not_picked":["Predator+1","Infinite Blades+1","Deflect"],"picked":"SKIP","floor":35.0},{"not_picked":["PiercingWail","Bane","Deflect+1"],"picked":"SKIP","floor":36.0},{"not_picked":["Sucker Punch","After Image"],"picked":"Escape Plan","floor":37.0},{"not_picked":["Outmaneuver","Sucker Punch+1","Slice+1"],"picked":"SKIP","floor":39.0},{"not_picked":["Caltrops","Outmaneuver+1","Crippling Poison+1"],"picked":"Singing Bowl","floor":40.0},{"not_picked":["Setup","Blade Dance+1","Skewer"],"picked":"Singing Bowl","floor":42}],"player_experience":553984,"relics_obtained":[{"floor":7.0,"key":"Tiny Chest"},{"floor":9.0,"key":"Juzu Bracelet"},{"floor":14.0,"key":"Pear"},{"floor":26.0,"key":"Mercury Hourglass"},{"floor":30.0,"key":"Pen Nib"},{"floor":31.0,"key":"Orichalcum"},{"floor":40.0,"key":"Singing Bowl"},{"floor":40.0,"key":"InkBottle"}],"event_choices":[{"damage_healed":0.0,"max_hp_gain":0.0,"max_hp_loss":0.0,"gold_gain":0.0,"event_name":"Shining Light","player_choice":"Entered Light","floor":4.0,"gold_loss":0.0,"damage_taken":18.0,"cards_upgraded":["Survivor","Neutralize"]},{"damage_healed":0.0,"max_hp_gain":0.0,"max_hp_loss":0.0,"gold_gain":0.0,"event_name":"Lab","player_choice":"Got Potions","floor":20.0,"gold_loss":0.0,"damage_taken":0.0},{"damage_healed":0.0,"max_hp_gain":0.0,"max_hp_loss":35.0,"gold_gain":0.0,"event_name":"Ghosts","player_choice":"Became a Ghost","floor":21.0,"gold_loss":0.0,"damage_taken":0.0,"cards_obtained":["Ghostly","Ghostly","Ghostly"]},{"damage_healed":0.0,"max_hp_gain":5.0,"max_hp_loss":0.0,"gold_gain":0.0,"event_name":"Forgotten Altar","player_choice":"Shed Blood","floor":28.0,"gold_loss":0.0,"damage_taken":12.0},{"damage_healed":0.0,"max_hp_gain":0.0,"max_hp_loss":2.0,"gold_gain":0.0,"event_name":"Winding Halls","player_choice":"Max HP","floor":38.0,"gold_loss":0.0,"damage_taken":0.0}],"is_beta":false,"boss_relics":[{"not_picked":["Snecko Eye","Busted Crown"],"picked":"Pandora\u0027s Box"},{"not_picked":["Empty Cage","SlaversCollar"],"picked":"Black Star"}],"items_purged_floors":[3,13,22,27],"is_endless":false,"potions_floor_spawned":[1,5,10,11,29,30,35,36,39],"killed_by":"Giant Head","ascension_level":20}}