{"host":"xg4r5pv6chpuampg","time":1613293708,"event":{"mods":["AchievementEnabler","BaseMod","Googly Eyes","Minty Spire (QoL Compilation)"],"gold_per_floor":[114,114,114,133,133,133,99,117,117,133,149,173,206,113,113,237,237,260,260,38,52,71,71,71,71,96,109,133,62,62,62,62,167,167,187,38,38,55,67,67,82,82,131,131,150,250,250,260,260,260,260],"floor_reached":50,"language":"ENG","playtime":1524,"items_purged":["Shame"],"score":444,"play_id":"c26bc864-9e81-4d2c-bc64-4ca1c467acd1","local_time":"20210214120828","is_ascension_mode":false,"campfire_choices":[{"data":"Streamline","floor":6,"key":"SMITH"},{"floor":15,"key":"REST"},{"floor":23,"key":"REST"},{"floor":25,"key":"REST"},{"floor":32,"key":"REST"},{"floor":40,"key":"REST"},{"floor":42,"key":"REST"},{"floor":49,"key":"REST"}],"circlet_count":0,"master_deck":["Strike_B","Strike_B","Strike_B","Strike_B","Defend_B","Defend_B","Defend_B","Defend_B","Zap","Dualcast","Streamline","Streamline+1","Reinforced Body","Aggregate","Lockon","Ball Lightning","Hologram+1","Storm","Capacitor","Conserve Battery","Electrodynamics","RitualDagger","Melter","Electrodynamics","Beam Cell","Auto Shields","Storm","Thunder Strike+1","Static Discharge","Parasite"],"relics":["Cracked Core","NeowsBlessing","Bloody Idol","Vajra","MealTicket","Busted Crown","Orichalcum","Ancient Tea Set","HornCleat","Black Star"],"acts_visited":["Exordium","TheCity","TheBeyond"],"potions_floor_usage":[13,33,48,50,50,50],"damage_taken":[{"damage":0,"enemies":"Jaw Worm","floor":1,"turns":1},{"damage":0,"enemies":"Cultist","floor":4,"turns":1},{"damage":0,"enemies":"Small Slimes","floor":8,"turns":1},{"damage":7,"enemies":"Blue Slaver","floor":10,"turns":3},{"damage":8,"enemies":"Looter","floor":11,"turns":3},{"damage":0,"enemies":"Large Slime","floor":12,"turns":3},{"damage":22,"enemies":"Gremlin Nob","floor":13,"turns":4},{"damage":7,"enemies":"Slime Boss","floor":16,"turns":9},{"damage":27,"enemies":"2 Thieves","floor":18,"turns":3},{"damage":17,"enemies":"Shell Parasite","floor":21,"turns":3},{"damage":16,"enemies":"Chosen and Byrds","floor":22,"turns":4},{"damage":21,"enemies":"Shelled Parasite and Fungi","floor":27,"turns":4},{"damage":15,"enemies":"3 Cultists","floor":28,"turns":3},{"damage":16,"enemies":"Collector","floor":33,"turns":6},{"damage":4,"enemies":"Orb Walker","floor":35,"turns":3},{"damage":25,"enemies":"3 Darklings","floor":38,"turns":4},{"damage":32,"enemies":"Jaw Worm Horde","floor":39,"turns":3},{"damage":35,"enemies":"Writhing Mass","floor":41,"turns":5},{"damage":46,"enemies":"Spire Growth","floor":45,"turns":6},{"damage":11,"enemies":"3 Darklings","floor":48,"turns":4},{"damage":70,"enemies":"Time Eater","floor":50,"turns":4}],"seed_played":"-1601973371107238839","potions_obtained":[{"floor":4,"key":"DistilledChaos"},{"floor":10,"key":"Weak Potion"},{"floor":12,"key":"Strength Potion"},{"floor":16,"key":"FocusPotion"},{"floor":33,"key":"Regen Potion"},{"floor":48,"key":"Fire Potion"}],"is_trial":false,"path_per_floor":["M","?","?","M","$","R","$","M","T","M","M","M","E","$","R","B",null,"M","?","$","M","M","R","?","R","T","M","M","$","?","T","R","B",null,"M","$","?","M","M","R","M","R","T","?","M","?","$","M","R","B"],"character_chosen":"DEFECT","items_purchased":["Reinforced Body","Capacitor","Conserve Battery","Melter","Electrodynamics","Storm","Static Discharge"],"campfire_rested":7,"item_purchase_floors":[7,14,14,20,20,29,36],"current_hp_per_floor":[75,80,60,60,60,60,60,60,60,53,45,45,23,38,62,55,80,53,47,62,45,29,53,53,77,77,56,41,56,56,56,80,69,80,80,80,80,60,33,57,27,51,56,56,15,20,35,29,53,0,0],"gold":260,"neow_bonus":"THREE_ENEMY_KILL","is_daily":false,"chose_seed":false,"campfire_upgraded":1,"win_rate":0.0,"timestamp":1613293708,"path_taken":["M","?","?","M","$","R","?","M","T","M","M","M","E","$","R","BOSS","M","?","$","M","M","R","?","R","T","M","M","$","?","?","R","BOSS","M","$","?","M","M","R","?","R","T","?","?","?","?","M","R","BOSS"],"items_purchased_type":["Card","Card","Card","Card","Card","Card","Card"],"build_version":"2020-12-22","purchased_purges":1,"victory":false,"max_hp_per_floor":[75,80,80,80,80,80,80,80,80,80,80,80,80,80,80,80,80,80,80,80,80,80,80,80,80,80,80,80,80,80,80,80,80,80,80,80,80,80,80,80,80,80,80,80,80,80,80,80,80,80,80],"card_choices":[{"not_picked":["Sweeping Beam","Rebound"],"picked":"Streamline","floor":1},{"not_picked":["Compile Driver","Steam Power"],"picked":"Streamline","floor":4},{"not_picked":["Streamline","Beam Cell"],"picked":"Aggregate","floor":8},{"not_picked":["Go for the Eyes","Stack"],"picked":"Lockon","floor":10},{"not_picked":["Coolheaded","Rebound"],"picked":"Ball Lightning","floor":11},{"not_picked":["Compile Driver","Steam"],"picked":"Hologram","floor":12},{"not_picked":["Rainbow","BootSequence"],"picked":"Storm","floor":13},{"not_picked":["Reboot","All For One"],"picked":"Electrodynamics","floor":16},{"not_picked":["Rip and Tear"],"picked":"SKIP","floor":18},{"not_picked":[],"picked":"Beam Cell","floor":21},{"not_picked":[],"picked":"Auto Shields","floor":22},{"not_picked":["Stack"],"picked":"SKIP","floor":27},{"not_picked":["Steam Power"],"picked":"SKIP","floor":28},{"not_picked":[],"picked":"Thunder Strike","floor":33},{"not_picked":["Leap"],"picked":"SKIP","floor":35},{"not_picked":["Turbo+1"],"picked":"SKIP","floor":38},{"not_picked":["Undo"],"picked":"SKIP","floor":39},{"not_picked":["Reprogram"],"picked":"SKIP","floor":41},{"not_picked":["Consume"],"picked":"SKIP","floor":45},{"not_picked":["Hello World+1"],"picked":"SKIP","floor":48}],"player_experience":122238,"relics_obtained":[{"floor":9,"key":"Vajra"},{"floor":13,"key":"MealTicket"},{"floor":26,"key":"Ancient Tea Set"},{"floor":31,"key":"HornCleat"}],"event_choices":[{"damage_healed":0,"gold_gain":0,"player_choice":"Donut","damage_taken":0,"max_hp_gain":5,"max_hp_loss":0,"event_name":"Big Fish","floor":2,"gold_loss":0},{"damage_healed":0,"gold_gain":0,"player_choice":"Take Damage","damage_taken":20,"relics_obtained":["Golden Idol"],"max_hp_gain":0,"max_hp_loss":0,"event_name":"Golden Idol","floor":3,"gold_loss":0},{"damage_healed":0,"gold_gain":0,"player_choice":"Joined the Cult","damage_taken":6,"max_hp_gain":0,"max_hp_loss":0,"event_name":"Nest","floor":19,"gold_loss":0,"cards_obtained":["RitualDagger"]},{"damage_healed":0,"gold_gain":0,"player_choice":"Stole Relic","damage_taken":0,"relics_obtained":["Orichalcum"],"max_hp_gain":0,"max_hp_loss":0,"event_name":"Addict","floor":24,"gold_loss":0,"cards_obtained":["Shame"]},{"damage_healed":0,"gold_gain":0,"player_choice":"Gave Idol","damage_taken":0,"relics_obtained":["Bloody Idol"],"max_hp_gain":0,"max_hp_loss":0,"event_name":"Forgotten Altar","floor":30,"relics_lost":["Golden Idol"],"gold_loss":0},{"damage_healed":0,"gold_gain":0,"player_choice":"Forge","damage_taken":0,"max_hp_gain":0,"max_hp_loss":0,"event_name":"Accursed Blacksmith","floor":37,"gold_loss":0,"cards_upgraded":["Hologram"]},{"damage_healed":0,"gold_gain":0,"player_choice":"Upgraded","damage_taken":0,"max_hp_gain":0,"max_hp_loss":0,"event_name":"Upgrade Shrine","floor":44,"gold_loss":0,"cards_upgraded":["Thunder Strike"]},{"damage_healed":0,"gold_gain":100,"player_choice":"Pray","damage_taken":0,"max_hp_gain":0,"max_hp_loss":0,"event_name":"Golden Shrine","floor":46,"gold_loss":0}],"is_beta":false,"boss_relics":[{"not_picked":["FrozenCore","SlaversCollar"],"picked":"Busted Crown"},{"not_picked":["Runic Pyramid","Coffee Dripper"],"picked":"Black Star"}],"items_purged_floors":[36],"is_endless":false,"potions_floor_spawned":[4,10,12,16,28,33,38,39,45,48],"killed_by":"Time Eater","ascension_level":0}}