{"host":"ocll6kdfqxraqtza","time":1613284705,"event":{"mods":["2.2 Compatiblity","Act Like it!","Arknights","Aspiration","BaseMod","Better Third Choice","Gensokyo","Hallownest","Hermit","Hubris","Jorbs\u0027s Wanderer Trilogy","Luminous","Marisa（霧雨　魔理沙）","Minty Spire (QoL Compilation)","Reimu（博??梦）","Reliquary","Replay The Spire","Shade Mod","StSLib","The Alterego","The Bug Knight","The Cursed","The Hierophant","The Marked","The Runesmith","TheBandit","Wandering Minibosses"],"gold_per_floor":[116,41,41,59,69,99,99,99,99,99,112,138,165,165,165,264,264,250,150,150,163,163,198,198,210,210,220,90,15,15,50,50,147,197,207,289,309,320,320,348,77,112,159,185,204,204,204,237,237,237,237],"floor_reached":50,"language":"ENG","playtime":2186,"items_purged":["Strike_P","Defend_P","Defend_P"],"score":1393,"play_id":"3d2ed19c-e391-43a0-98c3-e0fba20e5d9a","local_time":"20210214143825","is_ascension_mode":true,"campfire_choices":[{"data":"Eruption","floor":7.0,"key":"SMITH"},{"data":"Replay:Sssssssssshield","floor":10.0,"key":"SMITH"},{"data":"Vigilance","floor":15,"key":"SMITH"},{"data":"Judgement","floor":24,"key":"SMITH"},{"data":"1","floor":32,"key":"LIFT"},{"floor":47,"key":"RECALL"},{"data":"2","floor":49,"key":"LIFT"}],"circlet_count":0,"master_deck":["Defend_P","Eruption+1","Vigilance+1","Flash of Steel+1","CrushJoints+1","Replay:Sssssssssshield+1","Judgement+1","Eruption+1","Meditate","Replay:Cycle","Replay:DivineShield+1","ReachHeaven","Evaluate+1","Worship","SandsOfTime","Alpha","Replay:Vibes+1","Bite","Bite","Bite+1","Bite","Bite","EmptyBody+1","MentalFortress","CarveReality+1","Prostrate","Apotheosis","Violence","Swift Strike","ForeignInfluence+1","Blasphemy","Evaluate+1","Prostrate+1","Replay:AtTheReady+1","FlurryOfBlows+1","Consecrate+1","Halt+1","DevaForm","CommonCold","DeceiveReality+1","Perseverance+1","Replay:LoomingThreat","ReachHeaven+1","Replay:Sssssssssstrike","hubris:EnhanceAbility","Mayhem","Study"],"relics":["PureWater","reliquary:Buckler","Replay:WaspNest","Incense Burner","Odd Mushroom","hubris:CrackedHourglass","Nilry\u0027s Codex","Anchor","aspiration:HummingbirdHeart","ReplayTheSpireMod:ShopPack","Girya","Tiny House","Ring of Misfortune","Ring of Searing","Nunchaku","ClockworkSouvenir","Quantum Egg","aspiration:HiddenCompartment","Yang"],"acts_visited":["Exordium","TheCity","TheBeyond"],"potions_floor_usage":[23,31,42,50],"damage_taken":[{"damage":0.0,"enemies":"ats:Genji","floor":1.0,"turns":4.0},{"damage":7.0,"enemies":"Jaw Worm","floor":4.0,"turns":2.0},{"damage":0.0,"enemies":"Cultist","floor":5.0,"turns":2.0},{"damage":23.0,"enemies":"Replay:BlueRogue","floor":6.0,"turns":6.0},{"damage":0.0,"enemies":"Looter","floor":11.0,"turns":3.0},{"damage":9.0,"enemies":"Lagavulin","floor":12.0,"turns":4.0},{"damage":0.0,"enemies":"The Mushroom Lair","floor":13.0,"turns":3.0},{"damage":0,"enemies":"Slime Boss","floor":16,"turns":4},{"damage":25,"enemies":"2 Thieves","floor":18,"turns":4},{"damage":0,"enemies":"Shell Parasite","floor":21,"turns":2},{"damage":12,"enemies":"Book of Stabbing","floor":23,"turns":6},{"damage":3,"enemies":"Centurion and Healer","floor":25,"turns":5},{"damage":0,"enemies":"Snecko","floor":27,"turns":2},{"damage":0,"enemies":"Gremlin Leader","floor":31,"turns":5},{"damage":1,"enemies":"Pondfish","floor":33,"turns":6},{"damage":1,"enemies":"Orb Walker","floor":35,"turns":2},{"damage":2,"enemies":"3 Shapes","floor":37,"turns":1},{"damage":11,"enemies":"Maw","floor":38,"turns":8},{"damage":32,"enemies":"Giant Head","floor":40,"turns":7},{"damage":0,"enemies":"HollowMod:StalkingDevout","floor":42,"turns":4},{"damage":0,"enemies":"Nemesis","floor":44,"turns":3},{"damage":2,"enemies":"Sphere and 2 Shapes","floor":45,"turns":4},{"damage":0,"enemies":"Reptomancer","floor":48,"turns":3},{"damage":50,"enemies":"Replay:Hell Engine","floor":50,"turns":6}],"seed_played":"-5729043121142015646","potions_obtained":[{"floor":1.0,"key":"Block Potion"},{"floor":11.0,"key":"Weak Potion"},{"floor":12.0,"key":"Swift Potion"},{"floor":16,"key":"LiquidBronze"},{"floor":18,"key":"Block Potion"},{"floor":21,"key":"Elixir"},{"floor":33,"key":"GrandPatriotsElixir:ReiMu"},{"floor":34,"key":"Adrenaline Potion"},{"floor":35,"key":"StancePotion"},{"floor":44,"key":"FearPotion"}],"is_trial":false,"path_per_floor":["M","$","?","M","M","E","R","?","T","R","M","E","?","?","R","B",null,"M","$","?","M","?","E","R","M","T","M","$","?","?","E","R","B",null,"M","?","M","M","?","E","$","E","T","E","M","?","R","E","R","B"],"character_chosen":"WATCHER","items_purchased":["ReplayTheSpireMod:ShopPack","ClockworkSouvenir"],"campfire_rested":0,"item_purchase_floors":[28,41],"current_hp_per_floor":[72,72,72,65,65,42,42,42,42,42,42,33,33,19,19,19,59,34,34,34,38,22,18,18,19,19,23,23,23,15,20,20,23,52,54,54,52,58,58,33,33,37,37,41,39,29,29,36,36,0,0],"gold":237,"neow_bonus":"RANDOM_COLORLESS","is_daily":false,"chose_seed":false,"campfire_upgraded":4,"win_rate":0.0,"timestamp":1613284705,"path_taken":["M","$","?","M","?","E","R","?","T","R","?","E","?","?","R","BOSS","M","$","?","M","?","E","R","?","T","M","$","?","?","E","R","BOSS","M","?","M","M","?","E","?","E","T","E","M","?","R","E","R","BOSS"],"items_purchased_type":["Relic","Relic"],"build_version":"2020-12-22","purchased_purges":3,"victory":false,"max_hp_per_floor":[72,72,72,72,72,72,72,72,72,72,72,72,72,72,72,72,72,72,72,50,50,50,50,50,50,50,50,50,50,55,55,55,55,60,60,60,60,60,60,60,60,60,60,60,60,60,60,60,60,60,60],"card_choices":[{"not_picked":["Survey Options","PanicButton"],"picked":"Flash of Steel","floor":0.0},{"not_picked":["Prostrate","Study"],"picked":"CrushJoints","floor":1.0},{"not_picked":["Replay:Vibes","Protect"],"picked":"Replay:Cycle","floor":4.0},{"not_picked":["Replay:ManipulateFuture","Replay:AtTheReady"],"picked":"Replay:DivineShield","floor":5.0},{"not_picked":["Replay:BluntJabs","FlurryOfBlows"],"picked":"ReachHeaven","floor":6.0},{"not_picked":["Consecrate","CrushJoints"],"picked":"Evaluate","floor":11.0},{"not_picked":["FlurryOfBlows","Replay:AtTheReady"],"picked":"Worship","floor":12.0},{"not_picked":["Evaluate","Replay:BluntJabs"],"picked":"SandsOfTime","floor":13.0},{"not_picked":["Judgement","SpiritShield"],"picked":"Alpha","floor":16},{"not_picked":["Sanctity","Meditate+1"],"picked":"Replay:Vibes+1","floor":18},{"not_picked":["BowlingBash","EmptyFist"],"picked":"EmptyBody+1","floor":21},{"not_picked":["FlyingSleeves","FlurryOfBlows"],"picked":"MentalFortress","floor":23},{"not_picked":["CrushJoints+1","FollowUp"],"picked":"CarveReality+1","floor":25},{"not_picked":["Halt","WaveOfTheHand"],"picked":"Prostrate","floor":27},{"not_picked":["ReplayTheSpireMod:Brewmster","Violence"],"picked":"Apotheosis","floor":28},{"not_picked":["Replay:Parry","ReplayTheSpireMod:Brewmster"],"picked":"Violence","floor":28},{"not_picked":["Specialist","Blind"],"picked":"Swift Strike","floor":28},{"not_picked":["JustLucky","Perseverance"],"picked":"ForeignInfluence+1","floor":31},{"not_picked":["Scrawl","Ragnarok"],"picked":"Blasphemy","floor":33},{"not_picked":["SandsOfTime+1","Perseverance"],"picked":"Evaluate+1","floor":34},{"not_picked":["FearNoEvil+1","FollowUp+1"],"picked":"Prostrate+1","floor":35},{"not_picked":["Conclude+1","CrushJoints+1"],"picked":"Replay:AtTheReady+1","floor":36},{"not_picked":["SashWhip+1","Wireheading+1"],"picked":"FlurryOfBlows+1","floor":36},{"not_picked":["BowlingBash+1","Prostrate"],"picked":"Consecrate+1","floor":36},{"not_picked":["FollowUp+1","WaveOfTheHand"],"picked":"Halt+1","floor":37},{"not_picked":["JustLucky","WaveOfTheHand"],"picked":"DevaForm","floor":38},{"not_picked":["Prostrate+1","Replay:BluntJabs"],"picked":"DeceiveReality+1","floor":40},{"not_picked":["ThirdEye","Protect"],"picked":"Perseverance+1","floor":42},{"not_picked":["Replay:BluntJabs","Protect"],"picked":"Replay:LoomingThreat","floor":44},{"not_picked":["Halt+1","WreathOfFlame"],"picked":"ReachHeaven+1","floor":45},{"not_picked":["Poisoned Strike","Blind"],"picked":"Replay:Sssssssssstrike","floor":46},{"not_picked":["Jack Of All Trades","Blind"],"picked":"hubris:EnhanceAbility","floor":46},{"not_picked":["Secret Weapon","ReplayTheSpireMod:Trickstab"],"picked":"Mayhem","floor":46},{"not_picked":["Evaluate","FollowUp"],"picked":"Study","floor":48}],"player_experience":539637,"relics_obtained":[{"floor":6.0,"key":"reliquary:Buckler"},{"floor":9.0,"key":"Replay:WaspNest"},{"floor":12.0,"key":"Incense Burner"},{"floor":13.0,"key":"Odd Mushroom"},{"floor":22,"key":"Nilry\u0027s Codex"},{"floor":23,"key":"Anchor"},{"floor":26,"key":"aspiration:HummingbirdHeart"},{"floor":31,"key":"Girya"},{"floor":39,"key":"Ring of Misfortune"},{"floor":39,"key":"Ring of Searing"},{"floor":40,"key":"Nunchaku"},{"floor":42,"key":"Quantum Egg"},{"floor":44,"key":"aspiration:HiddenCompartment"},{"floor":48,"key":"Yang"}],"event_choices":[{"damage_healed":0.0,"max_hp_gain":0.0,"max_hp_loss":0.0,"gold_gain":0.0,"event_name":"Match and Keep!","player_choice":"4 cards matched","floor":3.0,"gold_loss":0.0,"damage_taken":0.0,"cards_obtained":["Replay:Sssssssssshield","Judgement","Eruption","Meditate"]},{"damage_healed":0.0,"max_hp_gain":0.0,"max_hp_loss":0.0,"gold_gain":0.0,"event_name":"Upgrade Shrine","player_choice":"Upgraded","floor":8.0,"gold_loss":0.0,"damage_taken":0.0,"cards_upgraded":["Eruption"]},{"damage_healed":0.0,"max_hp_gain":0.0,"max_hp_loss":0.0,"gold_gain":0.0,"event_name":"Mushrooms","player_choice":"Fought Mushrooms","floor":13.0,"gold_loss":0.0,"damage_taken":0.0},{"damage_healed":33,"gold_gain":0,"player_choice":"Upgrade","damage_taken":14,"max_hp_gain":0,"max_hp_loss":72,"event_name":"betterThird:BetterShining","floor":14,"gold_loss":0,"cards_upgraded":["CrushJoints","Evaluate"]},{"damage_healed":0,"gold_gain":0,"player_choice":"Became a vampire","damage_taken":0,"max_hp_gain":0,"max_hp_loss":22,"event_name":"Vampires","floor":20,"gold_loss":0,"cards_obtained":["Bite","Bite","Bite","Bite","Bite"]},{"damage_healed":0,"gold_gain":0,"player_choice":"Obtained Book","damage_taken":16,"max_hp_gain":0,"max_hp_loss":0,"event_name":"Cursed Tome","floor":22,"gold_loss":0},{"cards_removed":["Defend_P"],"damage_healed":0,"gold_gain":0,"player_choice":"Gave Gold","damage_taken":0,"max_hp_gain":0,"max_hp_loss":0,"event_name":"Beggar","floor":29,"gold_loss":75},{"damage_healed":0,"gold_gain":0,"player_choice":"Shed Blood","damage_taken":13,"max_hp_gain":5,"max_hp_loss":0,"event_name":"Forgotten Altar","floor":30,"gold_loss":0},{"damage_healed":0,"gold_gain":0,"player_choice":"Memory 3","damage_taken":10,"max_hp_gain":0,"max_hp_loss":0,"event_name":"SensoryStone","floor":46,"gold_loss":0}],"is_beta":false,"boss_relics":[{"not_picked":["Honey Jar","reliquary:Ember"],"picked":"hubris:CrackedHourglass"},{"not_picked":["hubris:Stopwatch","Runic Pyramid"],"picked":"Tiny House"}],"items_purged_floors":[2,19,41],"is_endless":false,"potions_floor_spawned":[1,11,12,16,18,21,33,35,40,44],"killed_by":"Replay:Hell Engine","ascension_level":5}}