{"host":"g8a0qo0vjtg6u5wv","time":1613303823,"event":{"mods":["BaseMod","Colored Map","Custom Start","KOR Keyword Fix","Minty Spire (QoL Compilation)","StSLib","SuperFastMode"],"gold_per_floor":[11,23,42,42,60,60,76,89,112,112,130,148,148,169,169,277,277,299,324,361,381,186,186,213,251,278,278,278],"floor_reached":27,"language":"KOR","playtime":668,"items_purged":["Strike_B"],"score":343,"play_id":"b028329a-1ebf-4192-b97c-e6bb24d640e7","local_time":"20210214205703","is_ascension_mode":true,"campfire_choices":[{"data":"Apotheosis","floor":6.0,"key":"SMITH"},{"floor":13.0,"key":"REST"},{"floor":15.0,"key":"REST"},{"floor":23.0,"key":"REST"}],"circlet_count":0,"master_deck":["Strike_B","Strike_B","Strike_B","Defend_B","Defend_B","Defend_B","Defend_B","Zap","Dualcast","Apotheosis+1","Coolheaded","Conserve Battery","Undo","Cold Snap","Streamline","Compile Driver","Purity","Melter","Hologram","Rainbow","Beam Cell","Chaos+1","Go for the Eyes","Leap+1","White Noise+1","Storm+1","Sweeping Beam+1","Ball Lightning+1","Buffer"],"relics":["Cracked Core","CeramicFish","Ice Cream","SacredBark","Red Mask","Orrery","Happy Flower","Regal Pillow"],"acts_visited":["Exordium","TheCity"],"potions_floor_usage":[],"damage_taken":[{"damage":0.0,"enemies":"Small Slimes","floor":1.0,"turns":3.0},{"damage":4.0,"enemies":"Jaw Worm","floor":2.0,"turns":3.0},{"damage":0.0,"enemies":"Cultist","floor":3.0,"turns":3.0},{"damage":4.0,"enemies":"2 Fungi Beasts","floor":5.0,"turns":3.0},{"damage":0.0,"enemies":"3 Louse","floor":7.0,"turns":3.0},{"damage":8.0,"enemies":"Gremlin Gang","floor":8.0,"turns":4.0},{"damage":10.0,"enemies":"Looter","floor":12.0,"turns":3.0},{"damage":3.0,"enemies":"3 Louse","floor":14.0,"turns":4.0},{"damage":20.0,"enemies":"Slime Boss","floor":16.0,"turns":9.0},{"damage":16.0,"enemies":"Chosen","floor":18.0,"turns":5.0},{"damage":0.0,"enemies":"Spheric Guardian","floor":19.0,"turns":2.0},{"damage":22.0,"enemies":"Masked Bandits","floor":20.0,"turns":6.0},{"damage":5.0,"enemies":"Centurion and Healer","floor":21.0,"turns":6.0},{"damage":12.0,"enemies":"Snake Plant","floor":24.0,"turns":6.0},{"damage":0,"enemies":"Gremlin Leader","floor":25,"turns":5},{"damage":53,"enemies":"Slavers","floor":27,"turns":3}],"seed_played":"8984763339343151950","potions_obtained":[{"floor":5.0,"key":"ColorlessPotion"},{"floor":7.0,"key":"Strength Potion"},{"floor":8.0,"key":"Regen Potion"},{"floor":14.0,"key":"CultistPotion"},{"floor":16.0,"key":"SkillPotion"},{"floor":20.0,"key":"SteroidPotion"},{"floor":24.0,"key":"FearPotion"}],"is_trial":false,"path_per_floor":["M","M","M","$","M","R","M","M","T","?","?","M","R","M","R","B",null,"M","M","?","M","$","R","M","E","T","E"],"character_chosen":"DEFECT","items_purchased":["Orrery"],"campfire_rested":3,"item_purchase_floors":[22],"current_hp_per_floor":[68,64,64,64,60,60,60,52,52,40,40,30,52,49,71,51,69,53,63,41,36,36,58,46,46,46,0,0],"gold":278,"neow_bonus":"RANDOM_COLORLESS_2","is_daily":false,"chose_seed":false,"campfire_upgraded":1,"win_rate":0.0,"timestamp":1613303823,"path_taken":["M","M","M","$","M","R","M","M","T","?","?","?","R","M","R","BOSS","M","M","?","M","$","R","M","E","T","E"],"items_purchased_type":["Relic"],"build_version":"2020-12-22","purchased_purges":1,"victory":false,"max_hp_per_floor":[75,75,75,75,75,75,75,75,75,75,75,75,75,75,75,75,75,75,75,75,75,75,75,75,75,75,75,75],"card_choices":[{"not_picked":["HandOfGreed","Mayhem"],"picked":"Apotheosis","floor":0.0},{"not_picked":["Barrage","Reprogram"],"picked":"Coolheaded","floor":1.0},{"not_picked":["Storm","Aggregate"],"picked":"Conserve Battery","floor":2.0},{"not_picked":["Chill","Go for the Eyes"],"picked":"Undo","floor":3.0},{"not_picked":["Meteor Strike","Streamline"],"picked":"Cold Snap","floor":5.0},{"not_picked":["Turbo","Streamline","Scrape"],"picked":"SKIP","floor":7.0},{"not_picked":["Turbo","Scrape"],"picked":"Streamline","floor":7.0},{"not_picked":["Rebound","Hello World"],"picked":"Compile Driver","floor":8.0},{"not_picked":["Conserve Battery","Undo","Turbo"],"picked":"SKIP","floor":12.0},{"not_picked":["Chill","Blizzard"],"picked":"Hologram","floor":14.0},{"not_picked":["Multi-Cast","Meteor Strike"],"picked":"Rainbow","floor":16.0},{"not_picked":["Rebound","Sunder"],"picked":"Beam Cell","floor":18.0},{"not_picked":["Reinforced Body","Hello World"],"picked":"Chaos+1","floor":19.0},{"not_picked":["Undo","Melter+1"],"picked":"Go for the Eyes","floor":20.0},{"not_picked":["Beam Cell","Tempest"],"picked":"Leap+1","floor":21.0},{"not_picked":["Rebound+1","Steam"],"picked":"White Noise+1","floor":22.0},{"not_picked":["Seek","Leap"],"picked":"Storm+1","floor":22.0},{"not_picked":["Auto Shields","Aggregate+1"],"picked":"Sweeping Beam+1","floor":22.0},{"not_picked":["Steam Power","Consume"],"picked":"Ball Lightning+1","floor":24.0},{"not_picked":["Ball Lightning+1","Beam Cell"],"picked":"Buffer","floor":25}],"player_experience":579530,"relics_obtained":[{"floor":9.0,"key":"CeramicFish"},{"floor":20.0,"key":"Red Mask"},{"floor":25,"key":"Happy Flower"},{"floor":26,"key":"Regal Pillow"}],"event_choices":[{"damage_healed":0.0,"max_hp_gain":0.0,"max_hp_loss":0.0,"gold_gain":0.0,"event_name":"Scrap Ooze","player_choice":"Success","floor":10.0,"gold_loss":0.0,"damage_taken":12.0,"relics_obtained":["Ice Cream"]},{"damage_healed":0.0,"max_hp_gain":0.0,"max_hp_loss":0.0,"gold_gain":0.0,"event_name":"Match and Keep!","player_choice":"2 cards matched","floor":11.0,"gold_loss":0.0,"damage_taken":0.0,"cards_obtained":["Purity","Melter"]},{"damage_healed":0.0,"max_hp_gain":0.0,"max_hp_loss":0.0,"gold_gain":0.0,"event_name":"Masked Bandits","player_choice":"Fought Bandits","floor":20.0,"gold_loss":0.0,"damage_taken":0.0}],"is_beta":false,"boss_relics":[{"not_picked":["Calling Bell","Coffee Dripper"],"picked":"SacredBark"}],"items_purged_floors":[22],"is_endless":false,"potions_floor_spawned":[5,7,8,14,16,18,20,24],"killed_by":"Slavers","ascension_level":7}}