{"host":"3c8x8j1h2jyrixpf","time":1613273319,"event":{"mods":["BaseMod","Colored Powertips","Highlight Path","Minty Spire (QoL Compilation)","StSLib"],"gold_per_floor":[17,17,33,52,65,65,97,97,173,173,173,190,201,234,234,234,234],"floor_reached":16,"language":"ENG","playtime":475,"items_purged":[],"score":219,"play_id":"1591a248-958e-48f9-9bba-25692e245a10","local_time":"20210213212839","is_ascension_mode":true,"campfire_choices":[{"data":"CutThroughFate","floor":6,"key":"SMITH"},{"data":"TalkToTheHand","floor":8,"key":"SMITH"},{"data":"BowlingBash","floor":10,"key":"SMITH"},{"data":"Conclude","floor":15,"key":"SMITH"}],"circlet_count":0,"master_deck":["AscendersBane","Strike_P","Strike_P","Strike_P","Defend_P","Defend_P","Defend_P","Defend_P","Eruption","Vigilance","CutThroughFate+1","Consecrate","Adaptation","BowlingBash+1","TalkToTheHand+1","Conclude+1","DevaForm"],"relics":["PureWater","Mango","Girya","Mercury Hourglass","Juzu Bracelet"],"acts_visited":["Exordium"],"potions_floor_usage":[7,14,16],"damage_taken":[{"damage":4,"enemies":"2 Louse","floor":1,"turns":2},{"damage":0,"enemies":"Cultist","floor":3,"turns":2},{"damage":5,"enemies":"Small Slimes","floor":4,"turns":2},{"damage":4,"enemies":"Looter","floor":5,"turns":3},{"damage":26,"enemies":"3 Sentries","floor":7,"turns":5},{"damage":1,"enemies":"2 Fungi Beasts","floor":12,"turns":3},{"damage":9,"enemies":"Exordium Thugs","floor":13,"turns":4},{"damage":0,"enemies":"Gremlin Nob","floor":14,"turns":2},{"damage":63,"enemies":"The Guardian","floor":16,"turns":10}],"seed_played":"-9118011652870112221","potions_obtained":[{"floor":1,"key":"PowerPotion"},{"floor":2,"key":"FairyPotion"},{"floor":12,"key":"Swift Potion"},{"floor":14,"key":"Dexterity Potion"}],"is_trial":false,"path_per_floor":["M","?","M","M","M","R","E","R","T","R","?","M","M","E","R","B"],"character_chosen":"WATCHER","items_purchased":[],"campfire_rested":0,"item_purchase_floors":[],"current_hp_per_floor":[75,75,75,70,66,66,40,40,40,40,40,39,30,30,30,0,0],"gold":234,"neow_bonus":"ONE_RARE_RELIC","is_daily":false,"chose_seed":false,"campfire_upgraded":4,"win_rate":0.0,"timestamp":1613273319,"path_taken":["M","?","?","M","M","R","E","R","T","R","?","M","M","E","R","BOSS"],"items_purchased_type":[],"build_version":"2020-12-22","purchased_purges":0,"victory":false,"max_hp_per_floor":[86,86,86,86,86,86,86,86,86,86,86,86,86,86,86,86,86],"card_choices":[{"not_picked":["Weave","Evaluate"],"picked":"CutThroughFate","floor":1},{"not_picked":["WindmillStrike","EmptyBody"],"picked":"Consecrate","floor":3},{"not_picked":["Worship","CrushJoints"],"picked":"Adaptation","floor":4},{"not_picked":["FlyingSleeves","CrushJoints"],"picked":"BowlingBash","floor":5},{"not_picked":["Swivel","WreathOfFlame"],"picked":"TalkToTheHand","floor":7},{"not_picked":["LikeWater","Worship","Swivel"],"picked":"SKIP","floor":12},{"not_picked":["InnerPeace","ThirdEye"],"picked":"Conclude","floor":13},{"not_picked":["ClearTheMind","EmptyFist"],"picked":"DevaForm","floor":14}],"player_experience":248112,"relics_obtained":[{"floor":7,"key":"Girya"},{"floor":9,"key":"Mercury Hourglass"},{"floor":14,"key":"Juzu Bracelet"}],"event_choices":[{"damage_healed":0,"gold_gain":0,"player_choice":"Got Potions","damage_taken":0,"max_hp_gain":0,"max_hp_loss":0,"event_name":"Lab","floor":2,"gold_loss":0},{"cards_removed":["Strike_P"],"damage_healed":0,"gold_gain":0,"player_choice":"Forget","damage_taken":0,"max_hp_gain":0,"max_hp_loss":0,"event_name":"Living Wall","floor":11,"gold_loss":0}],"is_beta":false,"boss_relics":[],"items_purged_floors":[],"is_endless":false,"potions_floor_spawned":[1,12,14],"killed_by":"The Guardian","ascension_level":12}}