{"host":"rolltorest","time":1613276856,"event":{"mods":["BaseMod","Minty Spire (QoL Compilation)","Relic Stats","Slay the Relics Exporter","StSLib"],"gold_per_floor":[117,117,39,0,11,40,40,40,111,140,140,168,184,196,196,271,271,291,491,507,170,186,213,213,248,275,275,295,295,295],"floor_reached":29,"language":"ENG","playtime":1369,"items_purged":["Strike_B"],"score":592,"play_id":"1317a89f-576c-4d2c-aad9-42f9660a6f86","local_time":"20210213202736","is_ascension_mode":true,"campfire_choices":[{"data":"Defragment","floor":8,"key":"SMITH"},{"data":"Sweeping Beam","floor":11,"key":"SMITH"},{"data":"Defragment","floor":15,"key":"SMITH"},{"data":"Loop","floor":24,"key":"SMITH"}],"circlet_count":0,"master_deck":["AscendersBane","Strike_B+1","Defend_B","Defend_B","Defend_B","Defend_B","Zap","Dualcast","Defragment+1","Glacier","Sweeping Beam+1","Cold Snap","Blizzard","Defragment+1","Machine Learning","Loop+1","Capacitor","Thinking Ahead","Reboot","Writhe","Capacitor","Defragment"],"relics":["Coffee Dripper","Meat on the Bone","Matryoshka","Odd Mushroom","Strawberry","Cursed Key","PreservedInsect","Pen Nib","Regal Pillow","Toy Ornithopter"],"acts_visited":["Exordium","TheCity"],"potions_floor_usage":[16,23,29,29],"damage_taken":[{"damage":4,"enemies":"Small Slimes","floor":1,"turns":3},{"damage":0,"enemies":"Jaw Worm","floor":5,"turns":5},{"damage":15,"enemies":"3 Sentries","floor":6,"turns":9},{"damage":7,"enemies":"The Mushroom Lair","floor":10,"turns":4},{"damage":0,"enemies":"Lagavulin","floor":12,"turns":6},{"damage":2,"enemies":"Cultist","floor":13,"turns":4},{"damage":0,"enemies":"Lots of Slimes","floor":14,"turns":3},{"damage":8,"enemies":"The Guardian","floor":16,"turns":13},{"damage":1,"enemies":"Shell Parasite","floor":18,"turns":5},{"damage":11,"enemies":"3 Byrds","floor":20,"turns":6},{"damage":1,"enemies":"Snecko","floor":22,"turns":8},{"damage":32,"enemies":"Gremlin Leader","floor":23,"turns":9},{"damage":19,"enemies":"Book of Stabbing","floor":25,"turns":8},{"damage":21,"enemies":"Snake Plant","floor":28,"turns":6},{"damage":34,"enemies":"Slavers","floor":29,"turns":3}],"seed_played":"-2453521768968675876","potions_obtained":[{"floor":10,"key":"Block Potion"},{"floor":12,"key":"Energy Potion"},{"floor":20,"key":"ColorlessPotion"},{"floor":23,"key":"DuplicationPotion"}],"is_trial":false,"path_per_floor":["M","?","$","?","M","E","$","R","T","?","R","E","M","M","R","B",null,"M","?","M","$","M","E","R","E","T","?","M","E"],"character_chosen":"DEFECT","items_purchased":["Glacier","Capacitor","Thinking Ahead"],"campfire_rested":0,"item_purchase_floors":[3,21,21],"current_hp_per_floor":[60,39,39,39,39,24,24,24,24,29,29,48,46,46,46,50,71,70,70,59,59,58,38,38,31,31,31,22,0,0],"gold":295,"neow_bonus":"BOSS_RELIC","is_daily":false,"chose_seed":false,"campfire_upgraded":4,"win_rate":0.0,"timestamp":1613276856,"path_taken":["M","?","$","?","?","E","$","R","T","?","R","E","M","M","R","BOSS","M","?","M","?","?","E","R","E","T","?","M","E"],"items_purchased_type":["Card","Card","Card"],"build_version":"2020-12-18","purchased_purges":1,"victory":false,"max_hp_per_floor":[71,71,71,71,71,71,71,71,71,71,71,78,78,78,78,78,78,78,78,78,78,78,78,78,78,78,78,78,78,78],"relic_stats":{"Regal Pillow":0,"counters":[15,92],"PreservedInsect":83,"Pen Nib":[1],"Cursed Key":1,"obtain_stats":[{"Regal Pillow":26,"Matryoshka":9,"Strawberry":12,"PreservedInsect":23,"Pen Nib":25,"Coffee Dripper":0,"Odd Mushroom":10,"Cracked Core":0,"Cursed Key":17,"Toy Ornithopter":26,"Meat on the Bone":6},{"Regal Pillow":13,"Matryoshka":3,"Strawberry":5,"PreservedInsect":12,"Pen Nib":13,"Coffee Dripper":0,"Odd Mushroom":4,"Cracked Core":0,"Cursed Key":8,"Toy Ornithopter":13,"Meat on the Bone":3},{"Regal Pillow":83,"Matryoshka":17,"Strawberry":27,"PreservedInsect":75,"Pen Nib":83,"Coffee Dripper":0,"Odd Mushroom":21,"Cracked Core":0,"Cursed Key":47,"Toy Ornithopter":83,"Meat on the Bone":17}],"Toy Ornithopter":10,"Meat on the Bone":72},"card_choices":[{"not_picked":["Barrage","White Noise"],"picked":"Defragment","floor":1},{"not_picked":["Melter","Conserve Battery"],"picked":"Sweeping Beam","floor":5},{"not_picked":["Gash","Turbo","Force Field"],"picked":"SKIP","floor":6},{"not_picked":["Leap","Streamline"],"picked":"Cold Snap","floor":10},{"not_picked":["Beam Cell","Melter"],"picked":"Blizzard","floor":12},{"not_picked":["Stack","Leap","Scrape"],"picked":"SKIP","floor":13},{"not_picked":["Storm","Stack"],"picked":"Defragment","floor":14},{"not_picked":["Rainbow","Buffer"],"picked":"Machine Learning","floor":16},{"not_picked":["Auto Shields","Gash"],"picked":"Loop","floor":18},{"not_picked":["Rip and Tear","Beam Cell","Stack+1"],"picked":"SKIP","floor":20},{"not_picked":["Leap","Rebound","Fission"],"picked":"SKIP","floor":22},{"not_picked":["Storm","Tempest","Beam Cell"],"picked":"SKIP","floor":23},{"not_picked":["Go for the Eyes","Hologram"],"picked":"Reboot","floor":25},{"not_picked":["Steam","Turbo","Redo"],"picked":"SKIP","floor":28}],"player_experience":1977853,"relics_obtained":[{"floor":6,"key":"Meat on the Bone"},{"floor":9,"key":"Matryoshka"},{"floor":10,"key":"Odd Mushroom"},{"floor":12,"key":"Strawberry"},{"floor":23,"key":"PreservedInsect"},{"floor":25,"key":"Pen Nib"},{"floor":26,"key":"Regal Pillow"},{"floor":26,"key":"Toy Ornithopter"}],"event_choices":[{"damage_healed":0,"gold_gain":0,"player_choice":"Entered Light","damage_taken":21,"max_hp_gain":0,"max_hp_loss":0,"event_name":"Shining Light","floor":2,"gold_loss":0,"cards_upgraded":["Strike_B","Strike_B"]},{"damage_healed":0,"gold_gain":0,"player_choice":"Left Gold","damage_taken":0,"max_hp_gain":0,"max_hp_loss":0,"event_name":"World of Goop","floor":4,"gold_loss":39},{"damage_healed":0,"gold_gain":0,"player_choice":"Fought Mushrooms","damage_taken":0,"max_hp_gain":0,"max_hp_loss":0,"event_name":"Mushrooms","floor":10,"gold_loss":0},{"damage_healed":0,"gold_gain":250,"player_choice":"Bet on Owner","damage_taken":0,"max_hp_gain":0,"max_hp_loss":0,"event_name":"The Joust","floor":19,"gold_loss":50},{"damage_healed":0,"gold_gain":0,"cards_transformed":["Strike_B","Strike_B"],"player_choice":"Became Test Subject","damage_taken":0,"max_hp_gain":0,"max_hp_loss":0,"event_name":"Drug Dealer","floor":27,"gold_loss":0,"cards_obtained":["Capacitor","Defragment"]}],"is_beta":true,"boss_relics":[{"not_picked":["Fusion Hammer","Philosopher\u0027s Stone"],"picked":"Cursed Key"}],"items_purged_floors":[21],"is_endless":false,"potions_floor_spawned":[10,12,13,14,20,23],"killed_by":"Slavers","ascension_level":20}}