{"host":"bvp2uifzy1c463d9","time":1613284938,"event":{"mods":["AchievementEnabler","BaseMod","Better Note","Block Reminder","Bossed Relics","ChefMod","Colored Map","Colored Powertips","Energized Spire","Hermit","Highlight Path","Hubris","Infinite Spire","Minty Spire (QoL Compilation)","Random Character Button","Relic Sorter","Relic Stats","Reliquary","Replay The Spire","Robot Space Explorer","StSLib","The Blue Laboratory","The Jungle","The Servant 0.9.4","Wandering Minibosses"],"gold_per_floor":[109,64,104,104,104,131,56,71,119,134,162,178,213,232,232,336,336,349,99,111,210,120,120,145,159,182,182,194,227,241,266,266,369,369,388,107,117,135,57,89,89,118,171,171,196,207,207,218,218,218],"floor_reached":51,"language":"ENG","playtime":3442,"items_purged":["Strike_G","Strike_G","Strike_G"],"score":1120,"play_id":"44a2441b-04da-49e5-a23a-c8b54161c2d8","local_time":"20210214004218","is_ascension_mode":true,"campfire_choices":[{"data":"Replay:Poison Smokescreen","floor":15,"key":"SMITH"},{"data":"Burst","floor":23,"key":"SMITH"},{"floor":27,"key":"REST"},{"data":"Catalyst","floor":32,"key":"SMITH"},{"data":"hubris:SlightOfHand","floor":41,"key":"SMITH"},{"data":"Envenom","floor":44,"key":"SMITH"},{"data":"Strike_G","floor":49,"key":"PURGE"}],"circlet_count":0,"master_deck":["Defend_G","Defend_G","Defend_G+1","Defend_G","Defend_G+1","Survivor","Neutralize","Catalyst+1","Bane","Dash","Flying Knee","Crippling Poison","Toxin Wave","Hidden Blade","Leg Sweep","Acrobatics","Replay:Poison Smokescreen+1","Burst+1","Escape Plan","hubris:SlightOfHand+1","Envenom+1","Fluid Movement+1","ReplayTheSpireMod:Speed Training","All Out Attack","Draining Mist","Prepared+1","Blade Dance","Underhanded Strike+1","Deadly Poison+1","Replay:Fractal Strike","Poisoned Stab"],"relics":["Ring of the Snake","NeowsBlessing","infinitespire:EmpoweringShard","White Beast Statue","Incense Burner","infinitespire:Beetle Shell","Mirror","Pet Ghost","SacredBark","ReplayTheSpireMod:Shallot","reliquary:TuningFork","Regal Pillow","hubris:DeckOfHolding","Letter Opener","Runic Pyramid","reliquary:RadioactivePellet","hubris:SlimyHat","Pantograph","Replay:Baseball","hubris:ToyBattleship","Shuriken","Painkiller Herb"],"acts_visited":["Exordium","TheCity","TheBeyond"],"potions_floor_usage":[13,16,20,24,25,31,33,33,33,38,38,50,50,50],"damage_taken":[{"damage":0,"enemies":"Jaw Worm","floor":1,"turns":1},{"damage":0,"enemies":"3 Sentries","floor":6,"turns":1},{"damage":0,"enemies":"2 Louse","floor":8,"turns":1},{"damage":2,"enemies":"Small Slimes","floor":10,"turns":3},{"damage":17,"enemies":"Lagavulin","floor":11,"turns":6},{"damage":0,"enemies":"Exordium Wildlife","floor":12,"turns":2},{"damage":5,"enemies":"3 Sentries","floor":13,"turns":9},{"damage":1,"enemies":"Large Slime","floor":14,"turns":7},{"damage":7,"enemies":"Hexaghost","floor":16,"turns":16},{"damage":5,"enemies":"Shell Parasite","floor":18,"turns":10},{"damage":0,"enemies":"Spheric Guardian","floor":20,"turns":7},{"damage":9,"enemies":"Gremlin Leader","floor":24,"turns":6},{"damage":7,"enemies":"Centurion and Healer","floor":25,"turns":6},{"damage":3,"enemies":"Snake Plant","floor":28,"turns":6},{"damage":0,"enemies":"Replay:Snechameleon","floor":29,"turns":4},{"damage":3,"enemies":"Cultist and Chosen","floor":30,"turns":5},{"damage":5,"enemies":"Gremlin Leader","floor":31,"turns":5},{"damage":56,"enemies":"Automaton","floor":33,"turns":7},{"damage":0,"enemies":"3 Shapes","floor":35,"turns":4},{"damage":0,"enemies":"Orb Walker","floor":37,"turns":4},{"damage":2,"enemies":"Transient","floor":38,"turns":5},{"damage":1,"enemies":"Nemesis","floor":40,"turns":5},{"damage":0,"enemies":"R_Hoarder","floor":42,"turns":6},{"damage":26,"enemies":"Giant Head","floor":45,"turns":7},{"damage":6,"enemies":"Maw","floor":46,"turns":5},{"damage":18,"enemies":"Spire Growth","floor":48,"turns":4},{"damage":46,"enemies":"Time Eater","floor":50,"turns":10}],"seed_played":"-7009387588239459497","potions_obtained":[{"floor":6,"key":"blueLaboratory:PolymorphPotion"},{"floor":8,"key":"Weak Potion"},{"floor":10,"key":"Block Potion"},{"floor":11,"key":"Dexterity Potion"},{"floor":13,"key":"blueLaboratory:StoneskinPotion"},{"floor":16,"key":"FearPotion"},{"floor":18,"key":"blueLaboratory:BottleOfVodka"},{"floor":20,"key":"Energy Potion"},{"floor":24,"key":"Poison Potion"},{"floor":25,"key":"Milkshake"},{"floor":28,"key":"PowerPotion"},{"floor":29,"key":"Swift Potion"},{"floor":30,"key":"blueLaboratory:BlinkPotion"},{"floor":31,"key":"blueLaboratory:FruitPunch"},{"floor":33,"key":"Toxic Potion"},{"floor":35,"key":"Explosive Potion"},{"floor":37,"key":"Fire Potion"},{"floor":38,"key":"blueLaboratory:StoneskinPotion"},{"floor":40,"key":"EssenceOfSteel"},{"floor":42,"key":"Dexterity Potion"},{"floor":48,"key":"Regen Potion"}],"is_trial":false,"path_per_floor":["M","$","?","?","T","E","$","M","T","M","E","M","E","M","R_BF","B",null,"M","$","M","?","?","R","E","M","T","R","M","E","M","E","R","B",null,"M","$","M","M","$","E","R","E","T","R","E","M","AVR","?","R_BF","B",null],"character_chosen":"THE_SILENT","items_purchased":["Bane","ReplayTheSpireMod:Shallot","reliquary:RadioactivePellet","ReplayTheSpireMod:Speed Training","Draining Mist"],"campfire_rested":1,"item_purchase_floors":[2,19,36,36,39],"current_hp_per_floor":[70,70,42,42,42,42,42,42,42,40,23,23,18,17,17,10,70,65,65,65,65,65,65,56,49,49,70,67,67,64,59,59,7,74,74,74,74,72,72,71,71,71,71,71,45,39,39,21,21,52],"gold":218,"neow_bonus":"THREE_ENEMY_KILL","is_daily":false,"chose_seed":false,"campfire_upgraded":5,"win_rate":0.0,"timestamp":1613284938,"path_taken":["M","$","?","?","?","E","?","M","T","M","E","M","E","?","R_BF","BOSS","M","$","M","?","?","R","E","M","T","R","M","E","M","E","R","BOSS","M","$","M","?","?","E","R","E","T","R","E","M","AVR","?","R_BF","BOSS"],"items_purchased_type":["Card","Relic","Relic","Card","Card"],"build_version":"2020-12-22","purchased_purges":3,"victory":true,"max_hp_per_floor":[70,70,70,70,70,70,70,70,70,70,70,70,70,70,70,70,70,70,70,70,70,70,70,70,70,70,70,70,70,70,70,70,74,74,74,74,74,74,74,74,74,74,74,74,74,74,74,74,74,74],"relic_stats":{"Regal Pillow":0,"counters":[27,152],"Shuriken":[5],"Pantograph":25,"Letter Opener":[177],"obtain_stats":[{"Regal Pillow":26,"NeowsBlessing":0,"SacredBark":17,"Painkiller Herb":47,"infinitespire:Beetle Shell":9,"Incense Burner":6,"hubris:SlimyHat":40,"Letter Opener":31,"White Beast Statue":5,"Pet Ghost":13,"Replay:Baseball":43,"ReplayTheSpireMod:Shallot":19,"Shuriken":47,"Pantograph":42,"hubris:DeckOfHolding":29,"infinitespire:EmpoweringShard":3,"reliquary:TuningFork":24,"hubris:ToyBattleship":45,"reliquary:RadioactivePellet":36,"Mirror":11,"Ring of the Snake":0,"Runic Pyramid":34},{"Regal Pillow":13,"NeowsBlessing":0,"SacredBark":9,"Painkiller Herb":25,"infinitespire:Beetle Shell":3,"Incense Burner":2,"hubris:SlimyHat":22,"Letter Opener":17,"White Beast Statue":1,"Pet Ghost":7,"Replay:Baseball":23,"ReplayTheSpireMod:Shallot":10,"Shuriken":25,"Pantograph":23,"hubris:DeckOfHolding":15,"infinitespire:EmpoweringShard":1,"reliquary:TuningFork":12,"hubris:ToyBattleship":24,"reliquary:RadioactivePellet":19,"Mirror":5,"Ring of the Snake":0,"Runic Pyramid":18},{"Regal Pillow":75,"NeowsBlessing":0,"SacredBark":46,"Painkiller Herb":138,"infinitespire:Beetle Shell":3,"Incense Burner":2,"hubris:SlimyHat":120,"Letter Opener":95,"White Beast Statue":1,"Pet Ghost":23,"Replay:Baseball":126,"ReplayTheSpireMod:Shallot":56,"Shuriken":138,"Pantograph":126,"hubris:DeckOfHolding":85,"infinitespire:EmpoweringShard":1,"reliquary:TuningFork":69,"hubris:ToyBattleship":133,"reliquary:RadioactivePellet":106,"Mirror":12,"Ring of the Snake":0,"Runic Pyramid":102}],"Ring of the Snake":[54]},"card_choices":[{"not_picked":["Outmaneuver","hubris:TrickCloak"],"picked":"Catalyst","floor":1},{"not_picked":["Dagger Spray","Acrobatics"],"picked":"Dash","floor":3},{"not_picked":["Deflect","Dodge and Roll"],"picked":"Flying Knee","floor":3},{"not_picked":["Sucker Punch","hubris:TrickCloak"],"picked":"Crippling Poison","floor":6},{"not_picked":["Crippling Poison","hubris:SlightOfHand"],"picked":"Toxin Wave","floor":8},{"not_picked":["ReplayTheSpireMod:The Works","Unload","Dagger Spray"],"picked":"SKIP","floor":10},{"not_picked":["Underhanded Strike","Infinite Blades"],"picked":"Hidden Blade","floor":11},{"not_picked":["Cloak And Dagger","Prepared"],"picked":"Leg Sweep","floor":12},{"not_picked":["ReplayTheSpireMod:The Works","Endless Agony"],"picked":"Acrobatics","floor":13},{"not_picked":["Blade Dance","Predator"],"picked":"Replay:Poison Smokescreen","floor":14},{"not_picked":["Atom Bomb","Adrenaline"],"picked":"Burst","floor":16},{"not_picked":["Skewer","Outmaneuver","Blade Dance"],"picked":"SKIP","floor":18},{"not_picked":["Toxin Wave","Skewer+1","hubris:SlightOfHand"],"picked":"SKIP","floor":20},{"not_picked":["Infinite Blades","Slice","Flying Knee"],"picked":"SKIP","floor":24},{"not_picked":["Wraith Form v2","Fluid Movement"],"picked":"Escape Plan","floor":25},{"not_picked":["PiercingWail","ReplayTheSpireMod:Exploit Weakness"],"picked":"hubris:SlightOfHand","floor":28},{"not_picked":["Blade Dance","Slice","hubris:Sniper"],"picked":"SKIP","floor":29},{"not_picked":["Fluid Movement+1","Dagger Spray","Acrobatics"],"picked":"SKIP","floor":30},{"not_picked":["Dash","Sucker Punch","hubris:SlightOfHand"],"picked":"SKIP","floor":31},{"not_picked":["Unload","Glass Knife"],"picked":"Envenom","floor":33},{"not_picked":["Sneak Up","Blade Dance+1"],"picked":"Fluid Movement+1","floor":35},{"not_picked":["Caltrops","Slice","hubris:TrickCloak"],"picked":"SKIP","floor":37},{"not_picked":["Dodge and Roll","Backflip+1"],"picked":"All Out Attack","floor":38},{"not_picked":["Leg Sweep+1","infinitespire:Neurotoxin"],"picked":"Prepared+1","floor":40},{"not_picked":["Backflip","Distraction"],"picked":"Blade Dance","floor":42},{"not_picked":["Deflect","Outmaneuver"],"picked":"Underhanded Strike+1","floor":45},{"not_picked":["Caltrops","Deflect"],"picked":"Deadly Poison+1","floor":46},{"not_picked":["Flying Knee+1","Backstab+1"],"picked":"Poisoned Stab","floor":48}],"player_experience":348907,"relics_obtained":[{"floor":3,"key":"infinitespire:EmpoweringShard"},{"floor":5,"key":"White Beast Statue"},{"floor":6,"key":"Incense Burner"},{"floor":9,"key":"infinitespire:Beetle Shell"},{"floor":11,"key":"Mirror"},{"floor":13,"key":"Pet Ghost"},{"floor":24,"key":"reliquary:TuningFork"},{"floor":26,"key":"Regal Pillow"},{"floor":29,"key":"hubris:DeckOfHolding"},{"floor":31,"key":"Letter Opener"},{"floor":40,"key":"hubris:SlimyHat"},{"floor":42,"key":"Pantograph"},{"floor":43,"key":"Replay:Baseball"},{"floor":45,"key":"hubris:ToyBattleship"}],"event_choices":[{"damage_healed":0,"gold_gain":99,"player_choice":"Stole From Cult","damage_taken":0,"max_hp_gain":0,"max_hp_loss":0,"event_name":"Nest","floor":21,"gold_loss":0},{"cards_removed":["Strike_G"],"damage_healed":0,"gold_gain":0,"player_choice":"Upgrade and Remove","damage_taken":0,"max_hp_gain":0,"max_hp_loss":0,"event_name":"Designer","floor":22,"gold_loss":90,"cards_upgraded":["Defend_G"]}],"is_beta":false,"boss_relics":[{"not_picked":["ReplayTheSpireMod:DimensionalGlitch","reliquary:KinkedSpring"],"picked":"SacredBark"},{"not_picked":["Snecko Scales","Ring of Chaos"],"picked":"Runic Pyramid"}],"items_purged_floors":[7,36,47],"is_endless":false,"potions_floor_spawned":[6,8,10,11,12,13,14,16,18,20,24,25,28,29,30,31,33,35,37,38,40,42,45,46,48],"ascension_level":3}}