{"host":"8anmd7ibyxevnonj","time":1613331017,"event":{"mods":["BaseMod","Curses Come First","Downfall","Minty Spire (QoL Compilation)","Reliquary","StSLib"],"gold_per_floor":[99,114,114,114,132,142,217,231,247,275,275,306,306,317,332,332,332,332],"floor_reached":16,"language":"ENG","playtime":972,"items_purged":[],"score":114,"play_id":"f6fa4f16-002c-41f0-be28-d2f960773fcf","local_time":"20210214203017","is_ascension_mode":false,"campfire_choices":[{"data":"champ:Execute","floor":1,"key":"SMITH"},{"data":"champ:StrikeOfGenius","floor":11,"key":"SMITH"},{"data":"champ:FlashCut","floor":13,"key":"SMITH"}],"circlet_count":0,"master_deck":["champ:Strike","champ:Strike","champ:Strike","champ:Strike","champ:Defend","champ:Defend","champ:Defend+1","champ:Defend","champ:Execute+1","champ:Taunt+1","champ:DancingMaster","champ:CrownThrow","champ:SetATrap","champ:FlashCut+1","champ:Backstep","champ:EnGarde","champ:StrikeOfGenius+1","champ:GutPunch","champ:Haymaker","champ:Backstep"],"relics":["champ:ChampionCrown","downfall:ShatteredFragment","HornCleat","reliquary:IridiumChain","War Paint","Meat on the Bone"],"acts_visited":["Exordium"],"potions_floor_usage":[10,16],"damage_taken":[{"damage":22,"enemies":"Small Slimes","floor":2,"turns":5},{"damage":2,"enemies":"2 Louse","floor":5,"turns":2},{"damage":10,"enemies":"Cultist","floor":6,"turns":3},{"damage":7,"enemies":"Large Slime","floor":8,"turns":6},{"damage":0,"enemies":"Blue Slaver","floor":9,"turns":2},{"damage":17,"enemies":"3 Sentries","floor":10,"turns":6},{"damage":16,"enemies":"Gremlin Nob","floor":12,"turns":4},{"damage":4,"enemies":"Red Slaver","floor":14,"turns":2},{"damage":5,"enemies":"Blue Slaver","floor":15,"turns":3},{"damage":92,"enemies":"SI_SHIV_ARCHETYPE","floor":16,"turns":10}],"seed_played":"6315945856514423773","potions_obtained":[{"floor":6,"key":"SneckoOil"},{"floor":8,"key":"PowerPotion"},{"floor":12,"key":"SpeedPotion"},{"floor":15,"key":"SpeedPotion"}],"is_trial":false,"path_per_floor":["R","M","?","?","M","M","T","M","M","E","R","E","R","M","M","B"],"character_chosen":"THE_CHAMP","items_purchased":[],"campfire_rested":0,"item_purchase_floors":[],"current_hp_per_floor":[90,88,61,61,59,59,59,52,52,45,45,39,39,47,59,0,0,0],"gold":332,"neow_bonus":"ONE_RANDOM_RARE_CARD","is_daily":false,"chose_seed":false,"campfire_upgraded":3,"win_rate":0.0,"timestamp":1613331017,"path_taken":["R","M","?","?","M","M","T","M","M","E","R","E","R","M","M","BOSS"],"items_purchased_type":[],"build_version":"2020-12-13","purchased_purges":0,"victory":false,"max_hp_per_floor":[90,90,90,90,90,90,90,90,90,90,90,90,90,90,90,90,90,90],"card_choices":[{"not_picked":["champ:HeartStrike","champ:RecklessLeap"],"picked":"champ:CrownThrow","floor":2},{"not_picked":["champ:CrownThrow","champ:AdrenalArmor"],"picked":"champ:SetATrap","floor":5},{"not_picked":["champ:CrownThrow","champ:Shatter"],"picked":"champ:FlashCut","floor":6},{"not_picked":["champ:TornadoPunch","champ:Encircle"],"picked":"champ:Backstep","floor":8},{"not_picked":["champ:TornadoPunch","champ:RecklessLeap"],"picked":"champ:EnGarde","floor":9},{"not_picked":["champ:FanOfKnives","champ:SkillfulDodge"],"picked":"champ:StrikeOfGenius","floor":10},{"not_picked":["champ:EnragedBash","champ:Encircle"],"picked":"champ:GutPunch","floor":12},{"not_picked":["champ:BerserkersShout","champ:AdrenalArmor"],"picked":"champ:Haymaker","floor":14},{"not_picked":["champ:Shatter","champ:RecklessLeap"],"picked":"champ:Backstep","floor":15}],"player_experience":133345,"relics_obtained":[{"floor":7,"key":"reliquary:IridiumChain"},{"floor":10,"key":"War Paint"},{"floor":12,"key":"Meat on the Bone"}],"event_choices":[],"is_beta":false,"boss_relics":[],"items_purged_floors":[],"is_endless":false,"potions_floor_spawned":[6,8,12,15],"killed_by":"SI_SHIV_ARCHETYPE","ascension_level":0}}