{"host":"za1qviwhp34x909e","time":1613279928,"event":{"mods":["Act Like it!","BaseMod","Colored Map","Colored Powertips","Downfall","Hermit","Highlight Path","Hubris","Koishi","Marisa????????","Minty Spire (QoL Compilation)","Quick Restart","Reimu??????","Remilia??????","Replay The Spire","StSLib","The Cursed","The Disciple","The Hierophant","The Mystic","The Necromancer","The Runesmith","The Servant 0.9.4","The Wild Card"],"gold_per_floor":[117,117,136,152,152,152,184,184,184,212,226,226,246,20,20,122,122,138,38,55,14,31,31,44,44,44],"floor_reached":25,"language":"ENG","playtime":2283,"items_purged":["Voices","Strike_S"],"score":263,"play_id":"f5bfc54b-f304-46be-ad4a-7176c1d26672","local_time":"20210213231848","is_ascension_mode":false,"campfire_choices":[{"data":"Defy","floor":6,"key":"SMITH"},{"data":"BestPractice","floor":8,"key":"SMITH"},{"data":"hubris:DuctTapeCard","floor":15,"key":"SMITH"},{"floor":23,"key":"REST"}],"circlet_count":0,"master_deck":["Strike_S","Strike_S","Strike_S","Defend_S","Defend_S","Defend_S","Defend_S","KidneyShot","Exchange","Unruled","Defy+1","Potential","ReturningBlade","Advance","hubris:DuctTapeCard+2","DoubleEdge+1","TrueSight","Barrier","Alleviate+1","InstantArmor","Luminosity","Spin"],"relics":["SplendidAttire","hubris:Towel","ReplayTheSpireMod:Ring of Addiction","Chameleon Ring","Pantograph","Replay:Ringing Soul","Counterbalance","Bag of Marbles","ReplayTheSpireMod:CursedCoin","hubris:DuctTape","Replay:Grab Bag","bronze:MakeshiftBattery","MysterySword"],"acts_visited":["Exordium","TheCity"],"potions_floor_usage":[7,10,16,16,22,24],"damage_taken":[{"damage":2,"enemies":"Cultist","floor":1,"turns":6},{"damage":0,"enemies":"Small Slimes","floor":3,"turns":3},{"damage":3,"enemies":"Jaw Worm","floor":4,"turns":4},{"damage":18,"enemies":"3 Sentries","floor":7,"turns":5},{"damage":17,"enemies":"Lagavulin","floor":10,"turns":7},{"damage":5,"enemies":"Red Slaver","floor":11,"turns":4},{"damage":8,"enemies":"Exordium Thugs","floor":13,"turns":5},{"damage":9,"enemies":"Hexaghost","floor":16,"turns":6},{"damage":37,"enemies":"2 Thieves","floor":18,"turns":3},{"damage":33,"enemies":"3 Byrds","floor":20,"turns":6},{"damage":0,"enemies":"Snecko","floor":22,"turns":4},{"damage":12,"enemies":"Cultist and Chosen","floor":24,"turns":10},{"damage":52,"enemies":"Gremlin Leader","floor":25,"turns":8}],"seed_played":"6642144482530993481","potions_obtained":[{"floor":1,"key":"champ:CounterPotion"},{"floor":5,"key":"AttackPotion"},{"floor":5,"key":"Swift Potion"},{"floor":7,"key":"Milkshake"},{"floor":11,"key":"Swift Potion"},{"floor":18,"key":"Swift Potion"},{"floor":24,"key":"Fire Potion"}],"is_trial":false,"path_per_floor":["M","?","M","M","?","R","E","R","T","E","M","T","M","$","R","B",null,"M","$","M","$","M","R","M","E"],"character_chosen":"THE_SERVANT","items_purchased":["ReplayTheSpireMod:CursedCoin","hubris:DuctTape","DoubleEdge+1","InstantArmor"],"campfire_rested":1,"item_purchase_floors":[14,14,14,21],"current_hp_per_floor":[69,69,69,66,66,66,48,48,48,34,32,32,27,30,30,49,84,51,51,21,24,27,55,48,0,0],"gold":44,"neow_bonus":"TEN_PERCENT_HP_BONUS","is_daily":false,"chose_seed":false,"campfire_upgraded":3,"win_rate":0.0,"timestamp":1613279928,"path_taken":["M","?","M","M","?","R","E","R","T","E","M","?","M","$","R","BOSS","M","$","M","$","M","R","M","E"],"items_purchased_type":["Relic","Relic","Card","Card"],"build_version":"2020-12-22","purchased_purges":2,"victory":false,"max_hp_per_floor":[71,71,71,71,71,71,71,71,71,74,77,77,80,81,81,84,84,87,87,88,91,94,94,97,97,97],"card_choices":[{"not_picked":["MoonPhase","Defy"],"picked":"Unruled","floor":1},{"not_picked":["Revamp","Manipulate"],"picked":"Defy","floor":3},{"not_picked":["MoonPhase","Sabotage"],"picked":"Potential","floor":4},{"not_picked":["Rewind","Hightail"],"picked":"BestPractice","floor":7},{"not_picked":["SilverBlades","Unruled"],"picked":"ReturningBlade","floor":10},{"not_picked":["FanOfKnives","DualDimension"],"picked":"Rearm","floor":11},{"not_picked":["DualDimension","ShiftingGears"],"picked":"Advance","floor":13},{"not_picked":["Initiator","FloweringNight"],"picked":"TrueSight","floor":16},{"not_picked":["Alleviate","SilverBlades+1"],"picked":"Barrier","floor":18},{"not_picked":["Spin+1","Foresight"],"picked":"Alleviate+1","floor":20},{"not_picked":["Ricochet","Shuttle"],"picked":"Luminosity","floor":22},{"not_picked":["Manipulate","Hightail"],"picked":"Spin","floor":24}],"player_experience":709538,"relics_obtained":[{"floor":5,"key":"ReplayTheSpireMod:Ring of Addiction"},{"floor":5,"key":"Chameleon Ring"},{"floor":7,"key":"Pantograph"},{"floor":9,"key":"Replay:Ringing Soul"},{"floor":10,"key":"Counterbalance"},{"floor":12,"key":"Bag of Marbles"}],"event_choices":[],"is_beta":false,"boss_relics":[{"not_picked":["Tiny House","Replay:Bronze Core"],"picked":"Replay:Grab Bag"},{"not_picked":["ChewingGum","Velvet Choker"],"picked":"bronze:MakeshiftBattery"},{"not_picked":["Fusion Hammer","hubris:VirtuousBlindfold"],"picked":"MysterySword"},{"not_picked":["StoneMask","hubris:Backtick"],"picked":"SplendidAttire"}],"items_purged_floors":[14,19],"is_endless":false,"potions_floor_spawned":[1,7,11,18,24],"killed_by":"Gremlin Leader","ascension_level":0}}