{"host":"d52brwsy6af8zvaq","time":1613329460,"event":{"mods":["AchievementEnabler","BaseMod","Bestiary","Highlight Path","Minty Spire (QoL Compilation)","Quick Restart","Relic Stats","ojb\u0027s Better Paths Mod"],"gold_per_floor":[218,238,113,126,96,96,131,131,207,227,192,192,225,243,243,320,320,330,130,148,63,63,97,117,145,198,217,217,217,217,217,217,296,296,314,314,31,0,12,12,37,37,37,67,67,86,86,113,113,113,113,113],"floor_reached":51,"language":"ENG","playtime":3202,"items_purged":["Strike_B","Strike_B","Strike_B"],"score":1658,"play_id":"ff296cbd-c25b-46a3-8b19-995952890a75","local_time":"20210214120420","is_ascension_mode":true,"campfire_choices":[{"data":"Melter","floor":6.0,"key":"SMITH"},{"data":"Defragment","floor":8.0,"key":"SMITH"},{"data":"Hologram","floor":15.0,"key":"SMITH"},{"data":"Echo Form","floor":29.0,"key":"SMITH"},{"data":"Buffer","floor":32.0,"key":"SMITH"},{"floor":40.0,"key":"RECALL"},{"data":"Loop","floor":42.0,"key":"SMITH"},{"data":"Barrage","floor":45.0,"key":"SMITH"},{"data":"Capacitor","floor":49.0,"key":"SMITH"}],"circlet_count":0,"master_deck":["AscendersBane","Defend_B","Defend_B","Zap+1","Dualcast","Melter+1","Ball Lightning","Compile Driver","Self Repair","Defragment+1","Chill","Hologram+1","Stack","Core Surge","Leap","PanicButton","Cold Snap+1","Sunder","Capacitor+1","Echo Form+1","Genetic Algorithm","Buffer+1","Echo Form","Flash of Steel","Panacea","Loop+1","Double Energy+1","Force Field","Writhe","Barrage+1","Barrage+1","White Noise+1"],"relics":["Cracked Core","Juzu Bracelet","StrikeDummy","Anchor","Cursed Key","Vajra","Blue Candle","Strawberry","Happy Flower","SlaversCollar","Red Mask","Gremlin Horn","Incense Burner","Omamori"],"acts_visited":["Exordium","TheCity","TheBeyond"],"potions_floor_usage":[51],"damage_taken":[{"damage":1.0,"enemies":"Cultist","floor":1.0,"turns":3.0},{"damage":9.0,"enemies":"Jaw Worm","floor":2.0,"turns":4.0},{"damage":0.0,"enemies":"2 Louse","floor":4.0,"turns":2.0},{"damage":22.0,"enemies":"Lagavulin","floor":7.0,"turns":8.0},{"damage":9.0,"enemies":"Red Slaver","floor":10.0,"turns":3.0},{"damage":31.0,"enemies":"3 Sentries","floor":13.0,"turns":7.0},{"damage":0.0,"enemies":"Blue Slaver","floor":14.0,"turns":3.0},{"damage":14.0,"enemies":"Slime Boss","floor":16.0,"turns":9.0},{"damage":0.0,"enemies":"3 Byrds","floor":18.0,"turns":4.0},{"damage":13.0,"enemies":"Spheric Guardian","floor":20.0,"turns":4.0},{"damage":29.0,"enemies":"Book of Stabbing","floor":23.0,"turns":6.0},{"damage":6.0,"enemies":"Snecko","floor":24.0,"turns":7.0},{"damage":18.0,"enemies":"Gremlin Leader","floor":25.0,"turns":6.0},{"damage":17.0,"enemies":"3 Cultists","floor":27.0,"turns":6.0},{"damage":0.0,"enemies":"Collector","floor":33.0,"turns":10.0},{"damage":1.0,"enemies":"3 Shapes","floor":35.0,"turns":7.0},{"damage":0.0,"enemies":"3 Darklings","floor":39.0,"turns":6.0},{"damage":5.0,"enemies":"Nemesis","floor":41.0,"turns":9.0},{"damage":0.0,"enemies":"Giant Head","floor":44.0,"turns":10.0},{"damage":18.0,"enemies":"Sphere and 2 Shapes","floor":46.0,"turns":10.0},{"damage":0.0,"enemies":"Reptomancer","floor":48.0,"turns":10.0},{"damage":71.0,"enemies":"Time Eater","floor":50.0,"turns":11.0},{"damage":39,"enemies":"Awakened One","floor":51,"turns":3}],"seed_played":"-8764309078981929159","potions_obtained":[{"floor":1.0,"key":"PowerPotion"},{"floor":5.0,"key":"Block Potion"},{"floor":5.0,"key":"DuplicationPotion"},{"floor":7.0,"key":"Swift Potion"},{"floor":16.0,"key":"Ancient Potion"},{"floor":23.0,"key":"FocusPotion"},{"floor":25.0,"key":"AttackPotion"},{"floor":27.0,"key":"Strength Potion"}],"is_trial":false,"path_per_floor":["M","M","$","M","?","R","E","R","T","M","?","?","E","M","R","B",null,"M","$","M","?","?","E","M","E","T","M","?","R","?","?","R","B",null,"M","?","$","?","M","R","E","R","T","E","R","M","$","E","R","B","B"],"character_chosen":"DEFECT","items_purchased":["Compile Driver","PanicButton","Loop","Regen Potion"],"campfire_rested":0,"item_purchase_floors":[3,19,37,37],"current_hp_per_floor":[63,54,54,54,54,54,39,39,39,37,54,54,30,37,37,30,61,68,68,62,62,62,40,48,44,44,34,34,34,34,34,34,41,69,75,70,70,70,77,77,78,78,78,78,78,74,74,78,78,36,0,0],"gold":113,"neow_bonus":"HUNDRED_GOLD","is_daily":false,"chose_seed":false,"campfire_upgraded":8,"win_rate":0.0,"timestamp":1613329460,"path_taken":["M","?","$","M","?","R","E","R","T","M","?","?","E","M","R","BOSS","M","$","M","?","?","E","M","E","T","M","?","R","?","?","R","BOSS","M","?","$","?","M","R","E","R","T","E","R","M","?","E","R","BOSS","BOSS"],"items_purchased_type":["Card","Card","Card","Potion"],"build_version":"2020-12-22","purchased_purges":3,"victory":false,"max_hp_per_floor":[71,71,71,71,71,71,71,71,71,71,71,71,71,71,71,71,71,71,71,71,71,71,71,71,78,78,78,78,78,78,78,78,78,78,78,78,78,78,78,78,78,78,78,78,78,78,78,78,78,78,78,78],"relic_stats":{"Happy Flower":[27],"Gremlin Horn":[11,11],"counters":[23,148],"Blue Candle":[1],"Juzu Bracelet":2,"Cursed Key":2,"obtain_stats":[{"Happy Flower":26,"Gremlin Horn":41,"Blue Candle":23,"Vajra":21,"Juzu Bracelet":7,"Incense Burner":44,"Omamori":48,"Cursed Key":17,"SlaversCollar":34,"Anchor":13,"Strawberry":25,"Red Mask":38,"Cracked Core":0,"StrikeDummy":9},{"Happy Flower":13,"Gremlin Horn":18,"Blue Candle":11,"Vajra":10,"Juzu Bracelet":4,"Incense Burner":19,"Omamori":21,"Cursed Key":8,"SlaversCollar":15,"Anchor":6,"Strawberry":13,"Red Mask":16,"Cracked Core":0,"StrikeDummy":4},{"Happy Flower":66,"Gremlin Horn":104,"Blue Candle":53,"Vajra":47,"Juzu Bracelet":17,"Incense Burner":114,"Omamori":134,"Cursed Key":39,"SlaversCollar":82,"Anchor":27,"Strawberry":66,"Red Mask":89,"Cracked Core":0,"StrikeDummy":17}]},"card_choices":[{"not_picked":["Steam","Beam Cell"],"picked":"Melter","floor":1.0},{"not_picked":["Storm","Go for the Eyes"],"picked":"Ball Lightning","floor":2.0},{"not_picked":["Barrage","Steam"],"picked":"Self Repair","floor":4.0},{"not_picked":["Ball Lightning","Scrape"],"picked":"Defragment","floor":7.0},{"not_picked":["Ball Lightning","Darkness"],"picked":"Chill","floor":10.0},{"not_picked":["Reprogram","Go for the Eyes"],"picked":"Hologram","floor":13.0},{"not_picked":["Sweeping Beam","Gash"],"picked":"Stack","floor":14.0},{"not_picked":["Machine Learning","Hyperbeam"],"picked":"Core Surge","floor":16.0},{"not_picked":["Hologram","Sweeping Beam"],"picked":"Leap","floor":18.0},{"not_picked":["Auto Shields","Genetic Algorithm"],"picked":"Cold Snap+1","floor":20.0},{"not_picked":["Streamline","Coolheaded+1"],"picked":"Echo Form","floor":23.0},{"not_picked":["Redo","Compile Driver"],"picked":"Genetic Algorithm","floor":24.0},{"not_picked":["Blizzard","Consume","Turbo"],"picked":"SKIP","floor":25.0},{"not_picked":["Streamline","Leap","Blizzard"],"picked":"SKIP","floor":27.0},{"not_picked":["Rainbow","Hyperbeam"],"picked":"Echo Form","floor":33.0},{"not_picked":["Go for the Eyes","Sweeping Beam","Hello World"],"picked":"SKIP","floor":35.0},{"not_picked":["Forethought","Purity"],"picked":"Flash of Steel","floor":36.0},{"not_picked":["Dramatic Entrance","Purity"],"picked":"Panacea","floor":36.0},{"not_picked":["Hello World","Gash"],"picked":"Double Energy+1","floor":39.0},{"not_picked":["Rebound","Genetic Algorithm"],"picked":"Force Field","floor":41.0},{"not_picked":["Self Repair","Sweeping Beam"],"picked":"Barrage","floor":44.0},{"not_picked":["Sweeping Beam","Echo Form"],"picked":"Barrage+1","floor":46.0},{"not_picked":["Compile Driver","Sweeping Beam+1"],"picked":"White Noise+1","floor":48.0}],"player_experience":2261916,"relics_obtained":[{"floor":7.0,"key":"Juzu Bracelet"},{"floor":9.0,"key":"StrikeDummy"},{"floor":13.0,"key":"Anchor"},{"floor":23.0,"key":"Blue Candle"},{"floor":25.0,"key":"Strawberry"},{"floor":26.0,"key":"Happy Flower"},{"floor":41.0,"key":"Gremlin Horn"},{"floor":44.0,"key":"Incense Burner"},{"floor":48.0,"key":"Omamori"}],"event_choices":[{"damage_healed":0.0,"max_hp_gain":0.0,"max_hp_loss":0.0,"gold_gain":0.0,"event_name":"The Woman in Blue","player_choice":"Bought 2 Potions","floor":5.0,"gold_loss":0.0,"damage_taken":0.0},{"damage_healed":17.0,"max_hp_gain":0.0,"max_hp_loss":0.0,"gold_gain":0.0,"event_name":"The Cleric","player_choice":"Healed","floor":11.0,"gold_loss":35.0,"damage_taken":0.0},{"damage_healed":0.0,"max_hp_gain":0.0,"max_hp_loss":0.0,"gold_gain":0.0,"event_name":"Accursed Blacksmith","player_choice":"Forge","floor":12.0,"gold_loss":0.0,"damage_taken":0.0,"cards_upgraded":["Zap"]},{"damage_healed":0.0,"max_hp_gain":0.0,"max_hp_loss":0.0,"gold_gain":0.0,"event_name":"Addict","player_choice":"Obtained Relic","floor":21.0,"gold_loss":85.0,"damage_taken":0.0,"relics_obtained":["Vajra"]},{"damage_healed":0.0,"max_hp_gain":0.0,"max_hp_loss":0.0,"gold_gain":0.0,"cards_transformed":["Defend_B","Defend_B"],"event_name":"Drug Dealer","player_choice":"Became Test Subject","floor":22.0,"gold_loss":0.0,"damage_taken":0.0,"cards_obtained":["Sunder","Capacitor"]},{"cards_removed":["Doubt"],"damage_healed":0.0,"max_hp_gain":0.0,"max_hp_loss":0.0,"gold_gain":0.0,"event_name":"Purifier","player_choice":"Purged","floor":28.0,"gold_loss":0.0,"damage_taken":0.0},{"damage_healed":0.0,"max_hp_gain":0.0,"max_hp_loss":0.0,"gold_gain":0.0,"event_name":"The Library","player_choice":"Read","floor":30.0,"gold_loss":0.0,"damage_taken":0.0,"cards_obtained":["Buffer"]},{"cards_removed":["Strike_B"],"damage_healed":0.0,"max_hp_gain":0.0,"max_hp_loss":0.0,"gold_gain":0.0,"event_name":"Back to Basics","player_choice":"Elegance","floor":31.0,"gold_loss":0.0,"damage_taken":0.0},{"damage_healed":0.0,"max_hp_gain":0.0,"max_hp_loss":0.0,"gold_gain":0.0,"event_name":"SensoryStone","player_choice":"Memory 2","floor":36.0,"gold_loss":0.0,"damage_taken":5.0},{"damage_healed":0.0,"max_hp_gain":0.0,"max_hp_loss":0.0,"gold_gain":0.0,"event_name":"Tomb of Lord Red Mask","player_choice":"Paid","floor":38.0,"gold_loss":31.0,"damage_taken":0.0,"relics_obtained":["Red Mask"]}],"is_beta":false,"boss_relics":[{"not_picked":["Velvet Choker","Snecko Eye"],"picked":"Cursed Key"},{"not_picked":["Fusion Hammer","Tiny House"],"picked":"SlaversCollar"}],"items_purged_floors":[3,19,37],"is_endless":false,"potions_floor_spawned":[1,7,16,23,25,27,39,41,48],"killed_by":"Awakened One","ascension_level":20}}