{"host":"7t8rqoeeopyy0nh0","time":1613273195,"event":{"mods":["AchievementEnabler","Aspiration","BaseMod","Better Third Choice","BetterRewards","Colored Map","Colored Powertips","Conspire","Hubris","Minty Spire (QoL Compilation)","Permanent Neow","Quick Restart","Rare Cards Sparkle","Replay The Spire","StSLib"],"gold_per_floor":[114,132,152,172,172,172,198,163,163,190,59,73,73,128,128,202,202,216,226,226,226],"floor_reached":20,"language":"ENG","playtime":773,"items_purged":["Strike_R"],"score":568,"play_id":"0509aa23-9486-48d4-99cf-c6fbe9ec7697","local_time":"20210213222635","is_ascension_mode":true,"campfire_choices":[{"data":"Apotheosis","floor":6,"key":"SMITH"},{"data":"Inflame","floor":13,"key":"SMITH"},{"floor":15,"key":"REST"}],"circlet_count":0,"master_deck":["AscendersBane","Strike_R","Strike_R","Strike_R","Strike_R","Defend_R","Defend_R","Defend_R","Defend_R","Bash","Inflame+1","ReplayTheSpireMod:Stacked","ReplayTheSpireMod:Stacked","Sword Boomerang","Heavy Blade","Apotheosis+1","Replay:Many Hands","Feel No Pain","Whirlwind","Rupture","Battle Trance","Heavy Blade","Pummel","Dark Embrace","Iron Wave","Corruption","Thunderclap"],"relics":["Burning Blood","Matryoshka","hubris:CuriousFeather","hubris:ChampionShield","aspiration:Nostalgia","Replay:M_StaffOfTheSnake","Turnip","Replay:Ringing Soul","Replay:Kaleidoscope","Ancient Tea Set","hubris:Stopwatch"],"acts_visited":["Exordium","TheCity"],"potions_floor_usage":[4,10,16],"damage_taken":[{"damage":0,"enemies":"2 Louse","floor":1,"turns":2},{"damage":0,"enemies":"Jaw Worm","floor":2,"turns":4},{"damage":0,"enemies":"Cultist","floor":3,"turns":4},{"damage":11,"enemies":"Gremlin Gang","floor":4,"turns":3},{"damage":12,"enemies":"Lagavulin","floor":7,"turns":6},{"damage":30,"enemies":"Gremlin Nob","floor":10,"turns":4},{"damage":21,"enemies":"Exordium Thugs","floor":12,"turns":4},{"damage":46,"enemies":"Fading Forest","floor":16,"turns":13},{"damage":46,"enemies":"3 Byrds","floor":18,"turns":5},{"damage":0,"enemies":"Chosen","floor":19,"turns":4},{"damage":21,"enemies":"Shelled Parasite and Fungi","floor":20,"turns":4}],"seed_played":"-8057054346764017034","potions_obtained":[{"floor":1,"key":"Fire Potion"},{"floor":7,"key":"BloodPotion"},{"floor":12,"key":"Regen Potion"},{"floor":18,"key":"CultistPotion"}],"is_trial":false,"path_per_floor":["M","M","M","M","?","R","E","?","T","E","$","M","R","?","R","B",null,"M","M","M"],"character_chosen":"IRONCLAD","items_purchased":["Matryoshka","Inflame","ReplayTheSpireMod:Stacked","Sword Boomerang","hubris:ChampionShield","aspiration:Nostalgia","Heavy Blade","Apotheosis","Replay:Many Hands","Dark Embrace","Iron Wave"],"campfire_rested":1,"item_purchase_floors":[0,0,0,0,0,0,0,0,0,11,11],"current_hp_per_floor":[26,32,38,33,33,33,27,45,45,39,42,27,27,27,51,37,72,32,41,20,20],"gold":226,"neow_bonus":"","is_daily":false,"chose_seed":false,"campfire_upgraded":2,"win_rate":0.0,"timestamp":1613273195,"path_taken":["M","M","M","M","?","R","E","?","T","E","$","M","R","?","R","BOSS","M","M","M"],"items_purchased_type":["Relic","Card","Card","Card","Relic","Relic","Card","Card","Card","Card","Card"],"build_version":"2020-12-22","purchased_purges":1,"victory":false,"max_hp_per_floor":[75,75,75,75,75,75,75,75,75,78,81,81,81,81,81,84,84,84,87,87,87],"card_choices":[{"not_picked":["Flex","Havoc"],"picked":"Feel No Pain","floor":1},{"not_picked":["Headbutt","Dual Wield"],"picked":"Whirlwind","floor":2},{"not_picked":["Armaments","Wild Strike"],"picked":"Rupture","floor":3},{"not_picked":["Headbutt","Phantasmal Killer"],"picked":"Battle Trance","floor":4},{"not_picked":["Twin Strike","Carnage"],"picked":"Heavy Blade","floor":7},{"not_picked":["Seeing Red","Outmaneuver"],"picked":"Pummel","floor":10},{"not_picked":["Outmaneuver","Battle Trance","Armaments"],"picked":"SKIP","floor":12},{"not_picked":["hubris:StunningStrike","Impervious"],"picked":"Corruption","floor":16},{"not_picked":["Rampage","Battle Trance","ReplayTheSpireMod:Corrosion Curse"],"picked":"SKIP","floor":18},{"not_picked":["Armaments","Dual Wield"],"picked":"Thunderclap","floor":19}],"player_experience":410828,"relics_obtained":[{"floor":7,"key":"Turnip"},{"floor":9,"key":"Replay:Ringing Soul"},{"floor":9,"key":"Replay:Kaleidoscope"},{"floor":10,"key":"Ancient Tea Set"}],"event_choices":[{"damage_healed":0,"gold_gain":0,"player_choice":"Ignored","damage_taken":172,"max_hp_gain":0,"max_hp_loss":0,"event_name":"betterThird:BetterSerpent","floor":5,"gold_loss":0},{"damage_healed":18,"gold_gain":0,"player_choice":"Healed","damage_taken":0,"max_hp_gain":0,"max_hp_loss":0,"event_name":"The Cleric","floor":8,"gold_loss":35},{"damage_healed":0,"gold_gain":55,"player_choice":"Gained Gold","damage_taken":0,"max_hp_gain":0,"max_hp_loss":0,"event_name":"Golden Wing","floor":14,"gold_loss":0}],"is_beta":false,"boss_relics":[{"not_picked":["Runic Dome","Ring of Chaos"],"picked":"hubris:Stopwatch"}],"items_purged_floors":[0],"is_endless":false,"potions_floor_spawned":[1,7,12,18],"killed_by":"Shelled Parasite and Fungi","ascension_level":20}}