{"host":"bvp2uifzy1c463d9","time":1613268543,"event":{"mods":["AchievementEnabler","BaseMod","Better Note","Block Reminder","Bossed Relics","ChefMod","Colored Map","Colored Powertips","Energized Spire","Hermit","Highlight Path","Hubris","Infinite Spire","Minty Spire (QoL Compilation)","Random Character Button","Relic Sorter","Relic Stats","Reliquary","Replay The Spire","Robot Space Explorer","StSLib","The Blue Laboratory","The Jungle","The Servant 0.9.4","Wandering Minibosses"],"gold_per_floor":[117,197,40,40,56,56,90,22,70,81,116,129,157,168,168,269,269,288,186,186,201,33,64,64,81,81,81,81,171,197,197,197],"floor_reached":31,"language":"ENG","playtime":1475,"items_purged":["RobotSpaceExplorer:Defend","RobotSpaceExplorer:Strike"],"score":316,"play_id":"aded3345-5290-4a77-a08c-0bae48841d26","local_time":"20210213200903","is_ascension_mode":false,"campfire_choices":[{"data":"RobotSpaceExplorer:Pulsar","floor":6.0,"key":"SMITH"},{"floor":15.0,"key":"REST"},{"floor":28,"key":"REST"}],"circlet_count":0,"master_deck":["RobotSpaceExplorer:Strike","RobotSpaceExplorer:Strike","RobotSpaceExplorer:Defend","RobotSpaceExplorer:Defend","RobotSpaceExplorer:Scan","RobotSpaceExplorer:MiniLasers","RobotSpaceExplorer:SurgingShield","RobotSpaceExplorer:GearShield","RobotSpaceExplorer:Pulsar+1","RobotSpaceExplorer:Reload","RobotSpaceExplorer:PlasmaMissile","RobotSpaceExplorer:MakeshiftVolley","RobotSpaceExplorer:ShovelStrike","RobotSpaceExplorer:GlueShot","RobotSpaceExplorer:LuckyStrike","RobotSpaceExplorer:Probe","RobotSpaceExplorer:IronShell","RobotSpaceExplorer:Asteroid","RobotSpaceExplorer:StunGrenade","RobotSpaceExplorer:MiniDrones","RobotSpaceExplorer:SwiftStep","RobotSpaceExplorer:MiniBoosters+1","RobotSpaceExplorer:Scanner","RobotSpaceExplorer:GlueShot","RobotSpaceExplorer:Electroshield","RobotSpaceExplorer:DoubleBlock"],"relics":["RobotSpaceExplorer:RoboCore","NeowsBlessing","Ring of Searing","hubris:MysteriousPyramids","infinitespire:Lucky Rock","Dream Catcher","Bronze Scales","Ring of Chaos","Juzu Bracelet","PreservedInsect","HornCleat"],"acts_visited":["Exordium","TheCity"],"potions_floor_usage":[31],"damage_taken":[{"damage":0.0,"enemies":"Small Slimes","floor":1.0,"turns":1.0},{"damage":0.0,"enemies":"Jaw Worm","floor":5.0,"turns":1.0},{"damage":0.0,"enemies":"Lagavulin","floor":7.0,"turns":1.0},{"damage":10.0,"enemies":"Cultist","floor":10.0,"turns":3.0},{"damage":17.0,"enemies":"3 Sentries","floor":11.0,"turns":7.0},{"damage":0.0,"enemies":"Red Slaver","floor":12.0,"turns":2.0},{"damage":7.0,"enemies":"Replay:BlueRogue","floor":13.0,"turns":5.0},{"damage":0.0,"enemies":"Exordium Wildlife","floor":14.0,"turns":4.0},{"damage":45.0,"enemies":"Hexaghost","floor":16.0,"turns":8.0},{"damage":10.0,"enemies":"Chosen","floor":18.0,"turns":3.0},{"damage":26,"enemies":"3 Byrds","floor":21,"turns":6},{"damage":28,"enemies":"Slavers","floor":23,"turns":5},{"damage":10,"enemies":"Centurion and Healer","floor":25,"turns":7},{"damage":5,"enemies":"Book of Stabbing","floor":30,"turns":6},{"damage":6,"enemies":"3 Cultists","floor":31,"turns":4}],"seed_played":"2606249435574923935","potions_obtained":[{"floor":5.0,"key":"blueLaboratory:PyrophylliteBrew"},{"floor":12.0,"key":"blueLaboratory:HorrorPotion"},{"floor":13.0,"key":"blueLaboratory:RememoryPotion"},{"floor":14.0,"key":"blueLaboratory:EmptyBottle"}],"is_trial":false,"path_per_floor":["M","?","$","?","M","R","E","$","T","M","E","M","E","M","R","B",null,"M","$","?","M","$","E","?","M","T","?","R","?","E","M"],"character_chosen":"RobotSpaceExplorer","items_purchased":["RobotSpaceExplorer:GearShield","RobotSpaceExplorer:PlasmaMissile","RobotSpaceExplorer:MiniDrones","RobotSpaceExplorer:SwiftStep","RobotSpaceExplorer:Scanner"],"campfire_rested":2,"item_purchase_floors":[3,8,19,19,22],"current_hp_per_floor":[75,75,75,75,75,75,75,75,75,65,48,48,41,41,63,18,75,65,65,65,39,39,11,11,1,1,1,23,11,6,0,0],"gold":197,"neow_bonus":"THREE_ENEMY_KILL","is_daily":false,"chose_seed":false,"campfire_upgraded":1,"win_rate":0.0,"timestamp":1613268543,"path_taken":["M","?","$","?","M","R","E","?","T","M","E","M","E","M","R","BOSS","M","$","?","M","$","E","?","M","T","?","R","?","E","M"],"items_purchased_type":["Card","Card","Card","Card","Card"],"build_version":"2020-12-22","purchased_purges":2,"victory":false,"max_hp_per_floor":[75,75,75,75,75,75,75,75,75,75,75,75,75,75,75,75,75,75,75,75,75,75,75,75,75,75,75,75,75,75,75,75],"relic_stats":{"Dream Catcher":2,"counters":[15,63],"Bronze Scales":[207],"PreservedInsect":40,"Juzu Bracelet":1,"obtain_stats":[{"Dream Catcher":11,"HornCleat":30,"NeowsBlessing":0,"Bronze Scales":13,"RobotSpaceExplorer:RoboCore":0,"Ring of Chaos":17,"PreservedInsect":26,"Juzu Bracelet":23,"infinitespire:Lucky Rock":9,"hubris:MysteriousPyramids":7,"Ring of Searing":4},{"Dream Catcher":5,"HornCleat":14,"NeowsBlessing":0,"Bronze Scales":7,"RobotSpaceExplorer:RoboCore":0,"Ring of Chaos":9,"PreservedInsect":13,"Juzu Bracelet":12,"infinitespire:Lucky Rock":3,"hubris:MysteriousPyramids":3,"Ring of Searing":1},{"Dream Catcher":13,"HornCleat":59,"NeowsBlessing":0,"Bronze Scales":20,"RobotSpaceExplorer:RoboCore":0,"Ring of Chaos":32,"PreservedInsect":53,"Juzu Bracelet":46,"infinitespire:Lucky Rock":3,"hubris:MysteriousPyramids":3,"Ring of Searing":1}]},"card_choices":[{"not_picked":["RobotSpaceExplorer:DualCore","RobotSpaceExplorer:StarDust"],"picked":"RobotSpaceExplorer:SurgingShield","floor":1.0},{"not_picked":["RobotSpaceExplorer:StunGrenade","RobotSpaceExplorer:GlueShot"],"picked":"RobotSpaceExplorer:Pulsar","floor":5.0},{"not_picked":["RobotSpaceExplorer:Electropulse","RobotSpaceExplorer:ScrapMissile"],"picked":"RobotSpaceExplorer:Reload","floor":7.0},{"not_picked":["RobotSpaceExplorer:GlueShot","RobotSpaceExplorer:StunGrenade"],"picked":"RobotSpaceExplorer:MakeshiftVolley","floor":10.0},{"not_picked":["RobotSpaceExplorer:PowerCollector","RobotSpaceExplorer:Counterblock"],"picked":"RobotSpaceExplorer:ShovelStrike","floor":11.0},{"not_picked":["RobotSpaceExplorer:FrostMissile","RobotSpaceExplorer:ShockKick"],"picked":"RobotSpaceExplorer:GlueShot","floor":12.0},{"not_picked":["RobotSpaceExplorer:SelfCleaning","RobotSpaceExplorer:ImprovisedAttack"],"picked":"RobotSpaceExplorer:LuckyStrike","floor":13.0},{"not_picked":["RobotSpaceExplorer:SurgingStrike","RobotSpaceExplorer:ImprovisedAttack"],"picked":"RobotSpaceExplorer:Probe","floor":14.0},{"not_picked":["RobotSpaceExplorer:DoubleFind","RobotSpaceExplorer:JunkDive"],"picked":"RobotSpaceExplorer:IronShell","floor":15.0},{"not_picked":["RobotSpaceExplorer:Wormhole","RobotSpaceExplorer:Multitool"],"picked":"RobotSpaceExplorer:Asteroid","floor":16.0},{"not_picked":["RobotSpaceExplorer:SlimeMissile","RobotSpaceExplorer:SurgingShield"],"picked":"RobotSpaceExplorer:StunGrenade","floor":18.0},{"not_picked":["RobotSpaceExplorer:ScrapMissile","RobotSpaceExplorer:SurgingStrike"],"picked":"RobotSpaceExplorer:MiniBoosters+1","floor":21},{"not_picked":["RobotSpaceExplorer:ToxicBomb","RobotSpaceExplorer:DroneSwarm","RobotSpaceExplorer:ShovelStrike"],"picked":"SKIP","floor":23},{"not_picked":["RobotSpaceExplorer:Electroshield","RobotSpaceExplorer:MiniDrones"],"picked":"RobotSpaceExplorer:GlueShot","floor":25},{"not_picked":["RobotSpaceExplorer:GlueSpray","RobotSpaceExplorer:PowerCollector","RobotSpaceExplorer:Pulsar"],"picked":"SKIP","floor":30}],"player_experience":341803,"relics_obtained":[{"floor":4.0,"key":"Ring of Searing"},{"floor":7.0,"key":"hubris:MysteriousPyramids"},{"floor":9.0,"key":"infinitespire:Lucky Rock"},{"floor":11.0,"key":"Dream Catcher"},{"floor":13.0,"key":"Bronze Scales"},{"floor":23,"key":"Juzu Bracelet"},{"floor":26,"key":"PreservedInsect"},{"floor":30,"key":"HornCleat"}],"event_choices":[{"cards_removed":["RobotSpaceExplorer:SurgingShield"],"damage_healed":0,"gold_gain":0,"player_choice":"Give","damage_taken":0,"max_hp_gain":0,"max_hp_loss":0,"event_name":"betterNote:BetterNote","floor":20,"gold_loss":0,"cards_obtained":["Rupture"]},{"damage_healed":0,"gold_gain":0,"cards_transformed":["RobotSpaceExplorer:Strike","RobotSpaceExplorer:Defend"],"player_choice":"Became Test Subject","damage_taken":0,"max_hp_gain":0,"max_hp_loss":0,"event_name":"Drug Dealer","floor":27,"gold_loss":0,"cards_obtained":["RobotSpaceExplorer:Electroshield","RobotSpaceExplorer:DoubleBlock"]},{"damage_healed":0,"gold_gain":90,"player_choice":"GOLD ","damage_taken":12,"max_hp_gain":0,"max_hp_loss":0,"event_name":"Knowing Skull","floor":29,"potions_obtained":[],"gold_loss":0,"cards_obtained":[]}],"is_beta":false,"boss_relics":[{"not_picked":["Runic Pyramid","ChewingGum"],"picked":"Ring of Chaos"}],"items_purged_floors":[3,22],"is_endless":false,"potions_floor_spawned":[5,12,13,14,16,18,25],"killed_by":"3 Cultists","ascension_level":0}}