{"host":"2l3i55whvwk76mom","time":1613337622,"event":{"mods":["BaseMod","Googly Eyes","Hubris","Minty Spire (QoL Compilation)","Replay The Spire","StSLib"],"gold_per_floor":[109,109,109,34,52,78,90,132,144,156,168,180,210,252,264,276,276],"floor_reached":16,"language":"ENG","playtime":584,"items_purged":["Regret"],"score":168,"play_id":"ec2e480f-7788-48a5-8324-5aad045d1fdf","local_time":"20210214132022","is_ascension_mode":true,"campfire_choices":[{"data":"Perfected Strike","floor":7,"key":"SMITH"},{"data":"Bash","floor":12,"key":"SMITH"},{"floor":15,"key":"REST"}],"circlet_count":0,"master_deck":["Strike_R","Strike_R","Strike_R","Strike_R","Strike_R","Defend_R","Defend_R","Defend_R+1","Defend_R","Bash+1","Strike_P","hubris:Strike_Merchant","Immolate","Perfected Strike+1","Perfected Strike","Shrug It Off","Shockwave+1","Pummel","ReplayTheSpireMod:Muscle Training"],"relics":["Burning Blood","hubris:DeckOfHolding","Ring of Peace","ReplayTheSpireMod:Ring of Exchange","MawBank","Bottled Lightning","Matryoshka","War Paint","Replay:Bottled Snecko","ReplayTheSpireMod:Lightbulb"],"acts_visited":["Exordium"],"potions_floor_usage":[14],"damage_taken":[{"damage":2,"enemies":"2 Louse","floor":1,"turns":2},{"damage":5,"enemies":"Jaw Worm","floor":5,"turns":6},{"damage":25,"enemies":"3 Sentries","floor":6,"turns":6},{"damage":49,"enemies":"Gremlin Nob","floor":8,"turns":6},{"damage":0,"enemies":"Small Slimes","floor":13,"turns":3},{"damage":19,"enemies":"3 Sentries","floor":14,"turns":7},{"damage":51,"enemies":"Fading Forest","floor":16,"turns":9}],"seed_played":"-716285041429302486","potions_obtained":[{"floor":5,"key":"Toxic Potion"},{"floor":13,"key":"FearPotion"}],"is_trial":false,"path_per_floor":["M","?","?","$","M","E","R","E","T","?","T","R","M","E","R","B"],"character_chosen":"IRONCLAD","items_purchased":[],"campfire_rested":1,"item_purchase_floors":[],"current_hp_per_floor":[76,76,76,76,77,58,58,15,15,15,15,15,21,8,32,0,0],"gold":276,"neow_bonus":"THREE_RARE_CARDS","is_daily":false,"chose_seed":false,"campfire_upgraded":2,"win_rate":0.0,"timestamp":1613337622,"path_taken":["M","?","?","$","M","E","R","E","T","?","?","R","M","E","R","BOSS"],"items_purchased_type":[],"build_version":"2020-12-22","purchased_purges":1,"victory":false,"max_hp_per_floor":[80,80,80,80,80,80,80,80,80,80,80,80,80,80,80,80,80],"card_choices":[{"not_picked":["hubris:StunningStrike","Impervious"],"picked":"Immolate","floor":0},{"not_picked":["True Grit","Spot Weakness"],"picked":"Perfected Strike","floor":1},{"not_picked":["Anger","Twin Strike"],"picked":"Perfected Strike","floor":5},{"not_picked":["Rupture","Cleave"],"picked":"Shrug It Off","floor":6},{"not_picked":["Corruption","Iron Wave"],"picked":"Shockwave","floor":8},{"not_picked":["Intimidate","Sword Boomerang"],"picked":"Pummel","floor":13},{"not_picked":["Demonic Infusion","Heavy Blade"],"picked":"ReplayTheSpireMod:Muscle Training","floor":14}],"player_experience":373851,"relics_obtained":[{"floor":3,"key":"Ring of Peace"},{"floor":3,"key":"ReplayTheSpireMod:Ring of Exchange"},{"floor":6,"key":"MawBank"},{"floor":8,"key":"Bottled Lightning"},{"floor":9,"key":"Matryoshka"},{"floor":11,"key":"War Paint"},{"floor":11,"key":"Replay:Bottled Snecko"},{"floor":14,"key":"ReplayTheSpireMod:Lightbulb"}],"event_choices":[{"damage_healed":0,"gold_gain":0,"player_choice":"Box","damage_taken":0,"relics_obtained":["hubris:DeckOfHolding"],"max_hp_gain":0,"max_hp_loss":0,"event_name":"Big Fish","floor":2,"gold_loss":0,"cards_obtained":["Regret"]},{"cards_removed":["Delirium"],"damage_healed":0,"gold_gain":0,"player_choice":"Forget","damage_taken":0,"max_hp_gain":0,"max_hp_loss":0,"event_name":"Living Wall","floor":10,"gold_loss":0}],"is_beta":false,"boss_relics":[],"items_purged_floors":[4],"is_endless":false,"potions_floor_spawned":[5,13],"killed_by":"Fading Forest","ascension_level":9}}