{"host":"v0xbo920qxoewo3e","time":1613334548,"event":{"mods":["Act Like it!","Aspiration","Astrologer","BaseMod","Conspire","Downfall","Friendly Minions","GifTheSpireLib","Halation","Hermit","Hubris","Infinite Spire","Jedi Mod","Jorbs\u0027s Wanderer Trilogy","Koishi","Marisa????????","Minty Spire (QoL Compilation)","Potionbrewer","Rare Cards Sparkle","Reimu??????","Remilia??????","Replay The Spire","StSLib","Stuff the Spire","The Animator","The Blackbeard","The Bladedancer","The Bug Knight","The Construct","The Cursed","The Disciple","The Gatherer","The Jungle","The Problem Sleuth","The Runesmith","The Servant 0.9.4","TheBandit","Unceasing Turn Reminder"],"gold_per_floor":[366,381,145,164,239,239,250,20,43,43,69,8,23,23,23,122,122,140,140,140,152,152,152],"floor_reached":22,"language":"ENG","playtime":1266,"items_purged":["Looming Evil","Strike_P"],"score":364,"play_id":"cfc27f6c-d48b-4c8d-986e-833dbafc523d","local_time":"20210214222908","is_ascension_mode":true,"campfire_choices":[{"data":"Adaptation","floor":6,"key":"SMITH"},{"floor":10,"key":"REST"},{"data":"Study","floor":15,"key":"SMITH"}],"circlet_count":0,"master_deck":["Strike_P","Strike_P","Strike_P","Defend_P+1","Defend_P","Defend_P","Defend_P","Eruption+1","Vigilance","FlurryOfBlows","Evaluate","Evaluate","Adaptation+1","FlurryOfBlows","FlurryOfBlows","DeceiveReality","Study+1","FlurryOfBlows","EmptyMind","Perseverance","Perseverance","WheelKick","infinitespire:DeathsTouch+1","Devotion","Protect+1","FlurryOfBlows","Lust_TH"],"relics":["PureWater","Art of War","Prayer Wheel","hubris:Backtick","Shuriken"],"acts_visited":["Exordium","TheCity"],"potions_floor_usage":[13,21],"damage_taken":[{"damage":5,"enemies":"2 Louse","floor":1,"turns":4},{"damage":14,"enemies":"Cultist","floor":2,"turns":6},{"damage":3,"enemies":"Jaw Worm","floor":4,"turns":5},{"damage":2,"enemies":"Blue Slaver","floor":7,"turns":5},{"damage":4,"enemies":"3 Sentries","floor":11,"turns":7},{"damage":0,"enemies":"2 Fungi Beasts","floor":13,"turns":5},{"damage":0,"enemies":"Slime Boss","floor":16,"turns":4},{"damage":4,"enemies":"Shell Parasite","floor":18,"turns":4},{"damage":21,"enemies":"3 Byrds","floor":21,"turns":3},{"damage":30,"enemies":"Snake Plant","floor":22,"turns":2}],"seed_played":"4627050870277798265","potions_obtained":[{"floor":13,"key":"potionbrewer:BlacksmithPotion"},{"floor":16,"key":"PowerPotion"}],"is_trial":false,"path_per_floor":["M","M","$","M","?","R","M","$","T","R","E","$","M","?","R","B",null,"M","?","?","M","M"],"character_chosen":"WATCHER","items_purchased":["Evaluate","Adaptation","FlurryOfBlows","Study","FlurryOfBlows","Perseverance"],"campfire_rested":1,"item_purchase_floors":[3,3,3,8,8,12],"current_hp_per_floor":[60,46,46,43,36,36,34,34,34,55,51,51,51,33,33,33,62,58,45,45,24,0,0],"gold":152,"neow_bonus":"TWO_FIFTY_GOLD","is_daily":false,"chose_seed":false,"campfire_upgraded":2,"win_rate":0.0,"timestamp":1613334548,"path_taken":["M","M","$","M","?","R","?","$","T","R","E","$","M","?","R","BOSS","M","?","?","?","M"],"items_purchased_type":["Card","Card","Card","Card","Card","Card"],"build_version":"2020-12-22","purchased_purges":2,"victory":false,"max_hp_per_floor":[72,72,72,72,72,72,72,72,72,72,72,72,72,72,72,72,72,72,77,77,77,77,77],"card_choices":[{"not_picked":["Prostrate","PathToVictory","Replay:ManipulateFuture"],"picked":"SKIP","floor":1},{"not_picked":["CarveReality","SashWhip"],"picked":"FlurryOfBlows","floor":2},{"not_picked":["ForeignInfluence","FollowUp"],"picked":"FlurryOfBlows","floor":4},{"not_picked":["SashWhip","Prostrate"],"picked":"DeceiveReality","floor":7},{"not_picked":["EmptyBody","MasterReality"],"picked":"EmptyMind","floor":11},{"not_picked":["BowlingBash","ClearTheMind"],"picked":"WheelKick","floor":13},{"not_picked":["Replay:Vibes","SashWhip","Replay:ManipulateFuture"],"picked":"SKIP","floor":13},{"not_picked":["infinitespire:Punishment","infinitespire:SevenWalls"],"picked":"infinitespire:DeathsTouch","floor":14},{"not_picked":["Brilliance","Replay:AllIn"],"picked":"Devotion","floor":16},{"not_picked":["Conclude","Evaluate"],"picked":"Protect+1","floor":18},{"not_picked":["EmptyBody","SashWhip"],"picked":"FlurryOfBlows","floor":18},{"not_picked":["ThirdEye","Meditate+1","SandsOfTime"],"picked":"SKIP","floor":21},{"not_picked":["FlurryOfBlows","CrushJoints","ReachHeaven"],"picked":"SKIP","floor":21}],"player_experience":1496099,"relics_obtained":[{"floor":9,"key":"Art of War"},{"floor":11,"key":"Prayer Wheel"}],"event_choices":[{"damage_healed":0,"gold_gain":75,"player_choice":"Touch","damage_taken":7,"max_hp_gain":0,"max_hp_loss":0,"event_name":"FaceTrader","floor":5,"gold_loss":0},{"damage_healed":0,"gold_gain":0,"player_choice":"Shed Blood","damage_taken":18,"max_hp_gain":5,"max_hp_loss":0,"event_name":"Forgotten Altar","floor":19,"gold_loss":0}],"is_beta":false,"boss_relics":[{"not_picked":["Honey Jar","StuffTheSpire:Kangaroo"],"picked":"hubris:Backtick"}],"items_purged_floors":[3,8],"is_endless":false,"potions_floor_spawned":[13,16],"killed_by":"Snake Plant","ascension_level":9}}