{"host":"pqs17sqrgflf4eqa","time":1613343792,"event":{"mods":["AchievementEnabler","BaseMod","Bestiary","Better Altar","Better Match","Better Skull","Block Reminder","Bossed Relics","Colored Map","Colored Powertips","Curses Come First","Dark Map","DeckTracker","Defective Defect","Displayed Cursed Tome","Emptier Cage","Googly Eyes","Highlight Path","Minty Spire (QoL Compilation)","Quick Restart","Slay-I","StSLib","SuperFastMode","Synergy Search","Thieving Mod","Transform Curses","everything is the same but u backflip on backflip","slay the spire mod where everything is the same but ironclad has a cowboy hat"],"gold_per_floor":[110,122,122,297,314,314,346,371,371,371,396,420,420,449,449,449,449],"floor_reached":16,"language":"ENG","playtime":613,"items_purged":[],"score":164,"play_id":"8d849eaa-db1c-4271-9a33-a49ae0df783b","local_time":"20210214180312","is_ascension_mode":true,"campfire_choices":[{"data":"Neutralize","floor":6,"key":"SMITH"},{"floor":10,"key":"REST"},{"floor":13,"key":"REST"},{"data":"Footwork","floor":15,"key":"SMITH"}],"circlet_count":0,"master_deck":["Strike_G","Strike_G","Strike_G","Strike_G","Strike_G","Defend_G","Defend_G","Defend_G","Defend_G","Defend_G","Survivor","Neutralize+1","Dagger Spray","Doubt","Backstab","Footwork+1","Poisoned Stab","Dash","Backflip"],"relics":["Ring of the Snake","NeowsBlessing","WingedGreaves","Mango","Bird Faced Urn","Juzu Bracelet","Odd Mushroom","Ancient Tea Set"],"acts_visited":["Exordium"],"potions_floor_usage":[7,8,11,12],"damage_taken":[{"damage":0,"enemies":"2 Louse","floor":1,"turns":1},{"damage":0,"enemies":"Jaw Worm","floor":2,"turns":1},{"damage":0,"enemies":"Cultist","floor":5,"turns":1},{"damage":24,"enemies":"Gremlin Nob","floor":7,"turns":5},{"damage":36,"enemies":"Lagavulin","floor":8,"turns":8},{"damage":20,"enemies":"3 Sentries","floor":11,"turns":6},{"damage":9,"enemies":"The Mushroom Lair","floor":12,"turns":3},{"damage":18,"enemies":"Gremlin Nob","floor":14,"turns":5},{"damage":8,"enemies":"The Guardian","floor":16,"turns":11}],"seed_played":"6177706792687366468","potions_obtained":[{"floor":1,"key":"BlessingOfTheForge"},{"floor":7,"key":"Strength Potion"},{"floor":8,"key":"Explosive Potion"},{"floor":11,"key":"ColorlessPotion"}],"is_trial":false,"path_per_floor":["M","M","?","?","M","R","E","E","T","R","E","?","R","E","R","B"],"character_chosen":"THE_SILENT","items_purchased":[],"campfire_rested":2,"item_purchase_floors":[],"current_hp_per_floor":[63,63,63,63,63,63,39,17,17,42,24,17,42,26,26,20,20],"gold":449,"neow_bonus":"THREE_ENEMY_KILL","is_daily":false,"chose_seed":false,"campfire_upgraded":2,"win_rate":0.0,"timestamp":1613343792,"path_taken":["M","M","?","?","M","R","E","E","T","R","E","?","R","E","R","BOSS"],"items_purchased_type":[],"build_version":"2020-12-22","purchased_purges":0,"victory":false,"max_hp_per_floor":[70,70,70,70,70,70,70,84,84,84,84,84,84,84,84,84,84],"card_choices":[{"not_picked":["Catalyst","Dagger Throw"],"picked":"Dagger Spray","floor":1},{"not_picked":["Cloak And Dagger","Outmaneuver","Heel Hook"],"picked":"SKIP","floor":2},{"not_picked":["Flying Knee","Cloak And Dagger"],"picked":"Backstab","floor":5},{"not_picked":["Burst","Slice"],"picked":"Footwork","floor":7},{"not_picked":["Deflect","Crippling Poison"],"picked":"Poisoned Stab","floor":8},{"not_picked":["A Thousand Cuts","Bullet Time"],"picked":"Dash","floor":11},{"not_picked":["Outmaneuver","Noxious Fumes"],"picked":"Backflip","floor":12},{"not_picked":["Setup","Cloak And Dagger","Bane"],"picked":"SKIP","floor":14}],"player_experience":209194,"relics_obtained":[{"floor":7,"key":"WingedGreaves"},{"floor":8,"key":"Mango"},{"floor":9,"key":"Bird Faced Urn"},{"floor":11,"key":"Juzu Bracelet"},{"floor":12,"key":"Odd Mushroom"},{"floor":14,"key":"Ancient Tea Set"}],"event_choices":[{"damage_healed":0,"gold_gain":0,"player_choice":"Leave","damage_taken":0,"max_hp_gain":0,"max_hp_loss":0,"event_name":"The Cleric","floor":3,"gold_loss":0},{"damage_healed":0,"gold_gain":175,"player_choice":"AGREE","damage_taken":0,"max_hp_gain":0,"max_hp_loss":0,"event_name":"Liars Game","floor":4,"gold_loss":0,"cards_obtained":["Doubt"]},{"damage_healed":0,"gold_gain":0,"player_choice":"Fought Mushrooms","damage_taken":0,"max_hp_gain":0,"max_hp_loss":0,"event_name":"Mushrooms","floor":12,"gold_loss":0}],"is_beta":false,"boss_relics":[],"items_purged_floors":[],"is_endless":false,"potions_floor_spawned":[1,7,8,11],"killed_by":"The Guardian","ascension_level":6}}