{"host":"ia9e4s524g7bamk7","time":1613292759,"event":{"mods":["AchievementEnabler","BaseMod","Colored Map","Minty Spire (QoL Compilation)","Permanent Neow","Slay-I","slay the spire mod where everything is the same but ironclad has a cowboy hat"],"gold_per_floor":[16,26,45,64,83,83,118,118,118,131,131,131,131,144,144,241,241,251,251,251,10,10,10,35,55,103,18,18,59,59,82,82,184,184,202,29,38,55,5,45,45,68,116,143,143,143,143,157,157,157],"floor_reached":51,"language":"ENG","playtime":3709,"items_purged":["Strike_B"],"score":1017,"play_id":"e5151957-c9bd-429c-aeb6-15b0ef4a0af1","local_time":"20210214095239","is_ascension_mode":true,"campfire_choices":[{"floor":6,"key":"DIG"},{"floor":8,"key":"REST"},{"floor":11,"key":"DIG"},{"floor":13,"key":"DIG"},{"floor":15,"key":"DIG"},{"floor":23,"key":"DIG"},{"floor":28,"key":"DIG"},{"floor":30,"key":"DIG"},{"floor":32,"key":"DIG"},{"floor":41,"key":"DIG"},{"floor":45,"key":"DIG"},{"floor":49,"key":"DIG"}],"circlet_count":0,"master_deck":["Strike_B","Defend_B","Defend_B","Defend_B","Defend_B","Zap","Dualcast","Cold Snap","Defragment","FTL","Creative AI","Hologram","Coolheaded","Storm","Echo Form+1","CurseOfTheBell","Stack","Ball Lightning","Static Discharge+1","Undo","Stack","White Noise+1","Conserve Battery","Apotheosis","Defragment+1","Turbo","Hologram+1","BootSequence+1"],"relics":["Cracked Core","Shovel","Vajra","Dead Branch","Turnip","Symbiotic Virus","Bronze Scales","Bag of Preparation","Frozen Egg 2","Calling Bell","Centennial Puzzle","InkBottle","FossilizedHelix","Bottled Tornado","Calipers","Thread and Needle","Meat on the Bone","Smiling Mask","CeramicFish","Art of War","Blood Vial","Fusion Hammer","Bag of Marbles","MealTicket","Pen Nib","Nunchaku","Lantern"],"acts_visited":["Exordium","TheCity","TheBeyond"],"potions_floor_usage":[16,16,24,29,40,44,46,50,50],"damage_taken":[{"damage":14,"enemies":"Cultist","floor":1,"turns":5},{"damage":5,"enemies":"Jaw Worm","floor":2,"turns":3},{"damage":0,"enemies":"2 Louse","floor":3,"turns":2},{"damage":1,"enemies":"Blue Slaver","floor":4,"turns":4},{"damage":13,"enemies":"Exordium Wildlife","floor":5,"turns":4},{"damage":29,"enemies":"3 Sentries","floor":7,"turns":7},{"damage":1,"enemies":"Looter","floor":10,"turns":3},{"damage":1,"enemies":"Blue Slaver","floor":14,"turns":3},{"damage":14,"enemies":"The Guardian","floor":16,"turns":10},{"damage":6,"enemies":"Chosen","floor":18,"turns":3},{"damage":22,"enemies":"Book of Stabbing","floor":24,"turns":7},{"damage":6,"enemies":"3 Byrds","floor":25,"turns":2},{"damage":69,"enemies":"Slavers","floor":29,"turns":6},{"damage":0,"enemies":"Snake Plant","floor":31,"turns":4},{"damage":2,"enemies":"Champ","floor":33,"turns":7},{"damage":11,"enemies":"3 Darklings","floor":35,"turns":6},{"damage":5,"enemies":"Orb Walker","floor":38,"turns":4},{"damage":13,"enemies":"Reptomancer","floor":40,"turns":5},{"damage":18,"enemies":"Writhing Mass","floor":42,"turns":4},{"damage":0,"enemies":"4 Shapes","floor":44,"turns":4},{"damage":0,"enemies":"Sphere and 2 Shapes","floor":46,"turns":1},{"damage":18,"enemies":"3 Darklings","floor":48,"turns":3},{"damage":18,"enemies":"Donu and Deca","floor":50,"turns":7}],"seed_played":"5707243187214595940","potions_obtained":[{"floor":2,"key":"Swift Potion"},{"floor":7,"key":"Weak Potion"},{"floor":10,"key":"BlessingOfTheForge"},{"floor":14,"key":"BlessingOfTheForge"},{"floor":16,"key":"Block Potion"},{"floor":18,"key":"FairyPotion"},{"floor":24,"key":"FairyPotion"},{"floor":29,"key":"AttackPotion"},{"floor":33,"key":"Energy Potion"},{"floor":35,"key":"PowerPotion"},{"floor":42,"key":"SmokeBomb"},{"floor":47,"key":"DuplicationPotion"},{"floor":47,"key":"SneckoOil"}],"is_trial":false,"path_per_floor":["M","M","M","M","M","R","E","R","T","M","R","?","R","M","R","B",null,"M","?","?","$","?","R","E","M","T","?","R","E","R","M","R","B",null,"M","$","?","M","$","E","R","M","T","M","R","M","?","M","R","B",null],"character_chosen":"DEFECT","items_purchased":["Bottled Tornado","Apotheosis"],"campfire_rested":1,"item_purchase_floors":[21,36],"current_hp_per_floor":[54,49,49,48,35,35,6,28,28,27,27,24,24,23,23,9,59,53,53,53,53,53,53,31,25,25,25,25,34,34,46,46,46,68,59,59,59,56,56,45,45,41,41,43,43,45,45,41,41,37],"gold":157,"neow_bonus":"ONE_RARE_RELIC","is_daily":false,"chose_seed":false,"campfire_upgraded":0,"win_rate":0.0,"timestamp":1613292759,"path_taken":["M","M","?","M","M","R","E","R","T","M","R","?","R","M","R","BOSS","M","?","?","$","?","R","E","?","T","?","R","E","R","M","R","BOSS","M","$","?","M","?","E","R","M","T","?","R","M","?","?","R","BOSS"],"items_purchased_type":["Relic","Card"],"build_version":"2020-12-22","purchased_purges":1,"victory":true,"max_hp_per_floor":[75,75,75,75,75,75,75,75,75,75,75,75,75,75,75,75,75,75,75,75,75,75,75,75,75,75,75,75,75,75,75,75,75,75,75,75,75,75,75,75,75,75,75,75,75,75,75,75,75,75],"card_choices":[{"not_picked":["Force Field","Stack"],"picked":"Cold Snap","floor":1},{"not_picked":["Rebound","Cold Snap"],"picked":"Defragment","floor":2},{"not_picked":["Loop","Sweeping Beam"],"picked":"FTL","floor":3},{"not_picked":["Auto Shields","Undo"],"picked":"Creative AI","floor":4},{"not_picked":["Compile Driver","Rebound"],"picked":"Hologram","floor":5},{"not_picked":["Rebound","Thunder Strike","Barrage"],"picked":"SKIP","floor":7},{"not_picked":["Rebound","White Noise"],"picked":"Coolheaded","floor":10},{"not_picked":["Hologram","Leap"],"picked":"Storm","floor":14},{"not_picked":["Thunder Strike","Core Surge"],"picked":"Echo Form+1","floor":16},{"not_picked":["Aggregate","Skim"],"picked":"Stack","floor":18},{"not_picked":["BootSequence","Auto Shields"],"picked":"Undo","floor":24},{"not_picked":["Turbo","Cold Snap"],"picked":"Stack","floor":25},{"not_picked":["Sweeping Beam","FTL"],"picked":"White Noise+1","floor":29},{"not_picked":["Tempest+1","Rebound"],"picked":"Conserve Battery","floor":31},{"not_picked":["Skim","Genetic Algorithm+1","Doom and Gloom"],"picked":"SKIP","floor":35},{"not_picked":["Redo+1","Sweeping Beam","Rebound"],"picked":"SKIP","floor":38},{"not_picked":["Doom and Gloom","Cold Snap"],"picked":"Turbo","floor":40},{"not_picked":["Barrage+1","Rebound+1"],"picked":"Hologram+1","floor":42},{"not_picked":["Coolheaded+1","Thunder Strike"],"picked":"BootSequence+1","floor":44},{"not_picked":["Leap","Coolheaded","Rebound"],"picked":"SKIP","floor":48}],"player_experience":345701,"relics_obtained":[{"floor":6,"key":"Vajra"},{"floor":7,"key":"Dead Branch"},{"floor":9,"key":"Turnip"},{"floor":11,"key":"Symbiotic Virus"},{"floor":13,"key":"Bag of Preparation"},{"floor":15,"key":"Frozen Egg 2"},{"floor":17,"key":"Centennial Puzzle"},{"floor":17,"key":"InkBottle"},{"floor":17,"key":"FossilizedHelix"},{"floor":23,"key":"Calipers"},{"floor":24,"key":"Thread and Needle"},{"floor":28,"key":"Smiling Mask"},{"floor":29,"key":"CeramicFish"},{"floor":30,"key":"Art of War"},{"floor":32,"key":"Blood Vial"},{"floor":40,"key":"Bag of Marbles"},{"floor":41,"key":"MealTicket"},{"floor":43,"key":"Pen Nib"},{"floor":45,"key":"Nunchaku"},{"floor":49,"key":"Lantern"}],"event_choices":[{"damage_healed":0,"gold_gain":0,"player_choice":"Success","damage_taken":3,"relics_obtained":["Bronze Scales"],"max_hp_gain":0,"max_hp_loss":0,"event_name":"Scrap Ooze","floor":12,"gold_loss":0},{"damage_healed":0,"gold_gain":0,"player_choice":"Ignored","damage_taken":0,"max_hp_gain":0,"max_hp_loss":0,"event_name":"Ghosts","floor":19,"gold_loss":0},{"damage_healed":0,"gold_gain":0,"player_choice":"Ignored","damage_taken":0,"max_hp_gain":0,"max_hp_loss":0,"event_name":"Vampires","floor":20,"gold_loss":0},{"damage_healed":0,"gold_gain":0,"cards_transformed":["Strike_B","Strike_B"],"player_choice":"Became Test Subject","damage_taken":0,"max_hp_gain":0,"max_hp_loss":0,"event_name":"Drug Dealer","floor":22,"gold_loss":0,"cards_obtained":["Ball Lightning","Static Discharge"]},{"damage_healed":0,"gold_gain":0,"player_choice":"Obtained Relic","damage_taken":0,"relics_obtained":["Meat on the Bone"],"max_hp_gain":0,"max_hp_loss":0,"event_name":"Addict","floor":27,"gold_loss":85},{"damage_healed":0,"gold_gain":0,"player_choice":"Copied","damage_taken":0,"max_hp_gain":0,"max_hp_loss":0,"event_name":"Duplicator","floor":37,"gold_loss":0,"cards_obtained":["Defragment"]},{"damage_healed":0,"gold_gain":0,"player_choice":"Got Potions","damage_taken":0,"max_hp_gain":0,"max_hp_loss":0,"event_name":"Lab","floor":47,"gold_loss":0}],"is_beta":false,"boss_relics":[{"not_picked":["Astrolabe","Inserter"],"picked":"Calling Bell"},{"not_picked":["Black Star","Tiny House"],"picked":"Fusion Hammer"}],"items_purged_floors":[39],"is_endless":false,"potions_floor_spawned":[2,7,10,14,16,18,24,29,33,35,42],"ascension_level":9}}