{"host":"nj4msrt0z6tj4wtb","time":1613293657,"event":{"mods":["AchievementEnabler","BaseMod","Colored Map","Colored Powertips","DeckTracker","Highlight Path","Keyboard Shortcuts","Minty Spire (QoL Compilation)","Quick Restart","Random Character Button","StSLib","SuperFastMode"],"gold_per_floor":[116,128,145,160,178,178,205,205,230,230,252,271,271,313,313,398,398,414,414,414],"floor_reached":19,"language":"KOR","playtime":803,"items_purged":[],"score":412,"play_id":"4a75dab6-cb49-4bb6-821c-f5deface848d","local_time":"20210214180737","is_ascension_mode":true,"campfire_choices":[{"data":"CrushJoints","floor":6.0,"key":"SMITH"},{"data":"Eruption","floor":8.0,"key":"SMITH"},{"data":"Study","floor":13.0,"key":"SMITH"},{"data":"SandsOfTime","floor":15.0,"key":"SMITH"}],"circlet_count":0,"master_deck":["AscendersBane","Strike_P","Defend_P","Defend_P","Defend_P","Defend_P","Eruption+1","Vigilance","EmptyFist","BowlingBash","CutThroughFate","CrushJoints+1","SandsOfTime+1","Study+1","Halt","DeusExMachina","Vault"],"relics":["PureWater","Lantern","Potion Belt","CeramicFish","Anchor","Empty Cage"],"acts_visited":["Exordium","TheCity"],"potions_floor_usage":[],"damage_taken":[{"damage":0.0,"enemies":"Small Slimes","floor":1.0,"turns":3.0},{"damage":4.0,"enemies":"Jaw Worm","floor":2.0,"turns":4.0},{"damage":0.0,"enemies":"2 Louse","floor":3.0,"turns":2.0},{"damage":1.0,"enemies":"2 Fungi Beasts","floor":4.0,"turns":3.0},{"damage":0.0,"enemies":"3 Louse","floor":5.0,"turns":2.0},{"damage":12.0,"enemies":"Lagavulin","floor":7.0,"turns":5.0},{"damage":4.0,"enemies":"Red Slaver","floor":11.0,"turns":3.0},{"damage":12.0,"enemies":"Large Slime","floor":12.0,"turns":3.0},{"damage":0.0,"enemies":"Gremlin Nob","floor":14.0,"turns":2.0},{"damage":17.0,"enemies":"Slime Boss","floor":16.0,"turns":4.0},{"damage":21.0,"enemies":"Shell Parasite","floor":18.0,"turns":3.0},{"damage":4,"enemies":"Chosen","floor":19,"turns":3}],"seed_played":"-4170866640871535378","potions_obtained":[{"floor":4.0,"key":"SkillPotion"},{"floor":5.0,"key":"BlessingOfTheForge"},{"floor":7.0,"key":"Strength Potion"},{"floor":16.0,"key":"BottledMiracle"}],"is_trial":false,"path_per_floor":["M","M","M","M","M","R","E","R","T","?","M","M","R","E","R","B",null,"M","M"],"character_chosen":"WATCHER","items_purchased":[],"campfire_rested":0,"item_purchase_floors":[],"current_hp_per_floor":[61,57,57,56,56,56,44,44,44,44,40,28,28,28,28,11,54,33,29,29],"gold":414,"neow_bonus":"RANDOM_COMMON_RELIC","is_daily":false,"chose_seed":false,"campfire_upgraded":4,"win_rate":0.0,"timestamp":1613293657,"path_taken":["M","M","M","M","M","R","E","R","T","?","M","M","R","E","R","BOSS","M","M"],"items_purchased_type":[],"build_version":"2020-12-22","purchased_purges":0,"victory":false,"max_hp_per_floor":[68,68,68,68,68,68,68,68,68,68,68,68,68,68,68,68,68,68,68,68],"card_choices":[{"not_picked":["FlyingSleeves","Conclude"],"picked":"EmptyFist","floor":1.0},{"not_picked":["Conclude","EmptyFist"],"picked":"BowlingBash","floor":2.0},{"not_picked":["Evaluate","SashWhip"],"picked":"CutThroughFate","floor":3.0},{"not_picked":["Weave","Pray"],"picked":"CrushJoints","floor":4.0},{"not_picked":["FlyingSleeves","Evaluate"],"picked":"SandsOfTime","floor":5.0},{"not_picked":["SashWhip","Protect","ThirdEye"],"picked":"SKIP","floor":7.0},{"not_picked":["ReachHeaven","FlyingSleeves"],"picked":"Study","floor":11.0},{"not_picked":["ThirdEye","Crescendo"],"picked":"Halt","floor":12.0},{"not_picked":["EmptyFist","EmptyBody"],"picked":"DeusExMachina","floor":14.0},{"not_picked":["Ragnarok","Wish"],"picked":"Vault","floor":16.0},{"not_picked":["Nirvana","EmptyFist","Evaluate"],"picked":"SKIP","floor":18.0}],"player_experience":665288,"relics_obtained":[{"floor":7.0,"key":"Potion Belt"},{"floor":9.0,"key":"CeramicFish"},{"floor":14.0,"key":"Anchor"}],"event_choices":[{"cards_removed":["Strike_P"],"damage_healed":0.0,"max_hp_gain":0.0,"max_hp_loss":0.0,"gold_gain":0.0,"event_name":"Living Wall","player_choice":"Forget","floor":10.0,"gold_loss":0.0,"damage_taken":0.0}],"is_beta":false,"boss_relics":[{"not_picked":["Velvet Choker","HolyWater"],"picked":"Empty Cage"}],"items_purged_floors":[],"is_endless":false,"potions_floor_spawned":[4,5,7,16],"killed_by":"Chosen","ascension_level":20}}