{"host":"dscols65uipasqd2","time":1613282437,"event":{"mods":["2.2 Compatiblity","AchievementEnabler","Aspiration","BaseMod","Colored Powertips","Downfall","Energized Spire","GifTheSpireLib","Hermit","Hubris","Infinite Spire","JesterMod","Jorbs\u0027s Wanderer Trilogy","Marisa????????","Minty Spire (QoL Compilation)","Rare Cards Sparkle","Replay The Spire","StSLib","Stuff the Spire","The Cursed","The Disciple","The Hierophant","The Judge","The Jungle","The Runesmith","TheFirefly"],"gold_per_floor":[99,120,140,140,201,218,218,18,3,15,15,51,71,71,71,71],"floor_reached":14,"language":"ENG","playtime":830,"items_purged":[],"score":111,"play_id":"57fff51c-9a1c-4f15-8ac0-e32bfbaa80a7","local_time":"20210214010037","is_ascension_mode":true,"campfire_choices":[{"floor":1,"key":"RECALL"},{"floor":8,"key":"REST"}],"circlet_count":0,"master_deck":["sneckomod:Strike","sneckomod:Strike","sneckomod:Strike","sneckomod:Defend","sneckomod:Defend","sneckomod:Defend","sneckomod:TailWhip","sneckomod:SnekBite","sneckomod:Unknown","sneckomod:Unknown","sneckomod:UnknownStrike","sneckomod:UnknownStrength","sneckomod:UnknownClassDEFAULT_GRAY_COLOR","sneckomod:UnlimitedRolls","sneckomod:UnknownBlock","sneckomod:WideSting","sneckomod:UnknownClassGUARDIAN","sneckomod:UnknownClassTHE_BRONZE_AUTOMATON"],"relics":["infinitespire:Cupcake","hubris:Towel","Juzu Bracelet","downfall:HeartBlessingRed","downfall:HeartBlessingBlue"],"acts_visited":["Exordium"],"potions_floor_usage":[],"damage_taken":[{"damage":5,"enemies":"Small Slimes","floor":2,"turns":3},{"damage":8,"enemies":"Jaw Worm","floor":3,"turns":4},{"damage":60,"enemies":"3 Sentries","floor":5,"turns":7},{"damage":0,"enemies":"2 Louse","floor":6,"turns":3},{"damage":10,"enemies":"downfall:FleeingMerchant","floor":9,"turns":4},{"damage":17,"enemies":"downfall:LooterAlt","floor":10,"turns":3},{"damage":0,"enemies":"Gremlin Gang","floor":12,"turns":4},{"damage":0,"enemies":"Blue Slaver","floor":13,"turns":2},{"damage":26,"enemies":"3 Sentries","floor":14,"turns":4}],"seed_played":"-1447249713585777318","potions_obtained":[{"floor":5,"key":"Strength Potion"},{"floor":10,"key":"EssenceOfSteel"},{"floor":12,"key":"Block Potion"}],"is_trial":false,"path_per_floor":["R","M","M","?","?","M","T","R","$","M","?","M","M","E"],"character_chosen":"THE_SNECKO","items_purchased":[],"campfire_rested":1,"item_purchase_floors":[],"current_hp_per_floor":[81,76,68,68,8,8,8,48,38,21,21,21,21,0,0,0],"gold":71,"neow_bonus":"BOSS_RELIC","is_daily":false,"chose_seed":false,"campfire_upgraded":0,"win_rate":0.0,"timestamp":1613282437,"path_taken":["R","M","M","?","?","M","T","R","$","M","?","M","M","E"],"items_purchased_type":[],"build_version":"2020-12-22","purchased_purges":0,"victory":false,"max_hp_per_floor":[90,90,90,90,90,90,90,100,100,100,100,100,100,100,100,100],"card_choices":[{"not_picked":["sneckomod:UnknownClassDEFAULT_GRAY_COLOR","sneckomod:UnknownClassCHRONO_GOLD"],"picked":"sneckomod:UnknownStrike","floor":2},{"not_picked":["sneckomod:DiceCrush","sneckomod:UnknownClassWORDO_MOD_COLOR"],"picked":"sneckomod:UnknownStrength","floor":3},{"not_picked":["sneckomod:Unknown0Cost","sneckomod:UnknownClassFIREFLY_COLOR"],"picked":"sneckomod:UnknownClassDEFAULT_GRAY_COLOR","floor":5},{"not_picked":["sneckomod:UnknownBlock","sneckomod:UnknownClassWANDERER_GRAY_COLOR"],"picked":"sneckomod:UnlimitedRolls","floor":6},{"not_picked":["sneckomod:UnlimitedRolls","sneckomod:UnknownClassMARISA_DERIVATIONS"],"picked":"sneckomod:UnknownBlock","floor":9},{"not_picked":["sneckomod:UnknownBlock","sneckomod:Nope"],"picked":"sneckomod:WideSting","floor":10},{"not_picked":["sneckomod:UnknownClassBLUE","sneckomod:SoulCleanse"],"picked":"sneckomod:UnknownClassGUARDIAN","floor":12},{"not_picked":["sneckomod:SnekBeam","sneckomod:UnknownUncommonPower"],"picked":"sneckomod:UnknownClassTHE_BRONZE_AUTOMATON","floor":13}],"player_experience":646298,"relics_obtained":[{"floor":5,"key":"Juzu Bracelet"}],"event_choices":[],"is_beta":false,"boss_relics":[],"items_purged_floors":[],"is_endless":false,"potions_floor_spawned":[5,10,12],"killed_by":"3 Sentries","ascension_level":7}}