{"host":"u0qetpmu4y58k1tf","time":1613279745,"event":{"mods":["100% Spire Juice","AchievementEnabler","Act Like it!","BaseMod","CapriCore","Colored Map","Colored Powertips","Hermit","Koishi","Marisa£¨Ùöéë¡¡Øª×âÞÞ£©","Minty Spire (QoL Compilation)","Quick Restart","Reliquary","Replay The Spire","StSLib","Td1madao Mod","The Bug Knight","The Cursed","The Dragon Tamer","The Gatherer","The Hierophant","The Immortal","The Jungle","The Runesmith","WarShipGirlsR/??á´Ò³R mod"],"gold_per_floor":[113,132,132,122,47,79,91,91,114,141,141,141,141],"floor_reached":12,"language":"KOR","playtime":353,"items_purged":["Entrench"],"score":133,"play_id":"d60d1935-c9ed-4499-9b5d-25cd87c42870","local_time":"20210214141545","is_ascension_mode":true,"campfire_choices":[{"data":"ReplayTheSpireMod:Muscle Training","floor":8.0,"key":"SMITH"}],"circlet_count":0,"master_deck":["Strike_R","Strike_R","Strike_R","Strike_R","Defend_R","Defend_R","Defend_R","Defend_R","Bash","Warcry","Exhume+1","ReplayTheSpireMod:Muscle Training","ReplayTheSpireMod:Muscle Training+1","Combust","Spot Weakness","Pain"],"relics":["Burning Blood","NeowsBlessing","Gremlin Food","Replay:PocketPolymizer","WarpedTongs"],"acts_visited":["Exordium"],"potions_floor_usage":[10,10],"damage_taken":[{"damage":0.0,"enemies":"Small Slimes","floor":1.0,"turns":1.0},{"damage":0.0,"enemies":"Jaw Worm","floor":2.0,"turns":1.0},{"damage":0.0,"enemies":"Lagavulin","floor":6.0,"turns":1.0},{"damage":8.0,"enemies":"Cultist","floor":7.0,"turns":4.0},{"damage":36,"enemies":"Gremlin Nob","floor":10,"turns":3},{"damage":54,"enemies":"Lagavulin","floor":12,"turns":5}],"seed_played":"-6102933159710241630","potions_obtained":[{"floor":1.0,"key":"Ancient Potion"},{"floor":6.0,"key":"Death Potion"},{"floor":7.0,"key":"CultistPotion"}],"is_trial":false,"path_per_floor":["M","M","?","?","$","E","M","R","T","E","?","E"],"character_chosen":"IRONCLAD","items_purchased":[],"campfire_rested":0,"item_purchase_floors":[],"current_hp_per_floor":[80,80,80,80,80,80,78,78,78,48,48,0,0],"gold":141,"neow_bonus":"THREE_ENEMY_KILL","is_daily":false,"chose_seed":false,"campfire_upgraded":1,"win_rate":0.0,"timestamp":1613279745,"path_taken":["M","M","?","?","$","E","M","R","T","E","?","E"],"items_purchased_type":[],"build_version":"2020-12-22","purchased_purges":1,"victory":false,"max_hp_per_floor":[80,80,80,80,80,80,80,80,80,80,80,80,80],"card_choices":[{"not_picked":["Life Link","Shrug It Off"],"picked":"Entrench","floor":1.0},{"not_picked":["Sentinel","Armaments"],"picked":"Warcry","floor":2.0},{"not_picked":[],"picked":"ReplayTheSpireMod:Muscle Training","floor":4.0},{"not_picked":[],"picked":"ReplayTheSpireMod:Muscle Training","floor":4.0},{"not_picked":["Wild Strike","ReplayReversal"],"picked":"Combust","floor":6.0},{"not_picked":["Shrug It Off","Thunderclap"],"picked":"Spot Weakness","floor":7.0},{"not_picked":["ReplayTheSpireMod:Strike From Hell","Replay:Undeath\u0027s Touch","Thunderclap"],"picked":"SKIP","floor":10}],"player_experience":144402,"relics_obtained":[{"floor":6.0,"key":"Gremlin Food"},{"floor":10,"key":"Replay:PocketPolymizer"}],"event_choices":[{"damage_healed":0,"gold_gain":0,"player_choice":"Rummage","damage_taken":0,"relics_obtained":["WarpedTongs"],"max_hp_gain":0,"max_hp_loss":0,"event_name":"Accursed Blacksmith","floor":11,"gold_loss":0,"cards_obtained":["Pain"]}],"is_beta":false,"boss_relics":[],"items_purged_floors":[5],"is_endless":false,"potions_floor_spawned":[1,6,7],"killed_by":"Lagavulin","ascension_level":4}}