{"host":"43wsnxh97mgjl5zw","time":1613332231,"event":{"mods":["Aspiration","BaseMod","Colored Map","Colored Powertips","Downfall","Hubris","Minty Spire (QoL Compilation)","Quick Restart","Rare Cards Sparkle","Relic Sorter","Replay The Spire","StSLib"],"gold_per_floor":[110,51,63,63,63,98,98,126,194,228,245,245,245,270,270,270,270],"floor_reached":16,"language":"ENG","playtime":299,"items_purged":[],"score":352,"play_id":"f7470fed-9758-4115-aeec-ae37754bd0c3","local_time":"20210214215031","is_ascension_mode":true,"campfire_choices":[{"data":"Flex","floor":7.0,"key":"SMITH"},{"data":"Cleave","floor":13.0,"key":"SMITH"},{"data":"Shockwave","floor":15.0,"key":"SMITH"}],"circlet_count":0,"master_deck":["AscendersBane","Strike_R+1","Strike_R+1","Strike_R","Strike_R","Strike_R","Defend_R","Defend_R","Defend_R","Defend_R","Bash","Flex+1","Cleave+1","Ghostly Armor","Regret","Shockwave+1","Pummel","Headbutt","Iron Wave","Injury","Flame Barrier+1"],"relics":["Burning Blood","NeowsBlessing","hubris:MysteriousPyramids","Quantum Egg","Chameleon Ring","Blue Candle","Paper Frog","Toxic Egg 2","Pocketwatch"],"acts_visited":["Exordium"],"potions_floor_usage":[],"damage_taken":[{"damage":0.0,"enemies":"Small Slimes","floor":1.0,"turns":1.0},{"damage":0.0,"enemies":"Cultist","floor":3.0,"turns":1.0},{"damage":0.0,"enemies":"Lagavulin","floor":6.0,"turns":1.0},{"damage":0.0,"enemies":"Gremlin Nob","floor":8.0,"turns":2.0},{"damage":36.0,"enemies":"3 Sentries","floor":10.0,"turns":6.0},{"damage":3.0,"enemies":"Jaw Worm","floor":11.0,"turns":3.0},{"damage":11.0,"enemies":"Gremlin Nob","floor":14.0,"turns":3.0},{"damage":0,"enemies":"Hexaghost","floor":16,"turns":1}],"seed_played":"-4181614654809079123","potions_obtained":[{"floor":6.0,"key":"AttackPotion"},{"floor":8.0,"key":"PowerPotion"}],"is_trial":false,"path_per_floor":["M","$","M","?","?","E","R","E","T","E","M","?","R","E","R","B"],"character_chosen":"IRONCLAD","items_purchased":["Cleave"],"campfire_rested":0,"item_purchase_floors":[2],"current_hp_per_floor":[74,74,75,75,52,58,58,64,64,34,37,37,37,32,32,32,32],"gold":270,"neow_bonus":"THREE_ENEMY_KILL","is_daily":false,"chose_seed":false,"campfire_upgraded":3,"win_rate":0.0,"timestamp":1613332231,"path_taken":["M","$","M","?","?","E","R","E","T","E","M","?","R","E","R","BOSS"],"items_purchased_type":["Card"],"build_version":"2020-12-22","purchased_purges":0,"victory":false,"max_hp_per_floor":[75,75,75,75,75,75,75,75,75,75,75,75,75,75,75,75,75],"card_choices":[{"not_picked":["Body Slam","Perfected Strike"],"picked":"Flex","floor":1.0},{"not_picked":["True Grit","Body Slam"],"picked":"Ghostly Armor","floor":3.0},{"not_picked":["Entrench","Juggernaut"],"picked":"Shockwave","floor":6.0},{"not_picked":["Power Through","Headbutt"],"picked":"Pummel","floor":8.0},{"not_picked":["Armaments","Intimidate"],"picked":"Headbutt","floor":10.0},{"not_picked":["Heavy Blade","ReplayTheSpireMod:Muscle Training"],"picked":"Iron Wave","floor":11.0},{"not_picked":["Warcry+1","Reckless Charge"],"picked":"Flame Barrier+1","floor":14.0}],"player_experience":1244523,"relics_obtained":[{"floor":6.0,"key":"Quantum Egg"},{"floor":8.0,"key":"Chameleon Ring"},{"floor":9.0,"key":"Blue Candle"},{"floor":10.0,"key":"Paper Frog"},{"floor":14.0,"key":"Pocketwatch"}],"event_choices":[{"damage_healed":0.0,"max_hp_gain":0.0,"max_hp_loss":0.0,"gold_gain":0.0,"event_name":"Big Fish","player_choice":"Box","floor":4.0,"gold_loss":0.0,"damage_taken":0.0,"relics_obtained":["hubris:MysteriousPyramids"],"cards_obtained":["Regret"]},{"damage_healed":0.0,"max_hp_gain":0.0,"max_hp_loss":0.0,"gold_gain":0.0,"event_name":"Shining Light","player_choice":"Entered Light","floor":5.0,"gold_loss":0.0,"damage_taken":23.0,"cards_upgraded":["Strike_R","Strike_R"]}],"is_beta":false,"boss_relics":[],"items_purged_floors":[],"is_endless":false,"potions_floor_spawned":[6,8],"killed_by":"Hexaghost","ascension_level":20}}