{"host":"7yyoe0ei0fseceei","time":1613318426,"event":{"mods":["BaseMod","Colored Map","Highlight Path","Minty Spire (QoL Compilation)","Quick Restart"],"gold_per_floor":[119,119,119,131,46,78,78,108,108,125,125,125,138,164,164,235,235,245,170,220,243,269,281,324,336,348,380,392,414,445,12,12,12,12],"floor_reached":33,"language":"ENG","playtime":1049,"items_purged":[],"score":644,"play_id":"caed1fcc-c42d-41f9-8be8-0d58e5450666","local_time":"20210214170026","is_ascension_mode":true,"campfire_choices":[{"data":"TalkToTheHand","floor":7,"key":"SMITH"},{"data":"Vengeance","floor":12,"key":"SMITH"},{"floor":15,"key":"REST"},{"data":"Vault","floor":23,"key":"SMITH"},{"data":"Vigilance","floor":28,"key":"SMITH"},{"data":"Vault","floor":32,"key":"SMITH"}],"circlet_count":0,"master_deck":["AscendersBane","Strike_P","Strike_P","Strike_P","Defend_P","Defend_P","Defend_P","Eruption+1","Vigilance+1","FlyingSleeves","CrushJoints","TalkToTheHand+1","FollowUp","CrushJoints","Vengeance+1","FollowUp","DeusExMachina","Vault+1","CrushJoints","BowlingBash+1","EmptyFist+1","FearNoEvil","FlyingSleeves","Vault+1"],"relics":["PureWater","NeowsBlessing","Blue Candle","Lantern","Bottled Flame","White Beast Statue","Coffee Dripper","MawBank","Boot","Mummified Hand","MealTicket","Matryoshka"],"acts_visited":["TheCity"],"potions_floor_usage":[6,16,24,30,30],"damage_taken":[{"damage":0,"enemies":"Jaw Worm","floor":1,"turns":1},{"damage":0,"enemies":"Small Slimes","floor":4,"turns":1},{"damage":0,"enemies":"3 Sentries","floor":6,"turns":2},{"damage":24,"enemies":"Lagavulin","floor":8,"turns":8},{"damage":0,"enemies":"Cultist","floor":10,"turns":3},{"damage":3,"enemies":"3 Louse","floor":13,"turns":4},{"damage":17,"enemies":"Gremlin Nob","floor":14,"turns":4},{"damage":0,"enemies":"Slime Boss","floor":16,"turns":3},{"damage":0,"enemies":"3 Byrds","floor":18,"turns":5},{"damage":10,"enemies":"Shell Parasite","floor":22,"turns":4},{"damage":18,"enemies":"Gremlin Leader","floor":24,"turns":4},{"damage":0,"enemies":"Cultist and Chosen","floor":27,"turns":5},{"damage":13,"enemies":"Snake Plant","floor":29,"turns":2},{"damage":22,"enemies":"Shelled Parasite and Fungi","floor":30,"turns":5},{"damage":44,"enemies":"Champ","floor":33,"turns":8}],"seed_played":"3632622211398486105","potions_obtained":[{"floor":4,"key":"LiquidBronze"},{"floor":8,"key":"BottledMiracle"},{"floor":14,"key":"FearPotion"},{"floor":16,"key":"FairyPotion"},{"floor":18,"key":"LiquidMemories"},{"floor":22,"key":"Fire Potion"},{"floor":24,"key":"Fire Potion"},{"floor":29,"key":"PowerPotion"},{"floor":30,"key":"Fruit Juice"}],"is_trial":false,"path_per_floor":["M","$","?","M","$","E","R","E","T","M","?","R","M","E","R","B",null,"M","?","?","T","M","R","E","?","T","M","R","M","M","$","R","B"],"character_chosen":"WATCHER","items_purchased":["TalkToTheHand","MealTicket","Matryoshka"],"campfire_rested":1,"item_purchase_floors":[5,31,31],"current_hp_per_floor":[61,61,61,61,61,61,61,37,37,37,37,37,34,17,37,37,60,60,60,60,60,50,50,32,32,32,32,32,19,25,25,25,0,0],"gold":12,"neow_bonus":"THREE_ENEMY_KILL","is_daily":false,"chose_seed":false,"campfire_upgraded":5,"win_rate":0.0,"timestamp":1613318426,"path_taken":["M","$","?","M","$","E","R","E","T","M","?","R","?","E","R","BOSS","M","?","?","?","M","R","E","?","T","M","R","M","M","$","R","BOSS"],"items_purchased_type":["Card","Relic","Relic"],"build_version":"2020-12-22","purchased_purges":0,"victory":false,"max_hp_per_floor":[68,68,68,68,68,68,68,68,68,68,68,68,68,68,68,68,68,68,68,68,68,68,68,68,68,68,68,68,68,73,73,73,73,73],"card_choices":[{"not_picked":["EmptyBody","Crescendo"],"picked":"FlyingSleeves","floor":1},{"not_picked":["BowlingBash","Sanctity"],"picked":"CrushJoints","floor":4},{"not_picked":["PathToVictory","MentalFortress"],"picked":"FollowUp","floor":6},{"not_picked":["Brilliance","CutThroughFate"],"picked":"CrushJoints","floor":8},{"not_picked":["FlyingSleeves","EmptyMind"],"picked":"Vengeance","floor":10},{"not_picked":["Protect","FlyingSleeves"],"picked":"FollowUp","floor":13},{"not_picked":["Protect","WindmillStrike"],"picked":"DeusExMachina","floor":14},{"not_picked":["LessonLearned","Ragnarok"],"picked":"Vault","floor":16},{"not_picked":["LikeWater","EmptyFist"],"picked":"CrushJoints","floor":18},{"not_picked":["Wireheading","LikeWater"],"picked":"BowlingBash+1","floor":22},{"not_picked":["ClearTheMind","DeceiveReality"],"picked":"EmptyFist+1","floor":24},{"not_picked":["CutThroughFate","EmptyBody"],"picked":"FearNoEvil","floor":27},{"not_picked":["CutThroughFate","DeceiveReality"],"picked":"FlyingSleeves","floor":29},{"not_picked":["PathToVictory","Protect"],"picked":"Vault","floor":30}],"player_experience":924791,"relics_obtained":[{"floor":6,"key":"Blue Candle"},{"floor":8,"key":"Lantern"},{"floor":9,"key":"Bottled Flame"},{"floor":14,"key":"White Beast Statue"},{"floor":21,"key":"MawBank"},{"floor":24,"key":"Boot"},{"floor":26,"key":"Mummified Hand"}],"event_choices":[{"damage_healed":0,"gold_gain":0,"player_choice":"Grow","damage_taken":0,"max_hp_gain":0,"max_hp_loss":0,"event_name":"Living Wall","floor":3,"gold_loss":0,"cards_upgraded":["Eruption"]},{"cards_removed":["Strike_P"],"damage_healed":0,"gold_gain":0,"player_choice":"Card Removal","damage_taken":0,"max_hp_gain":0,"max_hp_loss":0,"event_name":"Wheel of Change","floor":11,"gold_loss":0},{"cards_removed":["Defend_P"],"damage_healed":0,"gold_gain":0,"player_choice":"Gave Gold","damage_taken":0,"max_hp_gain":0,"max_hp_loss":0,"event_name":"Beggar","floor":19,"gold_loss":75},{"damage_healed":0,"gold_gain":50,"player_choice":"Stole From Cult","damage_taken":0,"max_hp_gain":0,"max_hp_loss":0,"event_name":"Nest","floor":20,"gold_loss":0},{"damage_healed":0,"gold_gain":0,"player_choice":"Ignored","damage_taken":0,"max_hp_gain":0,"max_hp_loss":0,"event_name":"Ghosts","floor":25,"gold_loss":0}],"is_beta":false,"boss_relics":[{"not_picked":["Velvet Choker","Runic Pyramid"],"picked":"Coffee Dripper"}],"items_purged_floors":[],"is_endless":false,"potions_floor_spawned":[4,8,14,16,18,22,24,27,29,30],"killed_by":"Champ","ascension_level":16}}