{"host":"x4954lblgztusody","time":1613283863,"event":{"mods":["BaseMod","Clockwork Mod","Colored Map","Curses Come First","Googly Eyes","Koishi","Minty Spire (QoL Compilation)","Rare Cards Sparkle","Shop Mod","StSLib","The Administrix","The Animator","The Disciple","The Servant 0.9.4","Waifu the Spire","WarShipGirlsR/战舰少女R mod","Yuyuko"],"gold_per_floor":[110,60,10,24,24,24,51,51,51,71,101,111,111,111,111,208,208,222,222,222,222,222,256,256,256],"floor_reached":24,"language":"ENG","playtime":2868,"items_purged":[],"score":295,"play_id":"fae76969-8f25-4851-a37c-995e8ace486f","local_time":"20210213222423","is_ascension_mode":false,"campfire_choices":[{"data":"Clockwork:Tinker","floor":6,"key":"SMITH"},{"floor":13,"key":"REST"},{"data":"Clockwork:Tinker","floor":15,"key":"SMITH"}],"circlet_count":0,"master_deck":["Clockwork:Strike+1","Clockwork:Strike","Clockwork:Strike","Clockwork:Shield","Clockwork:Shield","Clockwork:Shield","Clockwork:Shield","Clockwork:Tinker+1","Clockwork:WarmUp","Clockwork:CogShield","Clockwork:SnapKeep","Clockwork:SystemHardening","Clockwork:LiteraryArmor","Clockwork:Pluck+1","Clockwork:Tinker+1","Dark Shackles","Clockwork:CogToss","Clockwork:CogShield","Clockwork:TimeWalk","Clockwork:ElasticNanites","Necronomicurse","Clockwork:AssemblyLine"],"relics":["Clockwork:MomentumEngine","Kunai","Mummified Hand","Matryoshka","Cursed Key","Necronomicon","Orichalcum","Clockwork:GoldenCog"],"acts_visited":["Exordium","TheCity"],"potions_floor_usage":[11,16,23,23],"damage_taken":[{"damage":4,"enemies":"Jaw Worm","floor":1,"turns":6},{"damage":1,"enemies":"2 Louse","floor":4,"turns":7},{"damage":0,"enemies":"Gremlin Nob","floor":7,"turns":9},{"damage":1,"enemies":"Small Slimes","floor":10,"turns":8},{"damage":1,"enemies":"Lagavulin","floor":11,"turns":11},{"damage":35,"enemies":"Gremlin Gang","floor":12,"turns":9},{"damage":0,"enemies":"Hexaghost","floor":16,"turns":17},{"damage":0,"enemies":"Shell Parasite","floor":18,"turns":10},{"damage":62,"enemies":"Slavers","floor":23,"turns":15},{"damage":37,"enemies":"Chosen","floor":24,"turns":12}],"seed_played":"4205511111962892297","potions_obtained":[{"floor":1,"key":"PowerPotion"},{"floor":12,"key":"Weak Potion"},{"floor":16,"key":"ColorlessPotion"},{"floor":18,"key":"SneckoOil"}],"is_trial":false,"path_per_floor":["M","?","$","M","?","R","E","?","T","M","E","M","R","?","R","B",null,"M","?","?","?","?","E","M"],"character_chosen":"CLOCKWORK","items_purchased":["Clockwork:SnapKeep"],"campfire_rested":1,"item_purchase_floors":[3],"current_hp_per_floor":[89,89,89,88,69,69,69,69,69,68,67,32,59,59,59,59,93,93,77,77,77,77,15,0,0],"gold":256,"neow_bonus":"TEN_PERCENT_HP_BONUS","is_daily":false,"chose_seed":false,"campfire_upgraded":2,"win_rate":0.0,"timestamp":1613283863,"path_taken":["M","?","$","M","?","R","E","?","T","?","E","M","R","?","R","BOSS","M","?","?","?","?","E","M"],"items_purchased_type":["Card"],"build_version":"2020-12-22","purchased_purges":0,"victory":false,"max_hp_per_floor":[93,93,93,93,93,93,93,93,93,93,93,93,93,93,93,93,93,93,93,93,93,93,93,93,93],"card_choices":[{"not_picked":["Clockwork:OccamsRazor","Clockwork:SystemScan"],"picked":"Clockwork:CogShield","floor":1},{"not_picked":["Clockwork:SnapKeep","Clockwork:Minimalism"],"picked":"Clockwork:SystemHardening","floor":4},{"not_picked":["Clockwork:PerfectedShield","Clockwork:Improve"],"picked":"Clockwork:LiteraryArmor","floor":7},{"not_picked":["Clockwork:SearchingStrike","Clockwork:Pluck"],"picked":"Clockwork:CogToss","floor":10},{"not_picked":["Clockwork:SystemHardening","Clockwork:Friction"],"picked":"Clockwork:CogShield","floor":11},{"not_picked":["Clockwork:Improve","Clockwork:ChargingBlade"],"picked":"Clockwork:TimeWalk","floor":12},{"not_picked":["Clockwork:Strangle","Clockwork:DefectiveParts"],"picked":"Clockwork:CraftMomentumEngine","floor":16},{"not_picked":["Clockwork:Minimalism","Clockwork:Efficiency"],"picked":"Clockwork:ElasticNanites","floor":18},{"not_picked":[],"picked":"Clockwork:CraftMomentumEngine","floor":22},{"not_picked":["Clockwork:EnthusiasticStrike","Clockwork:PerfectedStrike+1"],"picked":"Clockwork:AssemblyLine","floor":23}],"player_experience":25083,"relics_obtained":[{"floor":7,"key":"Kunai"},{"floor":9,"key":"Mummified Hand"},{"floor":11,"key":"Matryoshka"},{"floor":19,"key":"Necronomicon"},{"floor":23,"key":"Orichalcum"}],"event_choices":[{"cards_removed":["Clockwork:Strike"],"damage_healed":0,"gold_gain":0,"player_choice":"Card Removal","damage_taken":0,"max_hp_gain":0,"max_hp_loss":0,"event_name":"The Cleric","floor":2,"gold_loss":50},{"damage_healed":0,"gold_gain":0,"player_choice":"Entered Light","damage_taken":19,"max_hp_gain":0,"max_hp_loss":0,"event_name":"Shining Light","floor":5,"gold_loss":0,"cards_upgraded":["Clockwork:Strike","Clockwork:Handicap"]},{"damage_healed":0,"gold_gain":0,"player_choice":"3 cards matched","damage_taken":0,"max_hp_gain":0,"max_hp_loss":0,"event_name":"Match and Keep!","floor":8,"gold_loss":0,"cards_obtained":["Clockwork:Pluck","Clockwork:Tinker","Dark Shackles"]},{"damage_healed":0,"gold_gain":0,"player_choice":"Grow","damage_taken":0,"max_hp_gain":0,"max_hp_loss":0,"event_name":"Living Wall","floor":14,"gold_loss":0,"cards_upgraded":["Clockwork:Pluck"]},{"damage_healed":0,"gold_gain":0,"player_choice":"Obtained Book","damage_taken":16,"max_hp_gain":0,"max_hp_loss":0,"event_name":"Cursed Tome","floor":19,"gold_loss":0},{"damage_healed":0,"gold_gain":0,"player_choice":"Ignored","damage_taken":0,"max_hp_gain":0,"max_hp_loss":0,"event_name":"Vampires","floor":20,"gold_loss":0},{"damage_healed":0,"gold_gain":0,"player_choice":"Ignored","damage_taken":0,"max_hp_gain":0,"max_hp_loss":0,"event_name":"The Mausoleum","floor":21,"gold_loss":0}],"is_beta":false,"boss_relics":[{"not_picked":["Velvet Choker","Fusion Hammer"],"picked":"Cursed Key"}],"items_purged_floors":[],"is_endless":false,"potions_floor_spawned":[1,12,16,18],"killed_by":"Chosen","ascension_level":0}}