{"host":"36t3qd3wjvajtu1z","time":1613268268,"event":{"mods":["2.2 Compatiblity","AchievementEnabler","BaseMod","Bestiary","Block Reminder","Colored Powertips","Curses Come First","Highlight Path","Minty Spire (QoL Compilation)","Permanent Neow","Quick Restart","Random Character Button","Rare Cards Sparkle","Relic Stats","Slay-I","StSLib","Unknown Chances"],"gold_per_floor":[113,123,137,137,137,137,168,192,218,218,232,100,100,134,134,225,225,244,244,259,272,7,7,31,31,31,76,76,76,98,138,138,138,138],"floor_reached":33,"language":"ENG","playtime":1259,"items_purged":["Strike_R","Strike_R"],"score":690,"play_id":"7ac7c0cd-8711-424a-9f51-38e863578fed","local_time":"20210213180428","is_ascension_mode":true,"campfire_choices":[{"data":"Bash","floor":6,"key":"SMITH"},{"data":"Fire Breathing","floor":10,"key":"SMITH"},{"data":"Double Tap","floor":13,"key":"SMITH"},{"data":"Inflame","floor":15,"key":"SMITH"},{"data":"True Grit","floor":25,"key":"SMITH"},{"data":"Uppercut","floor":28,"key":"SMITH"},{"floor":32,"key":"REST"}],"circlet_count":0,"master_deck":["AscendersBane","Strike_R","Strike_R+1","Defend_R","Defend_R","Defend_R+1","Defend_R","Bash+1","Wild Strike+1","Spot Weakness","Cleave","Carnage+1","Inflame+1","Fire Breathing+1","Double Tap+1","Reaper","Rage","True Grit+1","Reckless Charge","Uppercut+1","Sword Boomerang+1","Power Through"],"relics":["Burning Blood","Golden Idol","Whetstone","Bag of Marbles","Happy Flower","Snecko Eye","Sling","CeramicFish","Self Forming Clay","Thread and Needle","Orichalcum","Bottled Tornado"],"acts_visited":["Exordium","TheCity"],"potions_floor_usage":[7,12,21,31,31,31,33],"damage_taken":[{"damage":10,"enemies":"Small Slimes","floor":1,"turns":4},{"damage":14,"enemies":"Jaw Worm","floor":2,"turns":4},{"damage":7,"enemies":"2 Louse","floor":3,"turns":2},{"damage":20,"enemies":"Lagavulin","floor":7,"turns":3},{"damage":12,"enemies":"Exordium Thugs","floor":8,"turns":4},{"damage":2,"enemies":"2 Fungi Beasts","floor":11,"turns":2},{"damage":8,"enemies":"Gremlin Nob","floor":14,"turns":3},{"damage":0,"enemies":"Slime Boss","floor":16,"turns":5},{"damage":0,"enemies":"Shell Parasite","floor":18,"turns":1},{"damage":0,"enemies":"Chosen","floor":20,"turns":3},{"damage":44,"enemies":"Shelled Parasite and Fungi","floor":21,"turns":3},{"damage":0,"enemies":"Snake Plant","floor":24,"turns":2},{"damage":12,"enemies":"Gremlin Leader","floor":27,"turns":3},{"damage":14,"enemies":"Sentry and Sphere","floor":30,"turns":4},{"damage":8,"enemies":"Book of Stabbing","floor":31,"turns":3},{"damage":54,"enemies":"Collector","floor":33,"turns":6}],"seed_played":"-67374783477766233","potions_obtained":[{"floor":1,"key":"FearPotion"},{"floor":3,"key":"AttackPotion"},{"floor":14,"key":"Swift Potion"},{"floor":21,"key":"EntropicBrew"},{"floor":31,"key":"Dexterity Potion"}],"is_trial":false,"path_per_floor":["M","M","M","?","?","R","E","M","T","R","M","$","R","E","R","B",null,"M","?","M","M","$","?","M","R","T","E","R","T","M","E","R","B"],"character_chosen":"IRONCLAD","items_purchased":["BloodPotion","Sling"],"campfire_rested":1,"item_purchase_floors":[12,22],"current_hp_per_floor":[64,56,55,55,35,35,21,15,15,15,19,32,32,30,30,36,60,66,66,68,30,30,30,47,47,47,41,41,41,33,31,51,20,20],"gold":138,"neow_bonus":"THREE_CARDS","is_daily":false,"chose_seed":false,"campfire_upgraded":6,"win_rate":0.0,"timestamp":1613268268,"path_taken":["M","M","M","?","?","R","E","M","T","R","M","$","R","E","R","BOSS","M","?","M","M","?","?","?","R","T","E","R","?","M","E","R","BOSS"],"items_purchased_type":["Potion","Relic"],"build_version":"2020-12-22","purchased_purges":2,"victory":false,"max_hp_per_floor":[75,75,75,68,68,68,68,68,68,68,68,68,68,68,68,68,68,68,68,68,68,68,68,68,68,68,68,68,68,68,68,68,68,68],"relic_stats":{"Happy Flower":[10],"counters":[16,52],"Golden Idol":68,"Self Forming Clay":[36],"CeramicFish":36,"Snecko Eye":[44,38,38,47],"Whetstone":["Wild Strike","Strike_R"],"Orichalcum":[30],"obtain_stats":[{"Happy Flower":14,"Golden Idol":4,"Self Forming Clay":26,"CeramicFish":23,"Snecko Eye":17,"Thread and Needle":27,"Bag of Marbles":9,"Whetstone":7,"Orichalcum":29,"Bottled Tornado":31,"Sling":22,"Burning Blood":0},{"Happy Flower":7,"Golden Idol":3,"Self Forming Clay":12,"CeramicFish":11,"Snecko Eye":8,"Thread and Needle":13,"Bag of Marbles":5,"Whetstone":4,"Orichalcum":13,"Bottled Tornado":15,"Sling":11,"Burning Blood":0},{"Happy Flower":22,"Golden Idol":10,"Self Forming Clay":36,"CeramicFish":34,"Snecko Eye":27,"Thread and Needle":39,"Bag of Marbles":17,"Whetstone":13,"Orichalcum":39,"Bottled Tornado":46,"Sling":34,"Burning Blood":0}],"Burning Blood":86},"card_choices":[{"not_picked":["Dual Wield","Iron Wave"],"picked":"Wild Strike","floor":0.0},{"not_picked":["Flex","Burning Pact"],"picked":"Spot Weakness","floor":1},{"not_picked":["Iron Wave","Clothesline"],"picked":"Cleave","floor":2},{"not_picked":["Cleave","True Grit"],"picked":"Carnage","floor":3},{"not_picked":["Sword Boomerang","Shockwave"],"picked":"Inflame","floor":7},{"not_picked":["True Grit","Cleave"],"picked":"Fire Breathing","floor":8},{"not_picked":["Twin Strike","Flex"],"picked":"Double Tap","floor":11},{"not_picked":["Warcry","Rage"],"picked":"Wild Strike","floor":14},{"not_picked":["Barricade","Fiend Fire"],"picked":"Reaper","floor":16},{"not_picked":["Infernal Blade","Headbutt","Sword Boomerang"],"picked":"SKIP","floor":18},{"not_picked":["Dropkick","Body Slam+1"],"picked":"Rage","floor":20},{"not_picked":["Clash","Barricade"],"picked":"True Grit","floor":21},{"not_picked":["Wild Strike","Shockwave"],"picked":"Reckless Charge","floor":24},{"not_picked":["Headbutt","Thunderclap"],"picked":"Uppercut","floor":27},{"not_picked":["Entrench","Rage"],"picked":"Sword Boomerang+1","floor":30},{"not_picked":["Wild Strike","Flex"],"picked":"Power Through","floor":31}],"player_experience":514301,"relics_obtained":[{"floor":7,"key":"Whetstone"},{"floor":9,"key":"Bag of Marbles"},{"floor":14,"key":"Happy Flower"},{"floor":26,"key":"Self Forming Clay"},{"floor":27,"key":"Thread and Needle"},{"floor":29,"key":"Orichalcum"},{"floor":31,"key":"Bottled Tornado"}],"event_choices":[{"damage_healed":0,"gold_gain":0,"player_choice":"Lose Max HP","damage_taken":0,"relics_obtained":["Golden Idol"],"max_hp_gain":0,"max_hp_loss":7,"event_name":"Golden Idol","floor":4,"gold_loss":0},{"damage_healed":0,"gold_gain":0,"player_choice":"Entered Light","damage_taken":20,"max_hp_gain":0,"max_hp_loss":0,"event_name":"Shining Light","floor":5,"gold_loss":0,"cards_upgraded":["Carnage","Defend_R"]},{"cards_removed":["Strike_R"],"damage_healed":0,"gold_gain":0,"player_choice":"Purged","damage_taken":0,"max_hp_gain":0,"max_hp_loss":0,"event_name":"Purifier","floor":19,"gold_loss":0},{"cards_removed":["Wild Strike"],"damage_healed":0,"gold_gain":0,"player_choice":"Gave Card","damage_taken":0,"relics_obtained":["CeramicFish"],"max_hp_gain":0,"max_hp_loss":0,"event_name":"WeMeetAgain","floor":23,"gold_loss":0}],"is_beta":false,"boss_relics":[{"not_picked":["Ectoplasm","Black Blood"],"picked":"Snecko Eye"}],"items_purged_floors":[12,22],"is_endless":false,"potions_floor_spawned":[1,3,14,16,21,24,31],"killed_by":"Collector","ascension_level":20}}