{"host":"y36bp6mnm73x3iob","time":1613294356,"event":{"mods":["2.2 Compatiblity","Aspiration","BaseMod","Bossed Relics","Downfall","GifTheSpireLib","Hermit","Minty Spire (QoL Compilation)","Reliquary","StSLib"],"gold_per_floor":[109,124,137,148,148,148,180,130,184,210,27,100,100,100,100,195,195,206,131,131,131,31,31,59,77,104,124,143,143,143],"floor_reached":29,"language":"ENG","playtime":976,"items_purged":["Strike_G","downfall:Bewildered"],"score":277,"play_id":"bef21502-3141-413b-a063-30ad5907b31c","local_time":"20210214111916","is_ascension_mode":true,"campfire_choices":[{"data":"Poisoned Stab","floor":6,"key":"SMITH"},{"data":"Noxious Fumes","floor":13,"key":"SMITH"},{"data":"Strike_G","floor":15,"key":"SMITH"},{"data":"A Thousand Cuts","floor":23,"key":"SMITH"}],"circlet_count":0,"master_deck":["Strike_G+1","Strike_G+1","Defend_G","Defend_G","Defend_G","Defend_G","Survivor","Neutralize+1","Blur","Poisoned Stab+1","Slice","Backflip","After Image","Blur","Noxious Fumes+1","A Thousand Cuts+1","Caltrops","Slice+1","Cloak And Dagger","Dodge and Roll"],"relics":["Ring of the Snake","NeowsBlessing","Tiny Chest","Whetstone","Oddly Smooth Stone","aspiration:FetidBarrel","Nunchaku","Busted Crown","sneckomod:BabySnecko","reliquary:PartyBalloon","reliquary:PorcupineQuills","Bag of Marbles"],"acts_visited":["Exordium","TheCity"],"potions_floor_usage":[4,7,7,24,25,27],"damage_taken":[{"damage":0,"enemies":"Jaw Worm","floor":1,"turns":1},{"damage":0,"enemies":"2 Louse","floor":2,"turns":1},{"damage":0,"enemies":"Small Slimes","floor":3,"turns":1},{"damage":0,"enemies":"Blue Slaver","floor":4,"turns":3},{"damage":10,"enemies":"3 Sentries","floor":7,"turns":9},{"damage":3,"enemies":"Slime Boss","floor":16,"turns":12},{"damage":1,"enemies":"3 Byrds","floor":18,"turns":5},{"damage":37,"enemies":"Gremlin Leader","floor":24,"turns":6},{"damage":2,"enemies":"2 Thieves","floor":25,"turns":5},{"damage":12,"enemies":"Centurion and Healer","floor":27,"turns":7},{"damage":1,"enemies":"Snecko","floor":28,"turns":4},{"damage":18,"enemies":"Masked Bandits","floor":29,"turns":3}],"seed_played":"-2908642538091976853","potions_obtained":[{"floor":2,"key":"SkillPotion"},{"floor":3,"key":"Energy Potion"},{"floor":4,"key":"Explosive Potion"},{"floor":16,"key":"Dexterity Potion"},{"floor":18,"key":"Poison Potion"},{"floor":25,"key":"Guardian:BlockOnCardUsePotion"}],"is_trial":false,"path_per_floor":["M","M","M","M","?","R","E","?","T","T","$","T","R","?","R","B",null,"M","?","?","T","$","R","E","M","T","M","M","?"],"character_chosen":"THE_SILENT","items_purchased":["Blur","Noxious Fumes"],"campfire_rested":0,"item_purchase_floors":[11,11],"current_hp_per_floor":[70,70,70,70,63,63,53,53,53,53,53,53,53,46,46,43,70,69,69,69,69,69,69,32,30,30,18,17,0,0],"gold":143,"neow_bonus":"THREE_ENEMY_KILL","is_daily":false,"chose_seed":false,"campfire_upgraded":4,"win_rate":0.0,"timestamp":1613294356,"path_taken":["M","M","M","M","?","R","E","?","T","?","?","?","R","?","R","BOSS","M","?","?","?","$","R","E","M","T","M","?","?"],"items_purchased_type":["Card","Card"],"build_version":"2020-12-22","purchased_purges":2,"victory":false,"max_hp_per_floor":[70,70,70,70,70,70,70,70,70,70,70,70,70,70,70,70,70,70,70,70,70,70,70,70,70,70,70,70,70,70],"card_choices":[{"not_picked":["Prepared","Choke"],"picked":"Blur","floor":1},{"not_picked":["PiercingWail","Predator"],"picked":"Poisoned Stab","floor":2},{"not_picked":["Quick Slash","Heel Hook"],"picked":"Slice","floor":3},{"not_picked":["Prepared","Dodge and Roll"],"picked":"Backflip","floor":4},{"not_picked":["Caltrops","Footwork"],"picked":"After Image","floor":7},{"not_picked":["Malaise","aspiration:Lunge"],"picked":"A Thousand Cuts","floor":16},{"not_picked":[],"picked":"Caltrops","floor":18},{"not_picked":["Sucker Punch"],"picked":"SKIP","floor":24},{"not_picked":[],"picked":"Slice+1","floor":25},{"not_picked":[],"picked":"Cloak And Dagger","floor":27},{"not_picked":[],"picked":"Dodge and Roll","floor":28}],"player_experience":575659,"relics_obtained":[{"floor":7,"key":"Tiny Chest"},{"floor":9,"key":"Whetstone"},{"floor":10,"key":"Oddly Smooth Stone"},{"floor":12,"key":"aspiration:FetidBarrel"},{"floor":21,"key":"reliquary:PartyBalloon"},{"floor":24,"key":"reliquary:PorcupineQuills"},{"floor":26,"key":"Bag of Marbles"}],"event_choices":[{"cards_removed":["Strike_G"],"damage_healed":0,"gold_gain":0,"player_choice":"Card Removal","damage_taken":7,"max_hp_gain":0,"max_hp_loss":0,"event_name":"Golden Wing","floor":5,"gold_loss":0},{"cards_removed":["Strike_G"],"damage_healed":0,"gold_gain":0,"player_choice":"Card Removal","damage_taken":0,"max_hp_gain":0,"max_hp_loss":0,"event_name":"The Cleric","floor":8,"gold_loss":50},{"damage_healed":0,"gold_gain":0,"player_choice":"Success","damage_taken":7,"relics_obtained":["Nunchaku"],"max_hp_gain":0,"max_hp_loss":0,"event_name":"Scrap Ooze","floor":14,"gold_loss":0},{"cards_removed":["Defend_G"],"damage_healed":0,"gold_gain":0,"player_choice":"Gave Gold","damage_taken":0,"max_hp_gain":0,"max_hp_loss":0,"event_name":"Beggar","floor":19,"gold_loss":75},{"damage_healed":0,"gold_gain":0,"player_choice":"Fought Bandits","damage_taken":0,"max_hp_gain":0,"max_hp_loss":0,"event_name":"Masked Bandits","floor":29,"gold_loss":0}],"is_beta":false,"boss_relics":[{"not_picked":["Runic Dome","reliquary:KinkedSpring"],"picked":"Busted Crown"}],"items_purged_floors":[11,22],"is_endless":false,"potions_floor_spawned":[2,3,4,16,18,25],"killed_by":"Masked Bandits","ascension_level":3}}