{"host":"7gewg82ormp6yt4e","time":1613307551,"event":{"mods":["BaseMod","Block Reminder","Colored Map","DeckTracker","Highlight Path","Minty Spire (QoL Compilation)","Relic Stats","StSLib","ojb\u0027s Info Mod"],"gold_per_floor":[118,118,40,55,73,107,107,134,160,160,180,180,180,196,196,271,271,313,313,356,356,356],"floor_reached":21,"language":"JPN","playtime":910,"items_purged":[],"score":378,"play_id":"6ca780c0-4b68-417e-bea5-6647a786852e","local_time":"20210214215911","is_ascension_mode":true,"campfire_choices":[{"floor":7.0,"key":"REST"},{"data":"Eruption","floor":10.0,"key":"SMITH"},{"floor":12.0,"key":"REST"},{"data":"ThirdEye","floor":15.0,"key":"SMITH"}],"circlet_count":0,"master_deck":["AscendersBane","Strike_P","Strike_P","Defend_P","Defend_P","Defend_P","Defend_P","Eruption+1","Vigilance","EmptyFist","ReachHeaven","BattleHymn","ThirdEye+1","Indignation","Sanctity","Weave","Wish","MentalFortress+1","EmptyBody"],"relics":["HolyWater","Art of War","Pen Nib","Damaru"],"acts_visited":["Exordium","TheCity"],"potions_floor_usage":[20],"damage_taken":[{"damage":7.0,"enemies":"Jaw Worm","floor":1.0,"turns":4.0},{"damage":1.0,"enemies":"Small Slimes","floor":4.0,"turns":3.0},{"damage":0.0,"enemies":"Cultist","floor":5.0,"turns":3.0},{"damage":25.0,"enemies":"Lagavulin","floor":6.0,"turns":6.0},{"damage":15.0,"enemies":"Gremlin Nob","floor":8.0,"turns":3.0},{"damage":1.0,"enemies":"Red Slaver","floor":11.0,"turns":4.0},{"damage":5.0,"enemies":"Gremlin Gang","floor":14.0,"turns":3.0},{"damage":15.0,"enemies":"Hexaghost","floor":16.0,"turns":7.0},{"damage":25.0,"enemies":"Chosen","floor":18.0,"turns":4.0},{"damage":0,"enemies":"Spheric Guardian","floor":20,"turns":3},{"damage":94,"enemies":"Chosen and Byrds","floor":21,"turns":7}],"seed_played":"-3669464040747414030","potions_obtained":[{"floor":0.0,"key":"FairyPotion"},{"floor":0.0,"key":"Energy Potion"},{"floor":8.0,"key":"Explosive Potion"},{"floor":16.0,"key":"PowerPotion"},{"floor":18.0,"key":"Regen Potion"}],"is_trial":false,"path_per_floor":["M","?","$","M","M","E","R","E","T","R","M","R","?","M","R","B",null,"M","?","M","M"],"character_chosen":"WATCHER","items_purchased":["ReachHeaven"],"campfire_rested":2,"item_purchase_floors":[3],"current_hp_per_floor":[54,47,47,46,46,21,41,26,26,26,25,45,45,40,40,25,57,32,32,41,0,0],"gold":356,"neow_bonus":"THREE_SMALL_POTIONS","is_daily":false,"chose_seed":false,"campfire_upgraded":2,"win_rate":0.0,"timestamp":1613307551,"path_taken":["M","?","$","M","M","E","R","E","T","R","M","R","?","M","R","BOSS","M","?","?","M"],"items_purchased_type":["Card"],"build_version":"2020-12-22","purchased_purges":0,"victory":false,"max_hp_per_floor":[68,68,68,68,68,68,68,68,68,68,68,68,68,68,68,68,68,68,68,68,68,68],"relic_stats":{"counters":[11,47],"Pen Nib":[4],"Art of War":[5],"obtain_stats":[{"Damaru":9,"HolyWater":17,"Pen Nib":8,"Art of War":6,"PureWater":0},{"Damaru":5,"HolyWater":8,"Pen Nib":5,"Art of War":4,"PureWater":0},{"Damaru":19,"HolyWater":33,"Pen Nib":19,"Art of War":16,"PureWater":0}]},"card_choices":[{"not_picked":["Crescendo","Indignation"],"picked":"EmptyFist","floor":1.0},{"not_picked":["PathToVictory","ClearTheMind"],"picked":"BattleHymn","floor":4.0},{"not_picked":["Evaluate","Halt"],"picked":"ThirdEye","floor":5.0},{"not_picked":["Protect","WreathOfFlame"],"picked":"Indignation","floor":6.0},{"not_picked":["BowlingBash","Halt","LikeWater"],"picked":"SKIP","floor":8.0},{"not_picked":["Evaluate","FollowUp"],"picked":"Sanctity","floor":11.0},{"not_picked":["JustLucky","SignatureMove","PathToVictory"],"picked":"SKIP","floor":14.0},{"not_picked":["Blasphemy","ConjureBlade"],"picked":"Wish","floor":16.0},{"not_picked":["Protect","BattleHymn"],"picked":"MentalFortress","floor":18.0},{"not_picked":["Consecrate","PathToVictory"],"picked":"EmptyBody","floor":20}],"player_experience":2865942,"relics_obtained":[{"floor":6.0,"key":"Art of War"},{"floor":8.0,"key":"Pen Nib"},{"floor":9.0,"key":"Damaru"}],"event_choices":[{"cards_removed":["Strike_P"],"damage_healed":0.0,"max_hp_gain":0.0,"max_hp_loss":0.0,"gold_gain":0.0,"event_name":"Golden Wing","player_choice":"Card Removal","floor":2.0,"gold_loss":0.0,"damage_taken":7.0},{"damage_healed":0.0,"max_hp_gain":0.0,"max_hp_loss":0.0,"gold_gain":0.0,"cards_transformed":["Strike_P"],"event_name":"Living Wall","player_choice":"Change","floor":13.0,"gold_loss":0.0,"damage_taken":0.0,"cards_obtained":["Weave"]},{"damage_healed":0.0,"max_hp_gain":0.0,"max_hp_loss":0.0,"gold_gain":0.0,"event_name":"Upgrade Shrine","player_choice":"Upgraded","floor":19.0,"gold_loss":0.0,"damage_taken":0.0,"cards_upgraded":["MentalFortress"]}],"is_beta":false,"boss_relics":[{"not_picked":["SlaversCollar","Black Star"],"picked":"HolyWater"}],"items_purged_floors":[],"is_endless":false,"potions_floor_spawned":[4,6,8,16,18],"killed_by":"Chosen and Byrds","ascension_level":20}}