{"host":"627up2rvtmm0cf0r","time":1613291460,"event":{"mods":["ATMod(°¢èªMod)","Act Like it!","BaseMod","Better Vampires","Bossed Relics","CapriCore","Card Filter","Card Forge","Colored Powertips","DeckTracker","Dota2Spire","Downfall","Energized Spire","Friendly Minions","Highlight Path","Infinite Spire","Jedi Mod","Minty Spire (QoL Compilation)","MostiFishMod","Permanent Neow","Practice Mode","Quick Restart","Relic Stats","Reliquary","Shop Mod","Spicy Shops","StSLib","SuperFastMode","TestMod","¡¾ÒÅÎï¿¨ÅÆ¡¿REMEMod","óô»ðÖ¸ÄÏ"],"gold_per_floor":[110,110,110,209,209,247,268,301,351,351,396,396,547,560,560,715,715,729,729,828,828,828],"floor_reached":21,"language":"ZHS","playtime":770,"items_purged":[],"score":256,"play_id":"5bd67c6f-2418-48f2-9897-5b559d60838c","local_time":"20210214163100","is_ascension_mode":true,"campfire_choices":[{"data":"MostiFishMod:Neurotoxin","floor":10,"key":"SMITH"},{"data":"PiercingWail","floor":15,"key":"SMITH"}],"circlet_count":0,"master_deck":["Strike_G+1","Strike_G+1","Strike_G","Defend_G","Defend_G","Defend_G","Defend_G","Defend_G","Survivor","Neutralize","PiercingWail+1","REME_WheelOfFate+1","MostiFishMod:Neurotoxin+1","A Thousand Cuts+1","After Image+1"],"relics":["Ring of the Snake","Hammer of Thor","Seething Fire","Anvil of the Gods","DaveBox","testmod-TestBox","REME_ComplimentaryCards","AT_ATBox","testmod-Temperance","ArrowTower","SynthV:TestCard","Golden Idol","Dota2Spire:HandOfMidas","Toy Ornithopter","reliquary:ExpiredCoupon","ImprovedEquipment","Whetstone","AT_SilvercatRing","energizedSpire:SpiderWeb"],"acts_visited":["Exordium","TheCity"],"potions_floor_usage":[13,13],"damage_taken":[{"damage":0,"enemies":"2 Louse","floor":1,"turns":2},{"damage":4,"enemies":"Small Slimes","floor":4,"turns":2},{"damage":6,"enemies":"Lagavulin","floor":6,"turns":5},{"damage":9,"enemies":"infinitespire:Voidling","floor":7,"turns":3},{"damage":17,"enemies":"Gremlin Nob","floor":8,"turns":5},{"damage":4,"enemies":"2 Fungi Beasts","floor":11,"turns":3},{"damage":21,"enemies":"3 Sentries","floor":13,"turns":5},{"damage":12,"enemies":"Lots of Slimes","floor":14,"turns":2},{"damage":8,"enemies":"The Guardian","floor":16,"turns":7},{"damage":8,"enemies":"3 Byrds","floor":18,"turns":3},{"damage":49,"enemies":"Shell Parasite","floor":21,"turns":2}],"seed_played":"3217611863720159268","potions_obtained":[{"floor":1,"key":"Weak Potion"},{"floor":8,"key":"testmod-TestPotion"},{"floor":11,"key":"EntropicBrew"},{"floor":13,"key":"bronze:BurnAndBuffPotion"},{"floor":14,"key":"Strength Potion"}],"is_trial":false,"path_per_floor":["M","?","?","M","?","E","M","E","T","R","M","?","E","M","R","B",null,"M","?","?","M"],"character_chosen":"THE_SILENT","items_purchased":[],"campfire_rested":0,"item_purchase_floors":[],"current_hp_per_floor":[63,48,48,44,44,38,58,41,41,41,37,37,26,14,14,6,49,41,41,41,0,0],"gold":828,"neow_bonus":"RANDOM_COLORLESS_2","is_daily":false,"chose_seed":false,"campfire_upgraded":2,"win_rate":0.0,"timestamp":1613291460,"path_taken":["M","?","?","?","?","E","M","E","T","R","?","?","E","M","R","BOSS","M","?","?","M"],"items_purchased_type":[],"build_version":"2020-12-22","purchased_purges":0,"victory":false,"max_hp_per_floor":[63,63,63,63,63,63,63,63,63,63,63,63,63,63,63,63,63,63,63,63,63,63],"relic_stats":{"counters":[11,37],"Golden Idol":65,"Whetstone":["Strike_G","Strike_G"],"obtain_stats":[{"Dota2Spire:HandOfMidas":8,"testmod-TestBox":0,"AT_ATBox":0,"DaveBox":0,"testmod-Temperance":0,"Golden Idol":2,"ImprovedEquipment":12,"Hammer of Thor":0,"Seething Fire":0,"Whetstone":13,"AT_SilvercatRing":16,"energizedSpire:SpiderWeb":17,"reliquary:ExpiredCoupon":11,"SynthV:TestCard":1,"Anvil of the Gods":0,"testmod-BalancedPeriapt":6,"ArrowTower":0,"Toy Ornithopter":9,"Ring of the Snake":0,"REME_ComplimentaryCards":0},{"Dota2Spire:HandOfMidas":5,"testmod-TestBox":0,"AT_ATBox":0,"DaveBox":0,"testmod-Temperance":0,"Golden Idol":1,"ImprovedEquipment":6,"Hammer of Thor":0,"Seething Fire":0,"Whetstone":7,"AT_SilvercatRing":9,"energizedSpire:SpiderWeb":9,"reliquary:ExpiredCoupon":6,"SynthV:TestCard":1,"Anvil of the Gods":0,"testmod-BalancedPeriapt":3,"ArrowTower":0,"Toy Ornithopter":5,"Ring of the Snake":0,"REME_ComplimentaryCards":0},{"Dota2Spire:HandOfMidas":16,"testmod-TestBox":0,"AT_ATBox":0,"DaveBox":0,"testmod-Temperance":0,"Golden Idol":2,"ImprovedEquipment":19,"Hammer of Thor":0,"Seething Fire":0,"Whetstone":23,"AT_SilvercatRing":32,"energizedSpire:SpiderWeb":32,"reliquary:ExpiredCoupon":19,"SynthV:TestCard":2,"Anvil of the Gods":0,"testmod-BalancedPeriapt":8,"ArrowTower":0,"Toy Ornithopter":16,"Ring of the Snake":0,"REME_ComplimentaryCards":0}],"Toy Ornithopter":10,"Ring of the Snake":[22]},"card_choices":[{"not_picked":["testmod-RepeatForm","MostiFishMod:StoryBook"],"picked":"REME_WheelOfFate","floor":0},{"not_picked":["Crippling Poison","Acrobatics"],"picked":"PiercingWail","floor":1},{"not_picked":["Well Laid Plans","Outmaneuver","Dodge and Roll","Flechettes","Acrobatics"],"picked":"SKIP","floor":4},{"not_picked":["Well Laid Plans","Outmaneuver","Dodge and Roll","Flechettes","Acrobatics"],"picked":"SKIP","floor":4},{"not_picked":["REME_ShadowStrike","Outmaneuver","MostiFishMod:PoisonShield","Tactician"],"picked":"MostiFishMod:Neurotoxin","floor":6},{"not_picked":["Dodge and Roll","Underhanded Strike","Flechettes","Acrobatics","Blade Dance"],"picked":"SKIP","floor":7},{"not_picked":["Heel Hook","AT_WindRun","Acrobatics","Masterful Stab"],"picked":"A Thousand Cuts","floor":8},{"not_picked":["jedi:poisonivy","Backflip","Dagger Throw","Poisoned Stab","Slice"],"picked":"SKIP","floor":11},{"not_picked":["AT_WindFlip","Flying Knee","REME_ShadowStrike","Tactician","Choke"],"picked":"SKIP","floor":13},{"not_picked":["Poisoned Stab","Blade Dance","Underhanded Strike","Reflex","AT_ThistleTea"],"picked":"SKIP","floor":14},{"not_picked":["REME_LeechingPoison","MostiFishMod:Listen","AT_EssenceShift","MostiFishMod:Neurotoxin"],"picked":"After Image","floor":16},{"not_picked":["AT_KneejerkReflex","REME_GreenPollution+1","Setup","Terror","Poisoned Stab+1"],"picked":"SKIP","floor":18}],"player_experience":161991,"relics_obtained":[{"floor":1,"key":"SynthV:TestCard"},{"floor":6,"key":"testmod-BalancedPeriapt"},{"floor":8,"key":"Dota2Spire:HandOfMidas"},{"floor":9,"key":"Toy Ornithopter"},{"floor":12,"key":"ImprovedEquipment"},{"floor":13,"key":"Whetstone"},{"floor":16,"key":"AT_SilvercatRing"}],"event_choices":[{"damage_healed":0,"gold_gain":0,"player_choice":"Take Damage","damage_taken":15,"relics_obtained":["Golden Idol"],"max_hp_gain":0,"max_hp_loss":0,"event_name":"Golden Idol","floor":2,"gold_loss":0},{"damage_healed":0,"gold_gain":0,"player_choice":"Ignored","damage_taken":0,"max_hp_gain":0,"max_hp_loss":0,"event_name":"NoteForYourself","floor":5,"gold_loss":0},{"cards_removed":["Strike_G"],"damage_healed":0,"gold_gain":0,"player_choice":"Elegance","damage_taken":0,"max_hp_gain":0,"max_hp_loss":0,"event_name":"Back to Basics","floor":19,"gold_loss":0},{"damage_healed":0,"gold_gain":99,"player_choice":"Stole From Cult","damage_taken":0,"max_hp_gain":0,"max_hp_loss":0,"event_name":"Nest","floor":20,"gold_loss":0}],"is_beta":false,"boss_relics":[{"not_picked":["energizedSpire:StickyHand","RhineCircuit"],"picked":"energizedSpire:SpiderWeb"}],"items_purged_floors":[],"is_endless":false,"potions_floor_spawned":[1,8,11,13,14],"killed_by":"Shell Parasite","ascension_level":6}}