{"host":"34ep1ixvv1fq2ewd","time":1613266702,"event":{"mods":["AchievementEnabler","BaseMod","Colored Map","Colored Powertips","Downfall","Googly Eyes","Hubris","Marisa????????","Minty Spire (QoL Compilation)","Rare Cards Sparkle","Replay The Spire","StSLib","The Hierophant"],"gold_per_floor":[119,119,119,133,5,5,5,36,36,36,54,54,19,19,19,123,123,135,135,135],"floor_reached":19,"language":"ENG","playtime":1218,"items_purged":[],"score":163,"play_id":"0e40a499-815a-4351-b1e1-869ccf772a4e","local_time":"20210214123822","is_ascension_mode":false,"campfire_choices":[{"floor":6,"key":"REST"},{"floor":10,"key":"REST"},{"floor":12,"key":"REST"},{"data":"Creative AI","floor":15,"key":"SMITH"}],"circlet_count":0,"master_deck":["Strike_B","Strike_B","Strike_B","Defend_B","Defend_B","Defend_B","Zap","Dualcast","BootSequence","Cold Snap","Chill+1","Redo","ReplayGash+1","Static Discharge","Regret","Creative AI+1","Rebound","All For One","Capacitor"],"relics":["Cracked Core","Smiling Mask","Replay:Bottled Snecko","Solar Panel","hubris:GrandSneckoEye"],"acts_visited":["Exordium","TheCity"],"potions_floor_usage":[8,16],"damage_taken":[{"damage":2,"enemies":"2 Louse","floor":1,"turns":2},{"damage":4,"enemies":"Small Slimes","floor":4,"turns":3},{"damage":32,"enemies":"Lagavulin","floor":8,"turns":6},{"damage":22,"enemies":"Jaw Worm","floor":11,"turns":5},{"damage":74,"enemies":"The Guardian","floor":16,"turns":9},{"damage":36,"enemies":"Shell Parasite","floor":18,"turns":6},{"damage":45,"enemies":"Chosen","floor":19,"turns":8}],"seed_played":"1450652407954350314","potions_obtained":[{"floor":4,"key":"hexamod:SoulburnPotion"},{"floor":11,"key":"AttackPotion"}],"is_trial":false,"path_per_floor":["M","?","?","M","$","R","?","E","T","R","M","R","?","$","R","B",null,"M","M"],"character_chosen":"DEFECT","items_purchased":["ReplayGash+1","Static Discharge"],"campfire_rested":3,"item_purchase_floors":[5,5],"current_hp_per_floor":[73,73,73,69,69,75,75,43,43,65,47,69,75,75,75,1,75,41,0,0],"gold":135,"neow_bonus":"TRANSFORM_CARD","is_daily":false,"chose_seed":false,"campfire_upgraded":1,"win_rate":0.0,"timestamp":1613266702,"path_taken":["M","?","?","M","$","R","?","E","T","R","M","R","?","$","R","BOSS","M","M"],"items_purchased_type":["Card","Card"],"build_version":"2020-12-22","purchased_purges":0,"victory":false,"max_hp_per_floor":[75,75,75,75,75,75,75,75,75,75,75,75,75,75,75,75,75,75,75,75],"card_choices":[{"not_picked":["Hologram","Turbo"],"picked":"Cold Snap","floor":1},{"not_picked":["Steam","Cold Snap"],"picked":"Redo","floor":4},{"not_picked":["Fission","Gash"],"picked":"Creative AI","floor":8},{"not_picked":["Reprogram","Barrage"],"picked":"Rebound","floor":11},{"not_picked":["Meteor Strike","Biased Cognition"],"picked":"All For One","floor":16},{"not_picked":["Turbo+1","Steam"],"picked":"Capacitor","floor":18}],"player_experience":35437,"relics_obtained":[{"floor":8,"key":"Replay:Bottled Snecko"},{"floor":9,"key":"Solar Panel"}],"event_choices":[{"damage_healed":0,"gold_gain":0,"cards_transformed":["Strike_B"],"player_choice":"Change","damage_taken":0,"max_hp_gain":0,"max_hp_loss":0,"event_name":"Living Wall","floor":2,"gold_loss":0,"cards_obtained":["Chill"]},{"damage_healed":0,"gold_gain":0,"player_choice":"Box","damage_taken":0,"relics_obtained":["Smiling Mask"],"max_hp_gain":0,"max_hp_loss":0,"event_name":"Big Fish","floor":7,"gold_loss":0,"cards_obtained":["Regret"]},{"damage_healed":18,"gold_gain":0,"player_choice":"Healed","damage_taken":0,"max_hp_gain":0,"max_hp_loss":0,"event_name":"The Cleric","floor":13,"gold_loss":35}],"is_beta":false,"boss_relics":[{"not_picked":["Replay:Wanted Poster","ReplayTheSpireMod:DimensionalGlitch"],"picked":"hubris:GrandSneckoEye"}],"items_purged_floors":[],"is_endless":false,"potions_floor_spawned":[4,11],"killed_by":"Chosen","ascension_level":0}}