{"host":"ypzb5vvnu9f3ii1t","time":1613319692,"event":{"mods":["AchievementEnabler","BaseMod","Colored Map","DeckTracker","Keyboard Shortcuts","Minty Spire (QoL Compilation)","Permanent Neow","Quick Restart","SuperFastMode"],"gold_per_floor":[360,360,379,379,391,391,83,83,83,116,116,116,116,116,116],"floor_reached":14,"language":"KOR","playtime":364,"items_purged":[],"score":108,"play_id":"240d9113-ad48-4e92-94da-6745e4461fb7","local_time":"20210215012132","is_ascension_mode":true,"campfire_choices":[{"data":"PathToVictory","floor":6,"key":"SMITH"},{"data":"Eruption","floor":8,"key":"SMITH"},{"floor":12,"key":"REST"}],"circlet_count":0,"master_deck":["Strike_P","Strike_P","Strike_P","Strike_P","Defend_P","Defend_P","Defend_P","Defend_P","Eruption+1","Vigilance","PathToVictory+1"],"relics":["PureWater","Prayer Wheel","Kunai","Blue Candle","Pantograph"],"acts_visited":["Exordium"],"potions_floor_usage":[14],"damage_taken":[{"damage":0.0,"enemies":"Cultist","floor":1.0,"turns":3.0},{"damage":8,"enemies":"Small Slimes","floor":3,"turns":2},{"damage":6,"enemies":"Jaw Worm","floor":5,"turns":5},{"damage":38,"enemies":"Lagavulin","floor":10,"turns":8},{"damage":3,"enemies":"3 Sentries","floor":14,"turns":2}],"seed_played":"3030512335009931292","potions_obtained":[{"floor":3,"key":"Block Potion"},{"floor":5,"key":"GamblersBrew"}],"is_trial":false,"path_per_floor":["M","?","M","?","M","R","$","R","T","E","$","R","?","E"],"character_chosen":"WATCHER","items_purchased":["Prayer Wheel"],"campfire_rested":1,"item_purchase_floors":[7],"current_hp_per_floor":[72,72,64,57,51,51,51,51,51,13,13,33,30,27,27],"gold":116,"neow_bonus":"TWO_FIFTY_GOLD","is_daily":false,"chose_seed":false,"campfire_upgraded":2,"win_rate":0.0,"timestamp":1613319692,"path_taken":["M","?","M","?","M","R","$","R","T","E","$","R","?","E"],"items_purchased_type":["Relic"],"build_version":"2020-12-22","purchased_purges":0,"victory":false,"max_hp_per_floor":[72,72,72,69,69,69,69,69,69,69,69,69,69,69,69],"card_choices":[{"not_picked":["ThirdEye","FlurryOfBlows","BowlingBash"],"picked":"SKIP","floor":1.0},{"not_picked":["Protect","ForeignInfluence","FollowUp"],"picked":"SKIP","floor":3},{"not_picked":["Protect","Fasting2"],"picked":"PathToVictory","floor":5},{"not_picked":["Worship","CutThroughFate","FlurryOfBlows"],"picked":"SKIP","floor":10}],"player_experience":222144,"relics_obtained":[{"floor":9,"key":"Kunai"},{"floor":10,"key":"Blue Candle"}],"event_choices":[{"damage_healed":0.0,"max_hp_gain":0.0,"max_hp_loss":0.0,"gold_gain":0.0,"event_name":"Shining Light","player_choice":"Ignored","floor":2.0,"gold_loss":0.0,"damage_taken":0.0},{"cards_removed":["Parasite"],"damage_healed":0,"gold_gain":0,"player_choice":"Card Removal","damage_taken":7,"max_hp_gain":0,"max_hp_loss":0,"event_name":"Golden Wing","floor":4,"gold_loss":0},{"damage_healed":0,"gold_gain":0,"player_choice":"Success","damage_taken":3,"relics_obtained":["Pantograph"],"max_hp_gain":0,"max_hp_loss":0,"event_name":"Scrap Ooze","floor":13,"gold_loss":0}],"is_beta":false,"boss_relics":[],"items_purged_floors":[],"is_endless":false,"potions_floor_spawned":[3,5],"killed_by":"3 Sentries","ascension_level":5}}