{"host":"fbdlh90rovbiajun","time":1613291296,"event":{"mods":["AchievementEnabler","BaseMod","Colored Map","Keyboard Shortcuts","Minty Spire (QoL Compilation)","SuperFastMode"],"gold_per_floor":[113,188,205,217,167,167,167,184,184,184,197,197,30,45,45,149,149,164,175,175,175,194,194,194],"floor_reached":23,"language":"KOR","playtime":532,"items_purged":[],"score":183,"play_id":"9534c256-548a-457e-aa3d-94e8749e3a41","local_time":"20210214172816","is_ascension_mode":false,"campfire_choices":[{"data":"Heavy Blade","floor":7,"key":"SMITH"},{"data":"Flex","floor":10,"key":"SMITH"},{"data":"1","floor":12,"key":"LIFT"},{"data":"Inflame","floor":15,"key":"SMITH"}],"circlet_count":0,"master_deck":["Strike_R","Strike_R","Strike_R","Strike_R","Strike_R","Defend_R","Defend_R","Bash","Heavy Blade+1","Flex+1","Rampage","Flex","Inflame","Thunderclap","Inflame+1","Armaments","Flex","Offering","Heavy Blade"],"relics":["Black Blood","NeowsBlessing","Girya","Orrery"],"acts_visited":["Exordium","TheCity"],"potions_floor_usage":[16,23],"damage_taken":[{"damage":0,"enemies":"2 Louse","floor":1,"turns":1},{"damage":0,"enemies":"Small Slimes","floor":3,"turns":1},{"damage":0,"enemies":"Jaw Worm","floor":4,"turns":1},{"damage":12,"enemies":"Blue Slaver","floor":8,"turns":2},{"damage":6,"enemies":"Exordium Wildlife","floor":11,"turns":2},{"damage":17,"enemies":"Large Slime","floor":14,"turns":4},{"damage":34,"enemies":"The Guardian","floor":16,"turns":7},{"damage":6,"enemies":"Spheric Guardian","floor":18,"turns":2},{"damage":39,"enemies":"3 Byrds","floor":19,"turns":4},{"damage":23,"enemies":"Centurion and Healer","floor":22,"turns":5},{"damage":32,"enemies":"Gremlin Leader","floor":23,"turns":2}],"seed_played":"-251886944915620078","potions_obtained":[{"floor":14,"key":"LiquidMemories"},{"floor":19,"key":"DuplicationPotion"}],"is_trial":false,"path_per_floor":["M","?","M","M","?","?","R","M","T","R","M","R","$","M","R","B",null,"M","M","?","?","M","E"],"character_chosen":"IRONCLAD","items_purchased":["Flex","Orrery"],"campfire_rested":0,"item_purchase_floors":[13,13],"current_hp_per_floor":[80,69,75,80,80,73,73,67,67,67,67,67,67,56,56,28,80,80,53,53,38,27,0,0],"gold":194,"neow_bonus":"THREE_ENEMY_KILL","is_daily":false,"chose_seed":false,"campfire_upgraded":3,"win_rate":0.0,"timestamp":1613291296,"path_taken":["M","?","M","M","?","?","R","M","T","R","?","R","$","M","R","BOSS","M","M","?","?","?","E"],"items_purchased_type":["Card","Relic"],"build_version":"2020-12-22","purchased_purges":0,"victory":false,"max_hp_per_floor":[80,80,80,80,80,80,80,80,80,80,80,80,80,80,80,80,80,80,80,80,85,85,85,85],"card_choices":[{"not_picked":["Cleave","Clash"],"picked":"Heavy Blade","floor":1},{"not_picked":["True Grit","Clothesline","Reckless Charge"],"picked":"SKIP","floor":3},{"not_picked":["Armaments","Perfected Strike","Pommel Strike"],"picked":"SKIP","floor":4},{"not_picked":["Burning Pact","Bludgeon"],"picked":"Flex","floor":8},{"not_picked":["Flame Barrier","Entrench"],"picked":"Rampage","floor":11},{"not_picked":["Fire Breathing","Dropkick"],"picked":"Inflame","floor":13},{"not_picked":["Barricade","Blood for Blood"],"picked":"Thunderclap","floor":13},{"not_picked":["Infernal Blade","Sword Boomerang"],"picked":"Inflame","floor":13},{"not_picked":["Shrug It Off","Headbutt"],"picked":"Armaments","floor":13},{"not_picked":["Pommel Strike","Metallicize"],"picked":"Flex","floor":14},{"not_picked":["Exhume","Feed"],"picked":"Offering","floor":16},{"not_picked":["Wild Strike","Burning Pact","Sword Boomerang"],"picked":"SKIP","floor":18},{"not_picked":["Perfected Strike","Headbutt","Shockwave"],"picked":"SKIP","floor":19},{"not_picked":["Infernal Blade","Berserk"],"picked":"Heavy Blade","floor":22}],"player_experience":40710,"relics_obtained":[{"floor":9,"key":"Girya"}],"event_choices":[{"damage_healed":0,"gold_gain":75,"player_choice":"Gather Gold","damage_taken":11,"max_hp_gain":0,"max_hp_loss":0,"event_name":"World of Goop","floor":2,"gold_loss":0},{"cards_removed":["Defend_R"],"damage_healed":0,"gold_gain":0,"player_choice":"Card Removal","damage_taken":0,"max_hp_gain":0,"max_hp_loss":0,"event_name":"The Cleric","floor":5,"gold_loss":50},{"cards_removed":["Defend_R"],"damage_healed":0,"gold_gain":0,"player_choice":"Card Removal","damage_taken":7,"max_hp_gain":0,"max_hp_loss":0,"event_name":"Golden Wing","floor":6,"gold_loss":0},{"damage_healed":0,"gold_gain":0,"player_choice":"Shed Blood","damage_taken":20,"max_hp_gain":5,"max_hp_loss":0,"event_name":"Forgotten Altar","floor":21,"gold_loss":0}],"is_beta":false,"boss_relics":[{"not_picked":["Busted Crown","Black Star"],"picked":"Black Blood"}],"items_purged_floors":[],"is_endless":false,"potions_floor_spawned":[14,19],"killed_by":"Gremlin Leader","ascension_level":0}}