{"host":"bsgp9wgausrmthh2","time":1613346055,"event":{"mods":["AchievementEnabler","BaseMod","Colored Map","Downfall","Hermit","Minty Spire (QoL Compilation)","Replay The Spire","StSLib"],"gold_per_floor":[119,119,139,159,173,173,202,213,284,284,284,304,95,114,114,209,209,229,229,245,245,25,25,43,43,67,87,87,87],"floor_reached":28,"language":"ENG","playtime":1953,"items_purged":[],"score":222,"play_id":"dddba541-da08-4b7e-b97e-a00bbffecd1d","local_time":"20210214184055","is_ascension_mode":false,"campfire_choices":[{"data":"hermit:Maintenance","floor":6,"key":"SMITH"},{"floor":11,"key":"RECALL"},{"floor":15,"key":"REST"},{"data":"hermit:HighNoon","floor":23,"key":"SMITH"},{"data":"hermit:BlackWind","floor":25,"key":"SMITH"}],"circlet_count":0,"master_deck":["hermit:Strike_Hermit","hermit:Strike_Hermit","hermit:Strike_Hermit","hermit:Strike_Hermit","hermit:Defend_Hermit","hermit:Defend_Hermit","hermit:Defend_Hermit","hermit:Defend_Hermit","hermit:Snapshot","hermit:Ricochet+1","hermit:Snipe","hermit:Dive","hermit:Maintenance+1","hermit:Feint","hermit:TrackingShot","hermit:Enervate","hermit:ShadowCloak+1","hermit:Reprieve","hermit:BlackWind+1","hermit:Glare","hermit:HighNoon+1","hermit:Determination","hermit:HeroicBravado","hermit:BodyArmor+1","hermit:Deadeye+1"],"relics":["hermit:Momento","NeowsBlessing","Durian","ClockworkSouvenir","Sozu","GremlinMask","Gremlin Food"],"acts_visited":["Exordium","TheCity"],"potions_floor_usage":[],"damage_taken":[{"damage":0,"enemies":"Small Slimes","floor":1,"turns":1},{"damage":0,"enemies":"2 Louse","floor":3,"turns":1},{"damage":0,"enemies":"Cultist","floor":4,"turns":1},{"damage":6,"enemies":"Blue Slaver","floor":5,"turns":3},{"damage":27,"enemies":"Lagavulin","floor":7,"turns":8},{"damage":0,"enemies":"3 Louse","floor":8,"turns":1},{"damage":2,"enemies":"Red Slaver","floor":12,"turns":2},{"damage":0,"enemies":"Large Slime","floor":14,"turns":4},{"damage":47,"enemies":"Hexaghost","floor":16,"turns":11},{"damage":8,"enemies":"Spheric Guardian","floor":18,"turns":5},{"damage":13,"enemies":"Chosen","floor":20,"turns":5},{"damage":26,"enemies":"3 Cultists","floor":24,"turns":7},{"damage":25,"enemies":"Centurion and Healer","floor":27,"turns":6},{"damage":15,"enemies":"Snake Plant","floor":28,"turns":1}],"seed_played":"-6033798847325694955","potions_obtained":[{"floor":3,"key":"Adrenaline Potion"},{"floor":5,"key":"bronze:BurnAndBuffPotion"},{"floor":8,"key":"hexamod:SoulburnPotion"},{"floor":12,"key":"Death Potion"}],"is_trial":false,"path_per_floor":["M","?","M","M","M","R","E","M","T","?","R","M","$","M","R_BF","B",null,"M","?","M","?","$","R","M","R","T","M","M"],"character_chosen":"HERMIT","items_purchased":["hermit:ShadowCloak+1","ClockworkSouvenir","hermit:Determination","hermit:HeroicBravado"],"campfire_rested":1,"item_purchase_floors":[13,13,22,22],"current_hp_per_floor":[75,75,75,75,69,69,47,47,47,47,47,45,45,45,69,22,80,76,76,63,63,63,63,37,37,37,12,0,0],"gold":87,"neow_bonus":"THREE_ENEMY_KILL","is_daily":false,"chose_seed":false,"campfire_upgraded":3,"win_rate":0.0,"timestamp":1613346055,"path_taken":["M","?","M","M","M","R","E","M","T","?","R","?","$","M","R_BF","BOSS","M","?","M","?","$","R","M","R","T","M","?"],"items_purchased_type":["Card","Relic","Card","Card"],"build_version":"2020-12-22","purchased_purges":0,"victory":false,"max_hp_per_floor":[75,75,75,75,75,75,80,80,80,80,80,80,80,80,80,80,80,80,80,80,80,80,80,80,80,80,80,80,80],"card_choices":[{"not_picked":["hermit:Desperado","hermit:Misfire"],"picked":"hermit:Ricochet","floor":1},{"not_picked":["hermit:TrackingShot","hermit:Quickdraw"],"picked":"hermit:Snipe","floor":3},{"not_picked":["hermit:Roulette","hermit:Quickdraw"],"picked":"hermit:Dive","floor":4},{"not_picked":["hermit:BigShot","hermit:HoleUp"],"picked":"hermit:Maintenance","floor":5},{"not_picked":["hermit:Combo","hermit:Snipe"],"picked":"hermit:Feint","floor":7},{"not_picked":["hermit:Feint","hermit:Vantage"],"picked":"hermit:TrackingShot","floor":8},{"not_picked":["hermit:Ricochet","hermit:HighCaliber"],"picked":"hermit:Enervate","floor":12},{"not_picked":["hermit:Shortfuse","hermit:SprayPray"],"picked":"hermit:Reprieve","floor":14},{"not_picked":["hermit:DeadOrAlive","hermit:Reprieve"],"picked":"hermit:BlackWind","floor":16},{"not_picked":["hermit:Ricochet","hermit:Snipe"],"picked":"hermit:Glare","floor":18},{"not_picked":["hermit:Dive","hermit:Showdown"],"picked":"hermit:HighNoon","floor":20},{"not_picked":["hermit:Feint","hermit:Quickdraw"],"picked":"hermit:BodyArmor+1","floor":24},{"not_picked":["hermit:Coalescence","hermit:TakeAim"],"picked":"hermit:Deadeye+1","floor":27}],"player_experience":246968,"relics_obtained":[{"floor":7,"key":"Durian"},{"floor":26,"key":"Gremlin Food"}],"event_choices":[{"damage_healed":0,"gold_gain":0,"player_choice":"Grow","damage_taken":0,"max_hp_gain":0,"max_hp_loss":0,"event_name":"Living Wall","floor":2,"gold_loss":0,"cards_upgraded":["hermit:Ricochet"]},{"cards_removed":["hermit:Covet"],"damage_healed":0,"gold_gain":0,"player_choice":"Card Removal","damage_taken":0,"max_hp_gain":0,"max_hp_loss":0,"event_name":"Wheel of Change","floor":10,"gold_loss":0},{"damage_healed":0,"gold_gain":0,"player_choice":"Trade","damage_taken":0,"relics_obtained":["GremlinMask"],"max_hp_gain":0,"max_hp_loss":0,"event_name":"FaceTrader","floor":21,"gold_loss":0}],"is_beta":false,"boss_relics":[{"not_picked":["ReplayTheSpireMod:DimensionalGlitch","ChewingGum"],"picked":"Sozu"}],"items_purged_floors":[],"is_endless":false,"potions_floor_spawned":[3,5,8,12,14,20],"killed_by":"Snake Plant","ascension_level":0}}