{"host":"xc18ixkpjvqrt8st","time":1613269767,"event":{"mods":["Act Like it!","BaseMod","Better Match","Better Third Choice","Conspire","Downfall","Hallownest","Hermit","Minty Spire (QoL Compilation)","Reliquary","Robot Space Explorer","Shop Mod","Spicy Shops","Spire Arcade","StSLib","The Animator","The Edgeheg","The Jungle","The Sage"],"gold_per_floor":[112,127,159,159,187,187,218,0,23,23,43,43,43,63,63,167,167,186,186,18,18,15,15,33,33,33],"floor_reached":25,"language":"ENG","playtime":871,"items_purged":[],"score":223,"play_id":"8fd85e4c-7104-4fc3-86db-40f2b65edeb4","local_time":"20210213202927","is_ascension_mode":true,"campfire_choices":[{"floor":6,"key":"REST"},{"floor":10,"key":"REST"},{"floor":12,"key":"REST"},{"floor":15,"key":"REST"},{"floor":23,"key":"RECALL"}],"circlet_count":0,"master_deck":["animator:Strike_Overlord+1","animator:Defend_Overlord","animator:Strike","animator:Strike","animator:Strike","animator:Defend","animator:Defend","animator:Defend","animator:Cocytus+1","animator:Demiurge","animator:KrulTepes","animator:ZankiKiguchi","animator:Tatsumaki+1","animator:Witch","animator:Biyorigo","Enlightenment","animator:NagisaMomoe","animator:Kaijin","animator:HigakiRinne","animator:Konayuki","animator:TanyaDegurechaff","animator:LizardPriest","animator:KrulTepes"],"relics":["animator:LivingPicture","animator:TheMissingPiece","Unceasing Top","Blood Vial","reliquary:Ember"],"acts_visited":["Exordium","TheCity"],"potions_floor_usage":[7,16,16,21,22,25],"damage_taken":[{"damage":6,"enemies":"conspire:RoseBush","floor":1,"turns":4},{"damage":4,"enemies":"Cultist","floor":2,"turns":3},{"damage":10,"enemies":"Jaw Worm","floor":3,"turns":4},{"damage":20,"enemies":"Blue Slaver","floor":5,"turns":4},{"damage":37,"enemies":"3 Sentries","floor":7,"turns":8},{"damage":11,"enemies":"Large Slime","floor":11,"turns":6},{"damage":9,"enemies":"Exordium Thugs","floor":14,"turns":4},{"damage":47,"enemies":"The Guardian","floor":16,"turns":10},{"damage":13,"enemies":"Chosen","floor":18,"turns":6},{"damage":0,"enemies":"2 Thieves","floor":21,"turns":1},{"damage":58,"enemies":"3 Cultists","floor":24,"turns":4},{"damage":8,"enemies":"Cultist and Chosen","floor":25,"turns":2}],"seed_played":"-6166021800336877078","potions_obtained":[{"floor":2,"key":"sneckomod:MuddlingPotion"},{"floor":3,"key":"champ:CounterPotion"},{"floor":14,"key":"BlessingOfTheForge"},{"floor":18,"key":"SmokeBomb"},{"floor":19,"key":"sagemod:Wine"},{"floor":19,"key":"Strength Potion"},{"floor":24,"key":"sneckomod:MuddlingPotion"}],"is_trial":false,"path_per_floor":["M","M","M","?","M","R","E","?","T","R","M","R","?","M","R","B",null,"M","?","$","M","$","R","M","M"],"character_chosen":"THE_ANIMATOR","items_purchased":["animator:TanyaDegurechaff","animator:LizardPriest"],"campfire_rested":4,"item_purchase_floors":[20,22],"current_hp_per_floor":[60,56,46,46,26,45,8,14,14,35,24,45,45,36,57,10,72,59,59,59,61,61,61,5,0,0],"gold":33,"neow_bonus":"UPGRADE_CARD","is_daily":false,"chose_seed":false,"campfire_upgraded":0,"win_rate":0.0,"timestamp":1613269767,"path_taken":["M","M","M","?","?","R","E","?","T","R","M","R","?","M","R","BOSS","M","?","?","M","$","R","?","M"],"items_purchased_type":["Card","Card"],"build_version":"2020-12-22","purchased_purges":0,"victory":false,"max_hp_per_floor":[66,66,66,66,66,66,66,72,72,72,72,72,72,72,72,72,72,72,72,72,72,72,72,72,72,72],"card_choices":[{"not_picked":["animator:YuiTsuruno","animator:Hakurou"],"picked":"animator:KrulTepes","floor":1},{"not_picked":["animator:Nanami","animator:LizardPriest"],"picked":"animator:ZankiKiguchi","floor":2},{"not_picked":["animator:HiiragiShinya","animator:YuiTsuruno"],"picked":"animator:Tatsumaki","floor":3},{"not_picked":["animator:HighElfArcher","animator:Spearman"],"picked":"animator:Witch","floor":5},{"not_picked":["animator:SuzuneAmano","animator:Kaijin"],"picked":"animator:Biyorigo","floor":7},{"not_picked":["animator:Hitei","animator:TsurugaMeisai"],"picked":"animator:NagisaMomoe","floor":11},{"not_picked":["animator:Yoichi","animator:Azekura"],"picked":"animator:Kaijin","floor":14},{"not_picked":["animator:Biyorigo","animator:MadokaKaname"],"picked":"animator:HigakiRinne","floor":16},{"not_picked":["animator:Togame","animator:Nanami"],"picked":"animator:Konayuki","floor":18},{"not_picked":["animator:OrikoMikuni","animator:Vesta"],"picked":"animator:KrulTepes","floor":24}],"player_experience":718591,"relics_obtained":[{"floor":7,"key":"Unceasing Top"},{"floor":16,"key":"Blood Vial"}],"event_choices":[{"damage_healed":0,"gold_gain":0,"player_choice":"Ignored","damage_taken":0,"max_hp_gain":0,"max_hp_loss":0,"event_name":"Purifier","floor":4,"gold_loss":0},{"damage_healed":0,"gold_gain":0,"player_choice":"RENOUNCE","damage_taken":218,"max_hp_gain":0,"max_hp_loss":0,"event_name":"betterThird:BetterSerpent","floor":8,"gold_loss":218,"cards_obtained":["Enlightenment"]},{"damage_healed":0,"gold_gain":0,"player_choice":"Grow","damage_taken":0,"max_hp_gain":0,"max_hp_loss":0,"event_name":"Living Wall","floor":13,"gold_loss":0,"cards_upgraded":["animator:Tatsumaki"]},{"damage_healed":0,"gold_gain":0,"player_choice":"Got Potions","damage_taken":0,"max_hp_gain":0,"max_hp_loss":0,"event_name":"Lab","floor":19,"gold_loss":0}],"is_beta":false,"boss_relics":[{"not_picked":["Ectoplasm","Coffee Dripper"],"picked":"reliquary:Ember"}],"items_purged_floors":[],"is_endless":false,"potions_floor_spawned":[2,3,14,18,24],"killed_by":"Cultist and Chosen","ascension_level":2}}