{"host":"syoelbwvqoivx1mb","time":1613336337,"event":{"mods":["BaseMod","Bestiary","Curses Come First","Minty Spire (QoL Compilation)","Relic Stats","StSLib"],"gold_per_floor":[110,129,147,166,177,177,205,217,217,217,236,254,254,274,274,379,379,392,406,420,435,209,240,165,165,165,190,190,19,48,61,61,166,166,177,188,188,188,241,266,266,302,326,346,346,346,346,372,372,372,372,372,18,18,18],"floor_reached":54,"language":"ENG","playtime":7217,"items_purged":["Defend_R","Reaper"],"score":958,"play_id":"2fb354cc-2e81-42c8-9a7b-a8b9ab9f8620","local_time":"20210214215857","is_ascension_mode":true,"campfire_choices":[{"data":"Sever Soul","floor":6,"key":"SMITH"},{"floor":13,"key":"REST"},{"data":"Dark Embrace","floor":15,"key":"SMITH"},{"data":"Impervious","floor":28,"key":"SMITH"},{"floor":32,"key":"REST"},{"data":"Offering","floor":41,"key":"SMITH"},{"data":"PanicButton","floor":45,"key":"SMITH"},{"floor":47,"key":"RECALL"},{"data":"Brutality","floor":49,"key":"SMITH"},{"data":"Spot Weakness","floor":52,"key":"SMITH"}],"circlet_count":0,"master_deck":["Defend_R","Defend_R","Bash","Sever Soul+1","Clash","Ghostly Armor+1","Dark Embrace+1","Shrug It Off","Entrench+1","Offering+1","Thunderclap","Impervious+1","Disarm+1","Evolve+1","Ghostly Armor+1","Bite","Bite","Bite","Bite","Metallicize","Spot Weakness+1","Feel No Pain","Brutality+1","Feel No Pain","Madness","Madness","Finesse","PanicButton+1","Shrug It Off+1","Rupture+1","Sentinel+1"],"relics":["Empty Cage","Calipers","Vajra","Mark of Pain","War Paint","Anchor","Paper Frog","Art of War","Blue Candle","Coffee Dripper","Turnip","Pocketwatch","CeramicFish","FossilizedHelix"],"acts_visited":["Exordium","TheCity","TheBeyond","TheEnding"],"potions_floor_usage":[8,8,16,16,20,21,23,39,40,42,48,54],"damage_taken":[{"damage":6,"enemies":"Cultist","floor":1,"turns":4},{"damage":0,"enemies":"2 Louse","floor":2,"turns":2},{"damage":2,"enemies":"Jaw Worm","floor":3,"turns":3},{"damage":1,"enemies":"Looter","floor":4,"turns":2},{"damage":17,"enemies":"Exordium Wildlife","floor":5,"turns":5},{"damage":24,"enemies":"Gremlin Nob","floor":7,"turns":4},{"damage":9,"enemies":"Large Slime","floor":8,"turns":9},{"damage":0,"enemies":"Looter","floor":11,"turns":4},{"damage":0,"enemies":"2 Fungi Beasts","floor":12,"turns":3},{"damage":0,"enemies":"Exordium Wildlife","floor":14,"turns":4},{"damage":32,"enemies":"Slime Boss","floor":16,"turns":12},{"damage":0,"enemies":"Shell Parasite","floor":18,"turns":5},{"damage":20,"enemies":"3 Byrds","floor":19,"turns":6},{"damage":5,"enemies":"Snake Plant","floor":20,"turns":6},{"damage":21,"enemies":"Centurion and Healer","floor":21,"turns":7},{"damage":39,"enemies":"Book of Stabbing","floor":23,"turns":6},{"damage":21,"enemies":"Slavers","floor":27,"turns":6},{"damage":26,"enemies":"Book of Stabbing","floor":30,"turns":8},{"damage":18,"enemies":"Shelled Parasite and Fungi","floor":31,"turns":6},{"damage":17,"enemies":"Automaton","floor":33,"turns":12},{"damage":8,"enemies":"3 Darklings","floor":35,"turns":6},{"damage":1,"enemies":"Orb Walker","floor":36,"turns":4},{"damage":47,"enemies":"2 Orb Walkers","floor":39,"turns":6},{"damage":17,"enemies":"Giant Head","floor":40,"turns":12},{"damage":52,"enemies":"Nemesis","floor":42,"turns":17},{"damage":8,"enemies":"4 Shapes","floor":44,"turns":6},{"damage":6,"enemies":"Transient","floor":48,"turns":5},{"damage":18,"enemies":"Time Eater","floor":50,"turns":13},{"damage":100,"enemies":"Shield and Spear","floor":54,"turns":6}],"seed_played":"-5996603935059641087","potions_obtained":[{"floor":2,"key":"ElixirPotion"},{"floor":4,"key":"Explosive Potion"},{"floor":7,"key":"Block Potion"},{"floor":11,"key":"Explosive Potion"},{"floor":14,"key":"Dexterity Potion"},{"floor":16,"key":"BloodPotion"},{"floor":19,"key":"FearPotion"},{"floor":20,"key":"FairyPotion"},{"floor":27,"key":"FearPotion"},{"floor":31,"key":"SpeedPotion"},{"floor":33,"key":"SpeedPotion"},{"floor":35,"key":"CultistPotion"},{"floor":42,"key":"Weak Potion"},{"floor":48,"key":"Regen Potion"}],"is_trial":false,"path_per_floor":["M","M","M","M","M","R","E","M","T","?","M","M","R","M","R","B",null,"M","M","M","M","$","E","?","?","T","E","R","$","E","M","R","B",null,"M","M","?","?","?","E","R","E","T","M","R","?","R","M","R","B",null,"R","$","E"],"character_chosen":"IRONCLAD","items_purchased":["War Paint","Metallicize","FossilizedHelix","Energy Potion"],"campfire_rested":2,"item_purchase_floors":[22,29,53,53],"current_hp_per_floor":[74,74,72,71,54,54,30,21,21,21,21,21,45,45,45,13,80,80,60,55,34,34,11,11,11,11,32,32,32,28,20,36,51,56,56,55,48,38,13,42,42,56,56,56,56,56,56,52,52,54,56,56,56,0,0],"gold":18,"neow_bonus":"BOSS_RELIC","is_daily":false,"chose_seed":false,"campfire_upgraded":7,"win_rate":0.0,"timestamp":1613336337,"path_taken":["M","M","M","M","M","R","E","?","T","?","M","?","R","?","R","BOSS","M","M","M","M","$","E","?","?","T","E","R","?","E","M","R","BOSS","M","M","?","?","?","E","R","E","T","M","R","?","R","M","R","BOSS","R","$","E"],"items_purchased_type":["Relic","Card","Relic","Potion"],"build_version":"2020-12-22","purchased_purges":2,"victory":false,"max_hp_per_floor":[80,80,80,80,80,80,80,80,80,80,80,80,80,80,80,80,80,80,80,80,80,80,80,80,56,56,56,56,56,56,56,56,56,56,56,56,56,56,56,56,56,56,56,56,56,56,56,56,56,56,56,56,56,56,56],"relic_stats":{"counters":[29,189],"Blue Candle":[0],"CeramicFish":18,"Turnip":[0],"Art of War":[17],"War Paint":["Ghostly Armor","Ghostly Armor"],"obtain_stats":[{"Calipers":7,"Blue Candle":30,"CeramicFish":42,"Vajra":9,"War Paint":22,"Empty Cage":0,"Burning Blood":0,"Anchor":23,"Mark of Pain":17,"Turnip":39,"Art of War":27,"Coffee Dripper":34,"FossilizedHelix":53,"Paper Frog":26,"Pocketwatch":40},{"Calipers":6,"Blue Candle":18,"CeramicFish":25,"Vajra":7,"War Paint":15,"Empty Cage":0,"Burning Blood":0,"Anchor":16,"Mark of Pain":11,"Turnip":23,"Art of War":17,"Coffee Dripper":20,"FossilizedHelix":28,"Paper Frog":16,"Pocketwatch":24},{"Calipers":20,"Blue Candle":96,"CeramicFish":159,"Vajra":29,"War Paint":76,"Empty Cage":0,"Burning Blood":0,"Anchor":82,"Mark of Pain":52,"Turnip":130,"Art of War":88,"Coffee Dripper":114,"FossilizedHelix":183,"Paper Frog":82,"Pocketwatch":142}],"Pocketwatch":[21]},"card_choices":[{"not_picked":["Warcry","Iron Wave"],"picked":"Sever Soul","floor":1},{"not_picked":["Armaments","Twin Strike"],"picked":"Clash","floor":2},{"not_picked":["Havoc","Burning Pact"],"picked":"Ghostly Armor","floor":3},{"not_picked":["Twin Strike","Disarm"],"picked":"Dark Embrace","floor":4},{"not_picked":["Thunderclap","True Grit"],"picked":"Shrug It Off","floor":5},{"not_picked":["Body Slam","Blood for Blood"],"picked":"Entrench","floor":7},{"not_picked":["Cleave","Body Slam"],"picked":"Offering","floor":8},{"not_picked":["Blood for Blood","Infernal Blade","Anger"],"picked":"SKIP","floor":11},{"not_picked":["Perfected Strike","Iron Wave"],"picked":"Thunderclap","floor":12},{"not_picked":["Cleave","Clothesline","Anger"],"picked":"SKIP","floor":14},{"not_picked":["Feed","Double Tap"],"picked":"Impervious","floor":16},{"not_picked":["Havoc","Blood for Blood","Twin Strike"],"picked":"SKIP","floor":18},{"not_picked":["Shrug It Off","True Grit"],"picked":"Disarm+1","floor":19},{"not_picked":["Brutality","Carnage+1"],"picked":"Evolve+1","floor":20},{"not_picked":["Warcry","Carnage"],"picked":"Ghostly Armor","floor":21},{"not_picked":["Clash+1","Pommel Strike"],"picked":"Reaper","floor":23},{"not_picked":["Ghostly Armor+1","Sword Boomerang+1","Evolve"],"picked":"SKIP","floor":27},{"not_picked":["Cleave","Fire Breathing+1"],"picked":"Spot Weakness","floor":30},{"not_picked":["Headbutt","Shrug It Off"],"picked":"Feel No Pain","floor":31},{"not_picked":["Berserk","Juggernaut"],"picked":"Brutality","floor":33},{"not_picked":["Perfected Strike","Clothesline"],"picked":"Feel No Pain","floor":35},{"not_picked":["Carnage","Rampage+1","Headbutt"],"picked":"SKIP","floor":36},{"not_picked":["Jack Of All Trades","Good Instincts"],"picked":"Finesse","floor":38},{"not_picked":["Good Instincts","Sadistic Nature"],"picked":"PanicButton","floor":38},{"not_picked":["Anger+1","Havoc+1"],"picked":"Shrug It Off+1","floor":39},{"not_picked":["Rampage","Heavy Blade","Immolate"],"picked":"SKIP","floor":40},{"not_picked":["Heavy Blade+1","Armaments"],"picked":"Rupture+1","floor":42},{"not_picked":["Second Wind","Sword Boomerang+1","Rampage"],"picked":"SKIP","floor":44},{"not_picked":["Second Wind","Sword Boomerang+1","Rampage"],"picked":"SKIP","floor":44},{"not_picked":["Thunderclap","Intimidate+1"],"picked":"Sentinel+1","floor":48}],"player_experience":696317,"relics_obtained":[{"floor":7,"key":"Calipers"},{"floor":9,"key":"Vajra"},{"floor":23,"key":"Anchor"},{"floor":26,"key":"Paper Frog"},{"floor":27,"key":"Art of War"},{"floor":30,"key":"Blue Candle"},{"floor":39,"key":"Turnip"},{"floor":40,"key":"Pocketwatch"},{"floor":42,"key":"CeramicFish"}],"event_choices":[{"damage_healed":0,"gold_gain":0,"player_choice":"Upgraded","damage_taken":0,"max_hp_gain":0,"max_hp_loss":0,"event_name":"Upgrade Shrine","floor":10,"gold_loss":0,"cards_upgraded":["Entrench"]},{"cards_removed":["Strike_R"],"damage_healed":0,"gold_gain":0,"player_choice":"Gave Gold","damage_taken":0,"max_hp_gain":0,"max_hp_loss":0,"event_name":"Beggar","floor":24,"gold_loss":75},{"damage_healed":0,"gold_gain":0,"player_choice":"Became a vampire","damage_taken":0,"max_hp_gain":0,"max_hp_loss":24,"event_name":"Vampires","floor":25,"gold_loss":0,"cards_obtained":["Bite","Bite","Bite","Bite","Bite"]},{"damage_healed":0,"gold_gain":0,"player_choice":"Embrace Madness","damage_taken":7,"max_hp_gain":0,"max_hp_loss":0,"event_name":"Winding Halls","floor":37,"gold_loss":0,"cards_obtained":["Madness","Madness"]},{"damage_healed":0,"gold_gain":0,"player_choice":"Memory 3","damage_taken":10,"max_hp_gain":0,"max_hp_loss":0,"event_name":"SensoryStone","floor":38,"gold_loss":0},{"damage_healed":0,"gold_gain":0,"player_choice":"Fight","damage_taken":0,"max_hp_gain":0,"max_hp_loss":0,"event_name":"Mysterious Sphere","floor":39,"gold_loss":0},{"cards_removed":["Bite"],"damage_healed":0,"gold_gain":0,"player_choice":"Removed Attack","damage_taken":0,"max_hp_gain":0,"max_hp_loss":0,"event_name":"Falling","floor":46,"gold_loss":0}],"is_beta":false,"boss_relics":[{"not_picked":["Busted Crown","Runic Dome"],"picked":"Mark of Pain"},{"not_picked":["Cursed Key","Pandora\u0027s Box"],"picked":"Coffee Dripper"}],"items_purged_floors":[22,29],"is_endless":false,"potions_floor_spawned":[2,4,7,11,14,16,19,20,27,31,33,35,36,42,48],"killed_by":"Shield and Spear","ascension_level":3}}