{"host":"k97npy6own8k4xam","time":1613332313,"event":{"mods":["BaseMod","Bestiary","Minty Spire (QoL Compilation)","Relic Stats","StSLib","ojb\u0027s Better Paths Mod"],"gold_per_floor":[114,130,148,25,43,72,72,110,133,160,160,183,209,248,248,356,356,375,34,63,72,109,143,159,168,168,168,204,204,50,78,78,203,215,240,66,80,107,107,107,118,155,235,264,264,486,486,509,509,509,509,509,93,118,118,118],"floor_reached":55,"language":"ITA","playtime":3554,"items_purged":["Strike_G","Defend_G","Strike_G"],"score":1089,"play_id":"84be3144-66d9-4d37-a267-efa6140799c4","local_time":"20210214205153","is_ascension_mode":true,"campfire_choices":[{"data":"Blade Dance","floor":7.0,"key":"SMITH"},{"data":"Leg Sweep","floor":11.0,"key":"SMITH"},{"data":"Tactician","floor":15.0,"key":"SMITH"},{"floor":27.0,"key":"DIG"},{"floor":29.0,"key":"DIG"},{"floor":32.0,"key":"DIG"},{"floor":40.0,"key":"DIG"},{"floor":49.0,"key":"RECALL"},{"floor":52.0,"key":"DIG"}],"circlet_count":0,"master_deck":["Strike_G","Strike_G","Strike_G","Defend_G","Defend_G","Defend_G","Defend_G","Survivor","Neutralize","CurseOfTheBell","Slice","Dagger Spray","Dagger Throw","Blade Dance+1","Dagger Spray","Bullet Time","Leg Sweep+1","PiercingWail","Tactician+1","Unload","Quick Slash","Acrobatics","Underhanded Strike","Quick Slash","Quick Slash+1","Accuracy","Acrobatics+1","Deflect+1","Storm of Steel","Panache","PiercingWail","Night Terror","Blade Dance","Acrobatics+1","Reflex","PiercingWail+1"],"relics":["Calling Bell","Anchor","Pear","Thread and Needle","Boot","CeramicFish","Centennial Puzzle","Vajra","Odd Mushroom","Coffee Dripper","Toolbox","Red Mask","Kunai","Shovel","Ornamental Fan","Potion Belt","FossilizedHelix","Question Card","MawBank","Fusion Hammer","ClockworkSouvenir","MealTicket","Strawberry","White Beast Statue","Paper Crane","Ninja Scroll","Sundial"],"acts_visited":["Exordium","TheCity","TheBeyond","TheEnding"],"potions_floor_usage":[55,55,55,55,55],"damage_taken":[{"damage":0.0,"enemies":"Small Slimes","floor":1.0,"turns":4.0},{"damage":0.0,"enemies":"2 Louse","floor":2.0,"turns":4.0},{"damage":0.0,"enemies":"Jaw Worm","floor":3.0,"turns":3.0},{"damage":0.0,"enemies":"3 Louse","floor":5.0,"turns":3.0},{"damage":22.0,"enemies":"Lagavulin","floor":6.0,"turns":5.0},{"damage":8.0,"enemies":"3 Sentries","floor":8.0,"turns":4.0},{"damage":0.0,"enemies":"Blue Slaver","floor":10.0,"turns":2.0},{"damage":0.0,"enemies":"2 Fungi Beasts","floor":12.0,"turns":2.0},{"damage":6.0,"enemies":"Lagavulin","floor":13.0,"turns":5.0},{"damage":0.0,"enemies":"The Mushroom Lair","floor":14.0,"turns":4.0},{"damage":22.0,"enemies":"The Guardian","floor":16.0,"turns":18.0},{"damage":0.0,"enemies":"Chosen","floor":18.0,"turns":4.0},{"damage":0.0,"enemies":"Shell Parasite","floor":20.0,"turns":4.0},{"damage":3.0,"enemies":"Masked Bandits","floor":22.0,"turns":3.0},{"damage":17.0,"enemies":"Book of Stabbing","floor":23.0,"turns":4.0},{"damage":6.0,"enemies":"Centurion and Healer","floor":24.0,"turns":6.0},{"damage":0.0,"enemies":"Gremlin Leader","floor":28.0,"turns":7.0},{"damage":0.0,"enemies":"Snake Plant","floor":31.0,"turns":3.0},{"damage":0.0,"enemies":"Collector","floor":33.0,"turns":10.0},{"damage":0.0,"enemies":"3 Darklings","floor":35.0,"turns":5.0},{"damage":0.0,"enemies":"Orb Walker","floor":37.0,"turns":4.0},{"damage":0.0,"enemies":"Transient","floor":38.0,"turns":5.0},{"damage":0.0,"enemies":"Writhing Mass","floor":41.0,"turns":4.0},{"damage":0.0,"enemies":"Giant Head","floor":42.0,"turns":6.0},{"damage":0.0,"enemies":"Reptomancer","floor":44.0,"turns":5.0},{"damage":0.0,"enemies":"4 Shapes","floor":48.0,"turns":2.0},{"damage":74.0,"enemies":"Donu and Deca","floor":50.0,"turns":11.0},{"damage":16.0,"enemies":"Shield and Spear","floor":54.0,"turns":6.0},{"damage":108,"enemies":"The Heart","floor":55,"turns":8}],"seed_played":"-5053591163824540586","potions_obtained":[{"floor":2.0,"key":"Strength Potion"},{"floor":5.0,"key":"Strength Potion"},{"floor":6.0,"key":"Strength Potion"},{"floor":13.0,"key":"Strength Potion"},{"floor":16.0,"key":"Strength Potion"},{"floor":18.0,"key":"Ancient Potion"},{"floor":22.0,"key":"DuplicationPotion"},{"floor":28.0,"key":"Energy Potion"},{"floor":31.0,"key":"Ancient Potion"},{"floor":35.0,"key":"LiquidMemories"},{"floor":42.0,"key":"PowerPotion"},{"floor":48.0,"key":"Block Potion"}],"is_trial":false,"path_per_floor":["M","M","M","$","M","E","R","E","T","M","R","M","E","?","R","B",null,"M","$","M","?","?","E","M","?","T","R","E","R","$","M","R","B",null,"M","$","M","M","$","R","M","E","T","E","?","?","?","M","R","B",null,"R","$","E","B"],"character_chosen":"THE_SILENT","items_purchased":["Blade Dance","Acrobatics","Underhanded Strike","Quick Slash","Toolbox","Panache","Blade Dance","ClockworkSouvenir","Ninja Scroll","SpeedPotion"],"campfire_rested":0,"item_purchase_floors":[4,19,19,19,19,30,36,36,53,53],"current_hp_per_floor":[80,80,80,80,80,58,58,50,50,50,50,50,44,44,44,22,80,80,80,80,80,77,60,54,54,54,54,54,54,54,54,54,54,80,80,80,80,80,80,80,80,87,87,87,83,83,83,83,83,9,83,83,83,67,0,0],"gold":118,"neow_bonus":"BOSS_RELIC","is_daily":false,"chose_seed":false,"campfire_upgraded":3,"win_rate":0.0,"timestamp":1613332313,"path_taken":["M","M","M","$","M","E","R","E","T","M","R","M","E","?","R","BOSS","M","$","M","?","?","E","M","?","T","R","E","R","$","?","R","BOSS","M","$","M","M","$","R","M","E","T","E","?","?","?","?","R","BOSS","R","$","E","BOSS"],"items_purchased_type":["Card","Card","Card","Card","Relic","Card","Card","Relic","Relic","Potion"],"build_version":"2020-12-22","purchased_purges":3,"victory":false,"max_hp_per_floor":[80,80,80,80,80,80,80,80,80,80,80,80,80,80,80,80,80,80,80,80,80,80,80,80,80,80,80,80,80,80,80,80,80,80,80,80,80,80,80,80,80,87,87,87,83,83,83,83,83,83,83,83,83,83,83,83],"relic_stats":{"Centennial Puzzle":[24],"Shovel":5,"counters":[29,151],"Ornamental Fan":[280],"Sundial":[0],"CeramicFish":198,"MealTicket":0,"Kunai":[75],"Boot":[130],"Question Card":10,"MawBank":48,"obtain_stats":[{"CeramicFish":8,"Vajra":13,"Boot":6,"ClockworkSouvenir":36,"Centennial Puzzle":9,"Shovel":25,"Ninja Scroll":53,"Sundial":54,"Strawberry":42,"Toolbox":19,"MealTicket":40,"Fusion Hammer":34,"Red Mask":22,"Kunai":23,"Ring of the Snake":0,"Potion Belt":27,"Pear":0,"Thread and Needle":0,"Odd Mushroom":14,"Paper Crane":52,"Question Card":29,"MawBank":32,"White Beast Statue":44,"Calling Bell":0,"Anchor":0,"Ornamental Fan":26,"Coffee Dripper":17,"FossilizedHelix":28},{"CeramicFish":6,"Vajra":9,"Boot":5,"ClockworkSouvenir":20,"Centennial Puzzle":6,"Shovel":16,"Ninja Scroll":27,"Sundial":28,"Strawberry":24,"Toolbox":12,"MealTicket":22,"Fusion Hammer":19,"Red Mask":14,"Kunai":15,"Ring of the Snake":0,"Potion Belt":16,"Pear":0,"Thread and Needle":0,"Odd Mushroom":10,"Paper Crane":27,"Question Card":17,"MawBank":18,"White Beast Statue":25,"Calling Bell":0,"Anchor":0,"Ornamental Fan":16,"Coffee Dripper":11,"FossilizedHelix":17},{"CeramicFish":23,"Vajra":32,"Boot":19,"ClockworkSouvenir":100,"Centennial Puzzle":23,"Shovel":75,"Ninja Scroll":137,"Sundial":143,"Strawberry":119,"Toolbox":58,"MealTicket":109,"Fusion Hammer":95,"Red Mask":65,"Kunai":69,"Ring of the Snake":0,"Potion Belt":75,"Pear":0,"Thread and Needle":0,"Odd Mushroom":36,"Paper Crane":137,"Question Card":82,"MawBank":85,"White Beast Statue":124,"Calling Bell":0,"Anchor":0,"Ornamental Fan":75,"Coffee Dripper":54,"FossilizedHelix":82}]},"card_choices":[{"not_picked":["Deflect","Crippling Poison"],"picked":"Slice","floor":1.0},{"not_picked":["Underhanded Strike","Expertise"],"picked":"Dagger Spray","floor":2.0},{"not_picked":["Flechettes","Dodge and Roll"],"picked":"Dagger Throw","floor":3.0},{"not_picked":["Flying Knee","Outmaneuver","Bane"],"picked":"SKIP","floor":5.0},{"not_picked":["Deadly Poison","Dodge and Roll"],"picked":"Dagger Spray","floor":6.0},{"not_picked":["Concentrate","Sucker Punch"],"picked":"Bullet Time","floor":8.0},{"not_picked":["Dagger Throw","Dagger Spray"],"picked":"Leg Sweep","floor":10.0},{"not_picked":["Poisoned Stab","Quick Slash"],"picked":"PiercingWail","floor":12.0},{"not_picked":["Heel Hook","Outmaneuver","Corpse Explosion"],"picked":"SKIP","floor":13.0},{"not_picked":["Acrobatics","Poisoned Stab"],"picked":"Tactician","floor":14.0},{"not_picked":["Grand Finale","Die Die Die"],"picked":"Unload","floor":16.0},{"not_picked":["Sucker Punch","Noxious Fumes"],"picked":"Quick Slash","floor":18.0},{"not_picked":["Underhanded Strike","Backflip"],"picked":"Quick Slash+1","floor":20.0},{"not_picked":["Quick Slash","Slice"],"picked":"Acrobatics+1","floor":22.0},{"not_picked":["Heel Hook","Outmaneuver"],"picked":"Deflect+1","floor":23.0},{"not_picked":["Bane+1","Dagger Throw","Setup+1"],"picked":"SKIP","floor":24.0},{"not_picked":["Outmaneuver+1","Cloak And Dagger"],"picked":"Storm of Steel","floor":28.0},{"not_picked":["Prepared+1","Flying Knee","Bane+1"],"picked":"PiercingWail","floor":31.0},{"not_picked":["Bullet Time","Corpse Explosion","Envenom"],"picked":"Night Terror","floor":33.0},{"not_picked":["Choke","Flying Knee+1","Prepared","Bouncing Flask"],"picked":"SKIP","floor":35.0},{"not_picked":["Backstab+1","Poisoned Stab","Heel Hook","PiercingWail"],"picked":"SKIP","floor":37.0},{"not_picked":["Backstab+1","Poisoned Stab","Heel Hook","PiercingWail"],"picked":"SKIP","floor":37.0},{"not_picked":["Underhanded Strike+1","Infinite Blades","Expertise"],"picked":"Acrobatics+1","floor":38.0},{"not_picked":["Acrobatics+1","Backstab+1","Dagger Throw","Bouncing Flask"],"picked":"SKIP","floor":41.0},{"not_picked":["Outmaneuver","Dodge and Roll+1","Backstab+1"],"picked":"Reflex","floor":42.0},{"not_picked":["Quick Slash","Dagger Throw","Night Terror","Choke"],"picked":"SKIP","floor":44.0},{"not_picked":["Deadly Poison+1","Predator","Well Laid Plans+1"],"picked":"PiercingWail+1","floor":48.0},{"not_picked":["Acrobatics","Backstab+1","Quick Slash","Flechettes"],"picked":"SKIP","floor":54.0}],"player_experience":444732,"relics_obtained":[{"floor":0.0,"key":"Anchor"},{"floor":0.0,"key":"Pear"},{"floor":0.0,"key":"Thread and Needle"},{"floor":6.0,"key":"Boot"},{"floor":8.0,"key":"CeramicFish"},{"floor":9.0,"key":"Centennial Puzzle"},{"floor":13.0,"key":"Vajra"},{"floor":14.0,"key":"Odd Mushroom"},{"floor":22.0,"key":"Red Mask"},{"floor":23.0,"key":"Kunai"},{"floor":26.0,"key":"Ornamental Fan"},{"floor":27.0,"key":"Potion Belt"},{"floor":28.0,"key":"FossilizedHelix"},{"floor":29.0,"key":"Question Card"},{"floor":32.0,"key":"MawBank"},{"floor":40.0,"key":"MealTicket"},{"floor":42.0,"key":"Strawberry"},{"floor":44.0,"key":"White Beast Statue"},{"floor":52.0,"key":"Paper Crane"},{"floor":54.0,"key":"Sundial"}],"event_choices":[{"damage_healed":0.0,"max_hp_gain":0.0,"max_hp_loss":0.0,"gold_gain":0.0,"event_name":"Mushrooms","player_choice":"Fought Mushrooms","floor":14.0,"gold_loss":0.0,"damage_taken":0.0},{"damage_healed":0.0,"max_hp_gain":0.0,"max_hp_loss":0.0,"gold_gain":0.0,"event_name":"The Library","player_choice":"Read","floor":21.0,"gold_loss":0.0,"damage_taken":0.0,"cards_obtained":["Accuracy"]},{"damage_healed":0.0,"max_hp_gain":0.0,"max_hp_loss":0.0,"gold_gain":0.0,"event_name":"Masked Bandits","player_choice":"Fought Bandits","floor":22.0,"gold_loss":0.0,"damage_taken":0.0},{"damage_healed":0.0,"max_hp_gain":0.0,"max_hp_loss":0.0,"gold_gain":0.0,"event_name":"The Mausoleum","player_choice":"Opened","floor":25.0,"gold_loss":0.0,"damage_taken":0.0,"relics_obtained":["Shovel"],"cards_obtained":["Writhe"]},{"damage_healed":0.0,"max_hp_gain":0.0,"max_hp_loss":4.0,"gold_gain":0.0,"event_name":"Winding Halls","player_choice":"Max HP","floor":45.0,"gold_loss":0.0,"damage_taken":0.0},{"damage_healed":0.0,"max_hp_gain":0.0,"max_hp_loss":0.0,"gold_gain":222.0,"event_name":"Tomb of Lord Red Mask","player_choice":"Wore Mask","floor":46.0,"gold_loss":0.0,"damage_taken":0.0},{"cards_removed":["Writhe"],"damage_healed":0.0,"max_hp_gain":0.0,"max_hp_loss":0.0,"gold_gain":0.0,"event_name":"Purifier","player_choice":"Purged","floor":47.0,"gold_loss":0.0,"damage_taken":0.0}],"is_beta":false,"boss_relics":[{"not_picked":["Busted Crown","Astrolabe"],"picked":"Coffee Dripper"},{"not_picked":["Sozu","Philosopher\u0027s Stone"],"picked":"Fusion Hammer"}],"items_purged_floors":[4,19,53],"is_endless":false,"potions_floor_spawned":[2,5,6,13,16,18,22,28,31,35,37,42,48,54],"killed_by":"The Heart","ascension_level":3}}