{"host":"phy652c7lim9lcu2","time":1613295764,"event":{"mods":["BaseMod","Colored Powertips","Googly Eyes","Minty Spire (QoL Compilation)","Relic Stats","Spicy Shops","StSLib","everything is the same but u backflip on backflip"],"gold_per_floor":[112,131,148,323,423,423,438,438,438,71,91,125,145,180,180,180,180],"floor_reached":16,"language":"ENG","playtime":482,"items_purged":["Doubt"],"score":168,"play_id":"d98c1be4-91a1-482a-96aa-f8f93b33d381","local_time":"20210214194244","is_ascension_mode":true,"campfire_choices":[{"data":"Body Slam","floor":6.0,"key":"SMITH"},{"data":"Bash","floor":8.0,"key":"SMITH"},{"data":"Feed","floor":15.0,"key":"SMITH"}],"circlet_count":0,"master_deck":["AscendersBane","Strike_R","Strike_R","Strike_R","Strike_R","Strike_R","Defend_R","Defend_R","Defend_R","Defend_R","Bash+1","Twin Strike","Body Slam+1","Disarm","Feed+1","Cleave","Double Tap"],"relics":["SacredBark","Oddly Smooth Stone","PreservedInsect","Question Card","Bird Faced Urn"],"acts_visited":["Exordium"],"potions_floor_usage":[16,16],"damage_taken":[{"damage":4.0,"enemies":"Small Slimes","floor":1.0,"turns":4.0},{"damage":13.0,"enemies":"Jaw Worm","floor":2.0,"turns":4.0},{"damage":1.0,"enemies":"Cultist","floor":3.0,"turns":4.0},{"damage":4.0,"enemies":"Exordium Wildlife","floor":7.0,"turns":4.0},{"damage":7.0,"enemies":"Red Slaver","floor":11.0,"turns":3.0},{"damage":14.0,"enemies":"Gremlin Nob","floor":12.0,"turns":4.0},{"damage":4.0,"enemies":"Blue Slaver","floor":13.0,"turns":5.0},{"damage":12.0,"enemies":"Lagavulin","floor":14.0,"turns":5.0},{"damage":26,"enemies":"Slime Boss","floor":16,"turns":9}],"seed_played":"-7196704919480605107","potions_obtained":[{"floor":3.0,"key":"Swift Potion"},{"floor":11.0,"key":"Energy Potion"},{"floor":13.0,"key":"FearPotion"},{"floor":14.0,"key":"SpeedPotion"}],"is_trial":false,"path_per_floor":["M","M","M","?","?","R","M","R","T","$","M","E","M","E","R","B"],"character_chosen":"IRONCLAD","items_purchased":["Feed","PreservedInsect"],"campfire_rested":0,"item_purchase_floors":[10,10],"current_hp_per_floor":[68,55,54,54,54,54,50,50,50,50,46,32,31,22,22,0,0],"gold":180,"neow_bonus":"BOSS_RELIC","is_daily":false,"chose_seed":false,"campfire_upgraded":3,"win_rate":0.0,"timestamp":1613295764,"path_taken":["M","M","M","?","?","R","?","R","T","$","M","E","M","E","R","BOSS"],"items_purchased_type":["Card","Relic"],"build_version":"2020-12-22","purchased_purges":1,"victory":false,"max_hp_per_floor":[80,80,80,80,80,80,80,80,80,80,83,83,86,89,89,89,89],"relic_stats":{"counters":[9,42],"Bird Faced Urn":[0],"PreservedInsect":51,"Question Card":2,"obtain_stats":[{"SacredBark":0,"Bird Faced Urn":14,"Oddly Smooth Stone":9,"PreservedInsect":10,"Question Card":12,"Burning Blood":0},{"SacredBark":0,"Bird Faced Urn":8,"Oddly Smooth Stone":4,"PreservedInsect":4,"Question Card":6,"Burning Blood":0},{"SacredBark":0,"Bird Faced Urn":33,"Oddly Smooth Stone":16,"PreservedInsect":16,"Question Card":23,"Burning Blood":0}]},"card_choices":[{"not_picked":["Sword Boomerang","Iron Wave"],"picked":"Twin Strike","floor":1.0},{"not_picked":["Spot Weakness","Thunderclap"],"picked":"Body Slam","floor":2.0},{"not_picked":["Headbutt","Shockwave","Flex"],"picked":"SKIP","floor":3.0},{"not_picked":["Demon Form","Sword Boomerang"],"picked":"Disarm","floor":7.0},{"not_picked":["Burning Pact","Headbutt"],"picked":"Cleave","floor":11.0},{"not_picked":["Wild Strike","Ghostly Armor","Sentinel"],"picked":"SKIP","floor":12.0},{"not_picked":["Bloodletting","Perfected Strike","Warcry","Thunderclap"],"picked":"SKIP","floor":13.0},{"not_picked":["Searing Blow","Spot Weakness","Feed"],"picked":"Double Tap","floor":14.0}],"player_experience":322440,"relics_obtained":[{"floor":9.0,"key":"Oddly Smooth Stone"},{"floor":12.0,"key":"Question Card"},{"floor":14.0,"key":"Bird Faced Urn"}],"event_choices":[{"damage_healed":0.0,"max_hp_gain":0.0,"max_hp_loss":0.0,"gold_gain":175.0,"event_name":"Liars Game","player_choice":"AGREE","floor":4.0,"gold_loss":0.0,"damage_taken":0.0,"cards_obtained":["Doubt"]},{"damage_healed":0.0,"max_hp_gain":0.0,"max_hp_loss":0.0,"gold_gain":100.0,"event_name":"Golden Shrine","player_choice":"Pray","floor":5.0,"gold_loss":0.0,"damage_taken":0.0}],"is_beta":false,"boss_relics":[],"items_purged_floors":[10],"is_endless":false,"potions_floor_spawned":[3,11,13,14],"killed_by":"Slime Boss","ascension_level":10}}