{"host":"3hzk4hwwdropes3d","time":1613341780,"event":{"mods":["BaseMod","Downfall","Hermit","Minty Spire (QoL Compilation)","StSLib"],"gold_per_floor":[118,136,136,101,117,117,150,68,68,68,103,113,141,141,141,244,244,264,264,93,128,142,142,162,162,162,172,185,219,238,264,264,363,363,383,130,150,150,25,35,35,53,53,53,101,120,120,120,120,120],"floor_reached":51,"language":"ENG","playtime":3283,"items_purged":["hermit:Defend_Hermit","hermit:Strike_Hermit","hermit:Strike_Hermit"],"score":803,"play_id":"37f0d48f-3994-482c-b814-246910acf9b3","local_time":"20210214142940","is_ascension_mode":true,"campfire_choices":[{"data":"hermit:FatalDesire","floor":6,"key":"SMITH"},{"floor":15,"key":"REST"},{"data":"hermit:PistolWhip","floor":23,"key":"SMITH"},{"data":"Ghostly","floor":25,"key":"SMITH"},{"floor":32,"key":"REST"},{"data":"hermit:FromBeyond","floor":41,"key":"SMITH"},{"data":"hermit:FromBeyond","floor":44,"key":"SMITH"},{"data":"Ghostly","floor":47,"key":"SMITH"},{"data":"hermit:FlashPowder","floor":49,"key":"SMITH"}],"circlet_count":0,"master_deck":["hermit:Strike_Hermit","hermit:Strike_Hermit","hermit:Defend_Hermit+1","hermit:Defend_Hermit+1","hermit:Defend_Hermit","hermit:Snapshot","hermit:Covet","hermit:Glare","hermit:Ricochet","hermit:FatalDesire+1","hermit:PistolWhip+1","hermit:Malice","Regret","hermit:HighCaliber","hermit:Deadeye","hermit:Gestalt","hermit:Gambit","Ghostly+1","Ghostly","Ghostly","Ghostly","Ghostly+1","hermit:Headshot","hermit:Quickdraw","hermit:FlashPowder","hermit:Glare+1","hermit:FromBeyond+1","hermit:FlashPowder+1","hermit:FromBeyond+1","hermit:Quickdraw+1","hermit:Magnum","downfall:Haunted","downfall:Haunted","Writhe"],"relics":["hermit:Momento","NeowsBlessing","Meat on the Bone","Bottled Flame","bronze:DecasWashers","War Paint","Nunchaku","Slimebound:PreparedRelic","Sozu","Red Mask","Pen Nib","Matryoshka","sneckomod:SneckoTalon","Orrery","Kunai","Darkstone Periapt","FossilizedHelix","Du-Vu Doll"],"acts_visited":["Exordium","TheCity","TheBeyond"],"potions_floor_usage":[7,16,22],"damage_taken":[{"damage":0,"enemies":"Cultist","floor":1,"turns":1},{"damage":0,"enemies":"Small Slimes","floor":2,"turns":1},{"damage":0,"enemies":"2 Louse","floor":5,"turns":2},{"damage":15,"enemies":"Gremlin Nob","floor":7,"turns":3},{"damage":27,"enemies":"Lagavulin","floor":11,"turns":5},{"damage":0,"enemies":"Large Slime","floor":12,"turns":4},{"damage":16,"enemies":"Gremlin Nob","floor":13,"turns":3},{"damage":52,"enemies":"The Guardian","floor":16,"turns":9},{"damage":1,"enemies":"Spheric Guardian","floor":18,"turns":3},{"damage":2,"enemies":"Masked Bandits","floor":21,"turns":2},{"damage":2,"enemies":"2 Thieves","floor":22,"turns":3},{"damage":1,"enemies":"Cultist and Chosen","floor":24,"turns":5},{"damage":1,"enemies":"Snecko","floor":27,"turns":4},{"damage":15,"enemies":"Shelled Parasite and Fungi","floor":28,"turns":4},{"damage":20,"enemies":"Gremlin Leader","floor":29,"turns":6},{"damage":11,"enemies":"Centurion and Healer","floor":30,"turns":4},{"damage":8,"enemies":"Book of Stabbing","floor":31,"turns":6},{"damage":4,"enemies":"Champ","floor":33,"turns":10},{"damage":1,"enemies":"3 Shapes","floor":35,"turns":3},{"damage":0,"enemies":"Orb Walker","floor":37,"turns":3},{"damage":12,"enemies":"Sphere and 2 Shapes","floor":40,"turns":3},{"damage":0,"enemies":"4 Shapes","floor":42,"turns":4},{"damage":3,"enemies":"2 Orb Walkers","floor":45,"turns":4},{"damage":0,"enemies":"Jaw Worm Horde","floor":46,"turns":3},{"damage":29,"enemies":"Awakened One","floor":50,"turns":8}],"seed_played":"-6165498050837307569","potions_obtained":[{"floor":2,"key":"Fire Potion"},{"floor":13,"key":"EssenceOfSteel"},{"floor":16,"key":"Explosive Potion"}],"is_trial":false,"path_per_floor":["M","M","?","?","M","R","E","$","T","?","E","M","E","$","R","B",null,"M","?","$","?","M","R","M","R","T","M","M","E","M","E","R","B",null,"M","$","M","?","$","M","R","M","T","R","?","M","R","?","R","B",null],"character_chosen":"HERMIT","items_purchased":["hermit:Malice","hermit:Headshot","hermit:Quickdraw","Orrery"],"campfire_rested":2,"item_purchase_floors":[8,20,20,36],"current_hp_per_floor":[75,75,57,75,75,75,60,60,60,60,45,45,41,41,63,23,75,74,37,37,35,33,33,32,32,32,31,28,20,21,25,36,32,37,36,36,36,36,36,24,24,24,24,24,21,21,21,44,44,27],"gold":120,"neow_bonus":"THREE_ENEMY_KILL","is_daily":false,"chose_seed":false,"campfire_upgraded":7,"win_rate":0.0,"timestamp":1613341780,"path_taken":["M","?","?","?","M","R","E","$","T","?","E","?","E","$","R","BOSS","M","?","$","?","M","R","M","R","T","?","M","E","M","E","R","BOSS","M","$","M","?","$","M","R","M","T","R","?","?","R","?","R","BOSS"],"items_purchased_type":["Card","Card","Card","Relic"],"build_version":"2020-12-22","purchased_purges":3,"victory":true,"max_hp_per_floor":[75,75,75,75,75,75,75,75,75,75,75,75,75,75,75,75,75,75,37,37,37,37,37,37,37,37,37,37,37,37,37,37,37,37,37,37,37,37,37,37,37,37,37,37,37,37,37,60,60,60],"card_choices":[{"not_picked":["hermit:GhostlyPresence","hermit:Roulette"],"picked":"hermit:Glare","floor":1},{"not_picked":["hermit:Snipe","hermit:Manifest"],"picked":"hermit:Ricochet","floor":2},{"not_picked":["hermit:Manifest","hermit:BodyArmor"],"picked":"hermit:FatalDesire","floor":5},{"not_picked":["hermit:Scavenge","hermit:Snipe"],"picked":"hermit:PistolWhip","floor":7},{"not_picked":["hermit:LuckOfTheDraw","hermit:LoneWolf"],"picked":"hermit:HighCaliber","floor":11},{"not_picked":["hermit:Dive","hermit:LuckOfTheDraw"],"picked":"hermit:Deadeye","floor":12},{"not_picked":["hermit:Manifest","hermit:Showdown"],"picked":"hermit:Gestalt","floor":13},{"not_picked":["hermit:HighNoon","hermit:Roughhouse"],"picked":"hermit:Gambit","floor":16},{"not_picked":["hermit:GoldenBullet+1","hermit:NoHoldsBarred","hermit:Virtue+1"],"picked":"SKIP","floor":18},{"not_picked":["hermit:Dive","hermit:ItchyTrigger+1"],"picked":"hermit:FlashPowder","floor":22},{"not_picked":["hermit:Roulette","hermit:CursedWeapon","hermit:LowProfile"],"picked":"SKIP","floor":24},{"not_picked":["hermit:GoldenBullet","hermit:Snipe","hermit:Virtue"],"picked":"SKIP","floor":27},{"not_picked":["hermit:Roulette","hermit:GhostlyPresence"],"picked":"hermit:Glare+1","floor":28},{"not_picked":["hermit:Dive","hermit:Glare"],"picked":"hermit:FromBeyond","floor":29},{"not_picked":["hermit:Coalescence","hermit:SprayPray","hermit:Brawl+1"],"picked":"SKIP","floor":30},{"not_picked":["hermit:Gestalt+1","hermit:Headshot+1"],"picked":"hermit:FlashPowder","floor":31},{"not_picked":["hermit:Reprieve","hermit:Dissolve"],"picked":"hermit:FromBeyond","floor":33},{"not_picked":["hermit:Snipe","hermit:TrackingShot+1","hermit:Dive"],"picked":"SKIP","floor":35},{"not_picked":["hermit:BlackWind","hermit:Misfire"],"picked":"hermit:Quickdraw+1","floor":36},{"not_picked":["hermit:Dive","hermit:SprayPray"],"picked":"hermit:Magnum","floor":36},{"not_picked":["hermit:Coalescence+1","hermit:BigShot","hermit:HighCaliber+1"],"picked":"SKIP","floor":37},{"not_picked":["hermit:Roulette","hermit:Shortfuse","hermit:LowProfile"],"picked":"SKIP","floor":40},{"not_picked":["hermit:Misfire+1","hermit:SprayPray+1","hermit:Quickdraw"],"picked":"SKIP","floor":42},{"not_picked":["hermit:Midnight","hermit:Vantage","hermit:Manifest+1"],"picked":"SKIP","floor":46}],"player_experience":405198,"relics_obtained":[{"floor":7,"key":"Bottled Flame"},{"floor":9,"key":"bronze:DecasWashers"},{"floor":11,"key":"Nunchaku"},{"floor":13,"key":"Slimebound:PreparedRelic"},{"floor":21,"key":"Red Mask"},{"floor":29,"key":"Pen Nib"},{"floor":31,"key":"Matryoshka"},{"floor":43,"key":"Kunai"},{"floor":43,"key":"Darkstone Periapt"},{"floor":45,"key":"FossilizedHelix"}],"event_choices":[{"damage_healed":0,"gold_gain":0,"player_choice":"Success","damage_taken":18,"relics_obtained":["Meat on the Bone"],"max_hp_gain":0,"max_hp_loss":0,"event_name":"Scrap Ooze","floor":3,"gold_loss":0},{"damage_healed":18,"gold_gain":0,"player_choice":"Healed","damage_taken":0,"max_hp_gain":0,"max_hp_loss":0,"event_name":"The Cleric","floor":4,"gold_loss":35},{"damage_healed":0,"gold_gain":0,"player_choice":"Box","damage_taken":0,"relics_obtained":["War Paint"],"max_hp_gain":0,"max_hp_loss":0,"event_name":"Big Fish","floor":10,"gold_loss":0,"cards_obtained":["Regret"]},{"damage_healed":0,"gold_gain":0,"player_choice":"Became a Ghost","damage_taken":0,"max_hp_gain":0,"max_hp_loss":38,"event_name":"Ghosts","floor":19,"gold_loss":0,"cards_obtained":["Ghostly","Ghostly","Ghostly","Ghostly","Ghostly"]},{"damage_healed":0,"gold_gain":0,"player_choice":"Fought Bandits","damage_taken":0,"max_hp_gain":0,"max_hp_loss":0,"event_name":"Masked Bandits","floor":21,"gold_loss":0},{"damage_healed":0,"gold_gain":0,"player_choice":"Memory 1","damage_taken":0,"max_hp_gain":0,"max_hp_loss":0,"event_name":"SensoryStone","floor":38,"gold_loss":0},{"damage_healed":0,"gold_gain":0,"player_choice":"Fight","damage_taken":0,"max_hp_gain":0,"max_hp_loss":0,"event_name":"Mysterious Sphere","floor":45,"gold_loss":0}],"is_beta":false,"boss_relics":[{"not_picked":["Ectoplasm","Velvet Choker"],"picked":"Sozu"},{"not_picked":["bronze:MakeshiftBattery","Empty Cage"],"picked":"sneckomod:SneckoTalon"}],"items_purged_floors":[20,36,39],"is_endless":false,"potions_floor_spawned":[2,13,16,18,24,27,30,37,46],"ascension_level":3}}