{"host":"7wi4qgm5yw4j7oz0","time":1613321458,"event":{"mods":["AchievementEnabler","BaseMod","Block Reminder","Colored Map","Colored Powertips","Highlight Path","Minty Spire (QoL Compilation)","Permanent Neow","Random Character Button","Rare Cards Sparkle","StSLib","everything is the same but u backflip on backflip"],"gold_per_floor":[110,110,185,199,124,124,151,162,162,178,201,529,529,542,542,645,645,662,662,562,580,594,626,639,674,674,674,700,615,615,634,634,634,634],"floor_reached":33,"language":"KOR","playtime":1490,"items_purged":["Strike_R","Bash"],"score":599,"play_id":"f12a6724-4001-4917-9489-ebebbdfe372f","local_time":"20210215015058","is_ascension_mode":true,"campfire_choices":[{"data":"Hemokinesis","floor":6.0,"key":"SMITH"},{"floor":13.0,"key":"REST"},{"floor":15.0,"key":"REST"},{"floor":30,"key":"REST"},{"data":"Offering","floor":32,"key":"SMITH"}],"circlet_count":0,"master_deck":["AscendersBane","Hemokinesis+1","Headbutt","Whirlwind","Hemokinesis","Thunderclap","True Grit","Offering+1","Iron Wave","Impervious","True Grit","Spot Weakness","Entrench","Battle Trance","Brutality","Evolve","Battle Trance","Power Through","Ghostly","Ghostly","Ghostly","Ghostly","Ghostly","Dropkick","Rupture+1"],"relics":["Burning Blood","Art of War","HornCleat","Oddly Smooth Stone","PreservedInsect","Old Coin","Pandora\u0027s Box","Juzu Bracelet","Red Mask","Boot","Red Skull","InkBottle"],"acts_visited":["Exordium","TheCity"],"potions_floor_usage":[],"damage_taken":[{"damage":18.0,"enemies":"2 Louse","floor":1.0,"turns":3.0},{"damage":7.0,"enemies":"Small Slimes","floor":4.0,"turns":2.0},{"damage":38.0,"enemies":"Gremlin Nob","floor":7.0,"turns":4.0},{"damage":6.0,"enemies":"Jaw Worm","floor":8.0,"turns":2.0},{"damage":11.0,"enemies":"2 Fungi Beasts","floor":10.0,"turns":4.0},{"damage":4.0,"enemies":"3 Sentries","floor":12.0,"turns":3.0},{"damage":20.0,"enemies":"Exordium Wildlife","floor":14.0,"turns":3.0},{"damage":14.0,"enemies":"Slime Boss","floor":16.0,"turns":7.0},{"damage":12.0,"enemies":"Chosen","floor":18.0,"turns":3.0},{"damage":10.0,"enemies":"3 Byrds","floor":21.0,"turns":6.0},{"damage":13.0,"enemies":"3 Cultists","floor":22.0,"turns":5.0},{"damage":13.0,"enemies":"Gremlin Leader","floor":23.0,"turns":6.0},{"damage":7.0,"enemies":"Snake Plant","floor":24.0,"turns":5.0},{"damage":9.0,"enemies":"Masked Bandits","floor":25.0,"turns":6.0},{"damage":14,"enemies":"Slavers","floor":28,"turns":5},{"damage":11,"enemies":"Shelled Parasite and Fungi","floor":31,"turns":5},{"damage":44,"enemies":"Collector","floor":33,"turns":8}],"seed_played":"7781955221194440182","potions_obtained":[{"floor":4.0,"key":"ElixirPotion"},{"floor":8.0,"key":"Regen Potion"},{"floor":10.0,"key":"SneckoOil"},{"floor":16.0,"key":"DuplicationPotion"},{"floor":24.0,"key":"Weak Potion"}],"is_trial":false,"path_per_floor":["M","?","?","M","$","R","E","M","T","M","T","E","R","M","R","B",null,"M","?","$","M","M","E","M","?","T","?","E","?","R","M","R","B"],"character_chosen":"IRONCLAD","items_purchased":[],"campfire_rested":3,"item_purchase_floors":[],"current_hp_per_floor":[60,60,49,48,48,48,16,16,16,23,23,25,49,35,59,51,73,67,40,40,36,29,22,21,18,18,18,10,10,22,17,17,0,0],"gold":634,"neow_bonus":"RANDOM_COMMON_RELIC","is_daily":false,"chose_seed":false,"campfire_upgraded":2,"win_rate":0.0,"timestamp":1613321458,"path_taken":["M","?","?","M","$","R","E","M","T","M","?","E","R","M","R","BOSS","M","?","$","M","M","E","M","?","T","?","E","?","R","M","R","BOSS"],"items_purchased_type":[],"build_version":"2020-12-22","purchased_purges":2,"victory":false,"max_hp_per_floor":[80,80,80,80,80,80,80,80,80,80,80,80,80,80,80,80,80,80,40,40,40,40,40,40,40,40,40,40,40,40,40,40,40,40],"card_choices":[{"not_picked":["Cleave","Clash"],"picked":"Hemokinesis","floor":1.0},{"not_picked":["Shrug It Off","Rage"],"picked":"Whirlwind","floor":4.0},{"not_picked":["Dropkick","Anger"],"picked":"Hemokinesis","floor":7.0},{"not_picked":["Flex","Searing Blow"],"picked":"Thunderclap","floor":8.0},{"not_picked":["Clothesline","Perfected Strike"],"picked":"True Grit","floor":10.0},{"not_picked":["Shrug It Off","Wild Strike"],"picked":"Offering","floor":12.0},{"not_picked":["Sever Soul","Anger"],"picked":"Iron Wave","floor":14.0},{"not_picked":["Bludgeon","Feed"],"picked":"Impervious","floor":16.0},{"not_picked":["Armaments","Warcry"],"picked":"Power Through","floor":18.0},{"not_picked":["Anger","Inflame"],"picked":"Dropkick","floor":21.0},{"not_picked":["Twin Strike","Heavy Blade+1","Sword Boomerang"],"picked":"SKIP","floor":22.0},{"not_picked":["Havoc","Twin Strike","Shrug It Off"],"picked":"SKIP","floor":23.0},{"not_picked":["Wild Strike","Iron Wave"],"picked":"Demon Form","floor":24.0},{"not_picked":["Clothesline","Body Slam"],"picked":"Rupture+1","floor":25.0},{"not_picked":["Inflame+1","Shockwave","Entrench"],"picked":"SKIP","floor":28},{"not_picked":["Clash","Twin Strike+1","Shockwave"],"picked":"SKIP","floor":31}],"player_experience":306976,"relics_obtained":[{"floor":7.0,"key":"HornCleat"},{"floor":9.0,"key":"Oddly Smooth Stone"},{"floor":11.0,"key":"PreservedInsect"},{"floor":12.0,"key":"Old Coin"},{"floor":23.0,"key":"Juzu Bracelet"},{"floor":25.0,"key":"Red Mask"},{"floor":26.0,"key":"Boot"},{"floor":28,"key":"Red Skull"}],"event_choices":[{"damage_healed":0.0,"max_hp_gain":0.0,"max_hp_loss":0.0,"gold_gain":0.0,"cards_transformed":["Strike_R"],"event_name":"Living Wall","player_choice":"Change","floor":2.0,"gold_loss":0.0,"damage_taken":0.0,"cards_obtained":["Headbutt"]},{"damage_healed":0.0,"max_hp_gain":0.0,"max_hp_loss":0.0,"gold_gain":75.0,"event_name":"World of Goop","player_choice":"Gather Gold","floor":3.0,"gold_loss":0.0,"damage_taken":11.0},{"damage_healed":0.0,"max_hp_gain":0.0,"max_hp_loss":40.0,"gold_gain":0.0,"event_name":"Ghosts","player_choice":"Became a Ghost","floor":19.0,"gold_loss":0.0,"damage_taken":0.0,"cards_obtained":["Ghostly","Ghostly","Ghostly","Ghostly","Ghostly"]},{"damage_healed":0.0,"max_hp_gain":0.0,"max_hp_loss":0.0,"gold_gain":0.0,"event_name":"Masked Bandits","player_choice":"Fought Bandits","floor":25.0,"gold_loss":0.0,"damage_taken":0.0},{"cards_removed":["Demon Form"],"damage_healed":0.0,"max_hp_gain":0.0,"max_hp_loss":0.0,"gold_gain":0.0,"event_name":"Back to Basics","player_choice":"Elegance","floor":27.0,"gold_loss":0.0,"damage_taken":0.0},{"damage_healed":0,"gold_gain":0,"player_choice":"Obtained Relic","damage_taken":0,"relics_obtained":["InkBottle"],"max_hp_gain":0,"max_hp_loss":0,"event_name":"Addict","floor":29,"gold_loss":85}],"is_beta":false,"boss_relics":[{"not_picked":["Runic Dome","SlaversCollar"],"picked":"Pandora\u0027s Box"}],"items_purged_floors":[5,20],"is_endless":false,"potions_floor_spawned":[4,8,10,16,21,24],"killed_by":"Collector","ascension_level":11}}