{"host":"0kwl2uefibxd2nsv","time":1613322428,"event":{"mods":["Act Like it!","Aspiration","BaseMod","Better Note","BetterRewards","DeckTracker","Googly Eyes","Hubris","Jedi Mod","Minty Spire (QoL Compilation)","Reliquary","Shop Mod","StS++","StSLib"],"gold_per_floor":[110,110,38,38,55,55,55,80,80,91,111,111,140,151,151,255,255,271,44,44,63,79,79,79],"floor_reached":23,"language":"ENG","playtime":631,"items_purged":["Strike_R"],"score":489,"play_id":"fba5582d-c384-433d-b9ae-7d0859611472","local_time":"20210214180708","is_ascension_mode":true,"campfire_choices":[{"data":"Sword Boomerang","floor":6.0,"key":"SMITH"},{"data":"Rage","floor":12.0,"key":"SMITH"},{"floor":15.0,"key":"REST"}],"circlet_count":0,"master_deck":["AscendersBane","Strike_R+1","Strike_R","Strike_R","Defend_R","Defend_R","Defend_R","Defend_R","Bash+1","Swift Strike","Metallicize","Sword Boomerang+1","Spot Weakness","Rampage","Rage+1","Shrug It Off","Limit Break","Iron Wave+1","Mayhem","Iron Wave"],"relics":["Burning Blood","TungstenRod","reliquary:HotPoker","reliquary:OuijaBoard","hubris:ToyBattleship","Runic Pyramid"],"acts_visited":["Exordium","TheCity"],"potions_floor_usage":[],"damage_taken":[{"damage":13.0,"enemies":"Jaw Worm","floor":1.0,"turns":4.0},{"damage":3.0,"enemies":"Small Slimes","floor":5.0,"turns":3.0},{"damage":22.0,"enemies":"Lagavulin","floor":8.0,"turns":6.0},{"damage":1.0,"enemies":"2 Louse","floor":10.0,"turns":3.0},{"damage":8.0,"enemies":"Exordium Wildlife","floor":11.0,"turns":4.0},{"damage":0.0,"enemies":"Gremlin Nob","floor":13.0,"turns":2.0},{"damage":0.0,"enemies":"Gremlin Gang","floor":14.0,"turns":5.0},{"damage":4.0,"enemies":"Slime Boss","floor":16.0,"turns":8.0},{"damage":32.0,"enemies":"2 Thieves","floor":18.0,"turns":4.0},{"damage":1.0,"enemies":"3 Byrds","floor":21.0,"turns":8.0},{"damage":24.0,"enemies":"Centurion and Healer","floor":22.0,"turns":5.0},{"damage":0,"enemies":"Slavers","floor":23,"turns":1}],"seed_played":"-1760717265605486794","potions_obtained":[{"floor":8.0,"key":"FearPotion"},{"floor":10.0,"key":"DuplicationPotion"},{"floor":13.0,"key":"Energy Potion"},{"floor":14.0,"key":"jedi:StrikingPotion"},{"floor":21.0,"key":"SpeedPotion"}],"is_trial":false,"path_per_floor":["M","?","$","?","M","R","?","E","T","M","M","R","E","M","R","B",null,"M","$","?","M","M","E"],"character_chosen":"IRONCLAD","items_purchased":["Swift Strike","Metallicize","Spot Weakness","Mayhem","BloodPotion"],"campfire_rested":1,"item_purchase_floors":[0,0,3,19,19],"current_hp_per_floor":[45,30,30,30,33,33,38,22,22,27,25,25,31,37,62,64,80,54,54,54,59,41,41,41],"gold":79,"neow_bonus":"","is_daily":false,"chose_seed":false,"campfire_upgraded":2,"win_rate":0.0,"timestamp":1613322428,"path_taken":["M","?","$","?","M","R","?","E","T","?","?","R","E","M","R","BOSS","M","$","?","M","M","E"],"items_purchased_type":["Card","Card","Card","Card","Potion"],"build_version":"2020-12-22","purchased_purges":1,"victory":false,"max_hp_per_floor":[80,80,80,80,80,80,85,85,85,85,85,85,85,85,85,85,85,85,85,85,85,85,85,85],"card_choices":[{"not_picked":["Dark Embrace","Dual Wield"],"picked":"Sword Boomerang","floor":1.0},{"not_picked":["StSpp:Vengeance","StSpp:Sprint"],"picked":"Rampage","floor":5.0},{"not_picked":["Warcry","True Grit"],"picked":"Rage","floor":8.0},{"not_picked":["Searing Blow","Body Slam"],"picked":"Shrug It Off","floor":10.0},{"not_picked":["Perfected Strike","Bloodletting"],"picked":"Limit Break","floor":11.0},{"not_picked":["Berserk","jedi:strikingstrike","jedi:controlledanger"],"picked":"SKIP","floor":13.0},{"not_picked":["StSpp:Jab","StSpp:Vengeance","Havoc"],"picked":"SKIP","floor":14.0},{"not_picked":["Sever Soul","jedi:fear"],"picked":"Iron Wave+1","floor":18.0},{"not_picked":["Twin Strike+1","Headbutt","Rampage"],"picked":"SKIP","floor":21.0},{"not_picked":["Sever Soul","Pommel Strike"],"picked":"Iron Wave","floor":22.0}],"player_experience":2040731,"relics_obtained":[{"floor":8.0,"key":"reliquary:HotPoker"},{"floor":9.0,"key":"reliquary:OuijaBoard"},{"floor":13.0,"key":"hubris:ToyBattleship"}],"event_choices":[{"damage_healed":0.0,"max_hp_gain":0.0,"max_hp_loss":0.0,"gold_gain":0.0,"event_name":"Shining Light","player_choice":"Entered Light","floor":2.0,"gold_loss":0.0,"damage_taken":16.0,"cards_upgraded":["Bash","Strike_R"]},{"cards_removed":["Strike_R"],"damage_healed":0.0,"max_hp_gain":0.0,"max_hp_loss":0.0,"gold_gain":0.0,"event_name":"Living Wall","player_choice":"Forget","floor":4.0,"gold_loss":0.0,"damage_taken":0.0},{"damage_healed":0.0,"max_hp_gain":5.0,"max_hp_loss":0.0,"gold_gain":0.0,"event_name":"Big Fish","player_choice":"Donut","floor":7.0,"gold_loss":0.0,"damage_taken":0.0},{"cards_removed":["Swift Strike"],"damage_healed":0.0,"max_hp_gain":0.0,"max_hp_loss":0.0,"gold_gain":0.0,"event_name":"betterNote:BetterNote","player_choice":"Give","floor":20.0,"gold_loss":0.0,"damage_taken":0.0,"cards_obtained":["Disarm"]}],"is_beta":false,"boss_relics":[{"not_picked":["Runic Cube","StSpp:Magatama"],"picked":"Runic Pyramid"}],"items_purged_floors":[0],"is_endless":false,"potions_floor_spawned":[8,10,13,14,21],"killed_by":"Slavers","ascension_level":10}}