{"host":"ekyl8r8j8fco3zlk","time":1613296230,"event":{"mods":["Act Like it!","Arknights","BaseMod","CapriCore","Decade(王小明)","Dota2Spire","Friendly Minions","Gensokyo","Marisa（F雨　魔理沙）","Minty Spire (QoL Compilation)","READ ME - Guardian Mod","Rare Cards Sparkle","Reimu（博丽灵梦）","StSLib","The Alterego","The Immortal","The Jungle","The Senshi","TheWitcher","Waifu the Spire","WarShipGirlsR/战舰少女R mod","Yakumo Yukari mod","【遗物卡牌】REMEMod"],"gold_per_floor":[132,132,132,166,206,239,250,250,250,250,26,79,79,96,96,220,220,256,256,290,302,262,262,320,320,320,332,259,125,156,8,8,13,13],"floor_reached":33,"language":"ZHS","playtime":966,"items_purged":[],"score":300,"play_id":"4afadd13-1099-42ed-a6d2-18ab526bca8e","local_time":"20210214175030","is_ascension_mode":false,"campfire_choices":[{"data":"alterego_mod:Impale","floor":8,"key":"SMITH"},{"data":"alterego_mod:Punishment","floor":10,"key":"SMITH"},{"data":"alterego_mod:BrynhildrsRune","floor":13,"key":"SMITH"},{"data":"alterego_mod:PainIsPleasure","floor":15,"key":"SMITH"},{"data":"alterego_mod:Venus","floor":23,"key":"SMITH"},{"data":"alterego_mod:SideboobHour","floor":25,"key":"SMITH"},{"floor":27,"key":"REST"},{"data":"alterego_mod:MaintainEyeContact","floor":32,"key":"SMITH"}],"circlet_count":0,"master_deck":["alterego_mod:Strike","alterego_mod:Strike","alterego_mod:Strike","alterego_mod:Strike","alterego_mod:Defend","alterego_mod:Defend","alterego_mod:Defend","alterego_mod:Defend","alterego_mod:Impale+1","alterego_mod:BigMeatyClaws","alterego_mod:BrynhildrsRune+1","alterego_mod:PainIsPleasure+1","HandOfGreed","alterego_mod:Punishment+1","alterego_mod:Mirror","alterego_mod:BusterCard","alterego_mod:GoddessCore","alterego_mod:SideboobHour+1","alterego_mod:Venus+1","alterego_mod:SuperDuperMasochism+1","alterego_mod:Belle+1","alterego_mod:MaintainEyeContact+1"],"relics":["alterego_mod:MasochisticConstitution","REME_ComplimentaryCards","REME_HandOfSuture","Boot","Dota2Spire:RefresherOrb","alterego_mod:SomeoneToFightFor","ZunR:ReiMu","Regal Pillow","MawBank","SnafuTest:CatRelic","Dota2Spire:ArmletOfMordiggian","Dota2Spire:OrchidMalevolence","TentaclePot:ReiMu"],"acts_visited":["Exordium","TheCity"],"potions_floor_usage":[3,12,14,14,14,16,20,24,30],"damage_taken":[{"damage":10,"enemies":"Small Slimes","floor":1,"turns":3},{"damage":13,"enemies":"Jaw Worm","floor":4,"turns":3},{"damage":11,"enemies":"Cultist","floor":5,"turns":3},{"damage":18,"enemies":"Blue Slaver","floor":6,"turns":4},{"damage":7,"enemies":"2 Fungi Beasts","floor":7,"turns":4},{"damage":25,"enemies":"Lots of Slimes","floor":12,"turns":4},{"damage":6,"enemies":"Blue Slaver","floor":14,"turns":3},{"damage":9,"enemies":"Slime Boss","floor":16,"turns":6},{"damage":10,"enemies":"3 Byrds","floor":18,"turns":4},{"damage":21,"enemies":"Shell Parasite","floor":20,"turns":4},{"damage":15,"enemies":"Shelled Parasite and Fungi","floor":21,"turns":3},{"damage":7,"enemies":"Slavers","floor":24,"turns":2},{"damage":23,"enemies":"Book of Stabbing","floor":30,"turns":3},{"damage":67,"enemies":"Collector","floor":33,"turns":7}],"seed_played":"-5654150995500326693","potions_obtained":[{"floor":1,"key":"Ancient Potion"},{"floor":3,"key":"EntropicBrew"},{"floor":3,"key":"Fruit Juice"},{"floor":3,"key":"GrandPatriotsElixir:ReiMu"},{"floor":16,"key":"DuplicationPotion"},{"floor":18,"key":"LiquidMemories"},{"floor":20,"key":"Dota2Spire:Clarity"}],"is_trial":false,"path_per_floor":["M","?","?","M","M","M","M","R","T","R","$","M","R","M","R","B",null,"M","?","M","M","?","R","E","R","T","R","?","$","E","$","R","B"],"character_chosen":"The_Alterego","items_purchased":["Boot","alterego_mod:SideboobHour","Dota2Spire:ArmletOfMordiggian","TentaclePot:ReiMu"],"campfire_rested":1,"item_purchase_floors":[11,11,29,31],"current_hp_per_floor":[61,71,76,71,61,51,52,52,52,52,52,28,28,30,30,36,83,78,78,58,51,51,51,45,45,45,86,86,86,64,64,64,0,0],"gold":13,"neow_bonus":"ONE_RANDOM_RARE_CARD","is_daily":false,"chose_seed":false,"campfire_upgraded":7,"win_rate":0.0,"timestamp":1613296230,"path_taken":["M","?","?","M","?","M","M","R","T","R","$","M","R","M","R","BOSS","M","?","M","M","?","R","E","R","T","R","?","?","E","$","R","BOSS"],"items_purchased_type":["Relic","Card","Relic","Relic"],"build_version":"2020-12-22","purchased_purges":0,"victory":false,"max_hp_per_floor":[71,71,76,77,78,79,80,80,80,80,80,81,81,82,82,83,83,84,84,85,86,86,86,87,87,87,87,87,87,88,88,88,88,88],"card_choices":[{"not_picked":["alterego_mod:BiFurious","alterego_mod:Cycle"],"picked":"alterego_mod:Punishment","floor":1},{"not_picked":["alterego_mod:Support","alterego_mod:Skirt"],"picked":"alterego_mod:Mirror","floor":4},{"not_picked":["alterego_mod:Bloomers","alterego_mod:Skirt"],"picked":"alterego_mod:BusterCard","floor":5},{"not_picked":["alterego_mod:Complex","alterego_mod:1TonWallop"],"picked":"alterego_mod:GoddessCore","floor":6},{"not_picked":["alterego_mod:PerceptionDisorder","alterego_mod:Cycle","alterego_mod:PurpleHair"],"picked":"SKIP","floor":7},{"not_picked":["alterego_mod:Support","alterego_mod:Skirt"],"picked":"alterego_mod:Belle","floor":12},{"not_picked":["alterego_mod:1TonWallop","alterego_mod:BusterCard","alterego_mod:Cycle"],"picked":"SKIP","floor":14},{"not_picked":["alterego_mod:Rake","alterego_mod:VirginLaserPalladion"],"picked":"alterego_mod:Venus","floor":16},{"not_picked":["alterego_mod:Birthday+1","alterego_mod:HighServant"],"picked":"alterego_mod:DustData+1","floor":18},{"not_picked":["alterego_mod:IndependentAction","alterego_mod:PerceptionDisorder"],"picked":"alterego_mod:SuperDuperMasochism+1","floor":20},{"not_picked":["alterego_mod:BiFurious","alterego_mod:Pet","alterego_mod:GachaTicket"],"picked":"SKIP","floor":21},{"not_picked":["alterego_mod:1TonWallop","alterego_mod:Bloomers"],"picked":"alterego_mod:Belle+1","floor":24},{"not_picked":["alterego_mod:Pet","alterego_mod:GachaTicket"],"picked":"alterego_mod:MaintainEyeContact","floor":30}],"player_experience":620215,"relics_obtained":[{"floor":9,"key":"REME_HandOfSuture"},{"floor":24,"key":"Regal Pillow"},{"floor":26,"key":"MawBank"},{"floor":30,"key":"Dota2Spire:OrchidMalevolence"}],"event_choices":[{"damage_healed":23,"gold_gain":0,"player_choice":"Banana","damage_taken":0,"max_hp_gain":0,"max_hp_loss":0,"event_name":"Big Fish","floor":2,"gold_loss":0},{"damage_healed":0,"gold_gain":0,"player_choice":"Got Potions","damage_taken":0,"max_hp_gain":0,"max_hp_loss":0,"event_name":"Lab","floor":3,"gold_loss":0},{"damage_healed":0,"gold_gain":0,"player_choice":"Choice 2","damage_taken":0,"relics_obtained":["alterego_mod:SomeoneToFightFor"],"max_hp_gain":0,"max_hp_loss":0,"event_name":"爱的神圣花园","floor":19,"gold_loss":0},{"damage_healed":0,"gold_gain":0,"player_choice":"购买神酒","damage_taken":0,"relics_obtained":["ZunR:ReiMu"],"max_hp_gain":0,"max_hp_loss":0,"event_name":"ZunEvent","floor":22,"gold_loss":40},{"damage_healed":0,"gold_gain":0,"player_choice":"Obtained Relic","damage_taken":0,"relics_obtained":["SnafuTest:CatRelic"],"max_hp_gain":0,"max_hp_loss":0,"event_name":"Addict","floor":28,"gold_loss":85}],"is_beta":false,"boss_relics":[{"not_picked":["Snecko Eye","Coffee Dripper"],"picked":"Dota2Spire:RefresherOrb"}],"items_purged_floors":[],"is_endless":false,"potions_floor_spawned":[1,4,5,16,18,20,21],"killed_by":"Collector","ascension_level":0}}