{"host":"d52brwsy6af8zvaq","time":1613325860,"event":{"mods":["AchievementEnabler","BaseMod","Bestiary","Highlight Path","Minty Spire (QoL Compilation)","Quick Restart","Relic Stats","ojb\u0027s Better Paths Mod"],"gold_per_floor":[117,17,17,33,45,76,76,87,87,87,116,116,128,144,144,218,218,228,228,228,247,247,247,272,272,272],"floor_reached":25,"language":"ENG","playtime":1273,"items_purged":["Strike_B"],"score":422,"play_id":"97ed0d32-d810-4759-a9bc-b2b22a291e54","local_time":"20210214110420","is_ascension_mode":true,"campfire_choices":[{"data":"Zap","floor":7.0,"key":"SMITH"},{"data":"Dualcast","floor":10.0,"key":"SMITH"},{"data":"Loop","floor":12.0,"key":"SMITH"},{"data":"Consume","floor":15.0,"key":"SMITH"},{"data":"Coolheaded","floor":23.0,"key":"SMITH"}],"circlet_count":0,"master_deck":["AscendersBane","Strike_B+1","Strike_B+1","Defend_B+1","Defend_B+1","Defend_B+1","Defend_B+1","Zap+1","Dualcast+1","Cold Snap","Go for the Eyes","Compile Driver","Cold Snap","White Noise","Undo","Loop+1","Consume+1","Hologram","Seek","Coolheaded+1"],"relics":["Cracked Core","DataDisk","Gremlin Horn","Mummified Hand","Snecko Eye","Red Mask"],"acts_visited":["Exordium","TheCity"],"potions_floor_usage":[],"damage_taken":[{"damage":3.0,"enemies":"Small Slimes","floor":1.0,"turns":3.0},{"damage":0.0,"enemies":"Cultist","floor":4.0,"turns":3.0},{"damage":4.0,"enemies":"2 Louse","floor":5.0,"turns":3.0},{"damage":26.0,"enemies":"Lagavulin","floor":6.0,"turns":13.0},{"damage":0.0,"enemies":"Looter","floor":8.0,"turns":2.0},{"damage":4.0,"enemies":"3 Sentries","floor":11.0,"turns":6.0},{"damage":5.0,"enemies":"Large Slime","floor":13.0,"turns":3.0},{"damage":0.0,"enemies":"Blue Slaver","floor":14.0,"turns":2.0},{"damage":13.0,"enemies":"Hexaghost","floor":16.0,"turns":12.0},{"damage":0.0,"enemies":"Chosen","floor":18.0,"turns":5.0},{"damage":0.0,"enemies":"Spheric Guardian","floor":21.0,"turns":7.0},{"damage":13.0,"enemies":"Masked Bandits","floor":24.0,"turns":8.0},{"damage":30,"enemies":"Slavers","floor":25,"turns":5}],"seed_played":"-6841973730046078897","potions_obtained":[{"floor":5.0,"key":"LiquidBronze"},{"floor":6.0,"key":"SkillPotion"},{"floor":14.0,"key":"EssenceOfDarkness"}],"is_trial":false,"path_per_floor":["M","$","?","M","M","E","R","M","T","R","E","R","M","M","R","B",null,"M","?","?","M","?","R","?","E"],"character_chosen":"DEFECT","items_purchased":["Go for the Eyes"],"campfire_rested":0,"item_purchase_floors":[2],"current_hp_per_floor":[68,68,68,68,64,38,38,38,38,38,34,34,29,29,29,16,63,63,41,41,41,41,41,28,0,0],"gold":272,"neow_bonus":"TEN_PERCENT_HP_BONUS","is_daily":false,"chose_seed":false,"campfire_upgraded":5,"win_rate":0.0,"timestamp":1613325860,"path_taken":["M","$","?","M","M","E","R","M","T","R","E","R","M","?","R","BOSS","M","?","?","M","?","R","?","E"],"items_purchased_type":["Card"],"build_version":"2020-12-22","purchased_purges":1,"victory":false,"max_hp_per_floor":[78,78,78,78,78,78,78,78,78,78,78,78,78,78,78,78,78,78,83,83,83,83,83,83,83,83],"relic_stats":{"Gremlin Horn":[6,6],"counters":[13,72],"Mummified Hand":[19],"Snecko Eye":[55,46,42,39],"obtain_stats":[{"DataDisk":6,"Gremlin Horn":9,"Mummified Hand":11,"Snecko Eye":17,"Red Mask":24,"Cracked Core":0},{"DataDisk":4,"Gremlin Horn":5,"Mummified Hand":6,"Snecko Eye":9,"Red Mask":12,"Cracked Core":0},{"DataDisk":22,"Gremlin Horn":24,"Mummified Hand":30,"Snecko Eye":47,"Red Mask":67,"Cracked Core":0}]},"card_choices":[{"not_picked":["Aggregate","Genetic Algorithm"],"picked":"Cold Snap","floor":1.0},{"not_picked":["Go for the Eyes","BootSequence"],"picked":"Cold Snap","floor":4.0},{"not_picked":["Storm","Melter"],"picked":"White Noise","floor":5.0},{"not_picked":["Blizzard","Streamline"],"picked":"Undo","floor":6.0},{"not_picked":["Leap","Gash"],"picked":"Loop","floor":8.0},{"not_picked":["Blizzard","Hologram"],"picked":"Consume","floor":11.0},{"not_picked":["Sweeping Beam","Compile Driver"],"picked":"Hologram","floor":13.0},{"not_picked":["Hologram","Consume","Reboot"],"picked":"SKIP","floor":14.0},{"not_picked":["All For One","Hyperbeam"],"picked":"Seek","floor":16.0},{"not_picked":["Barrage","Sweeping Beam"],"picked":"Coolheaded","floor":18.0},{"not_picked":["Go for the Eyes","Beam Cell","Loop"],"picked":"SKIP","floor":21.0}],"player_experience":2260643,"relics_obtained":[{"floor":6.0,"key":"DataDisk"},{"floor":9.0,"key":"Gremlin Horn"},{"floor":11.0,"key":"Mummified Hand"},{"floor":24.0,"key":"Red Mask"}],"event_choices":[{"damage_healed":0.0,"max_hp_gain":0.0,"max_hp_loss":0.0,"gold_gain":0.0,"cards_transformed":["Strike_B"],"event_name":"Transmorgrifier","player_choice":"Transformed","floor":3.0,"gold_loss":0.0,"damage_taken":0.0,"cards_obtained":["Compile Driver"]},{"damage_healed":0.0,"max_hp_gain":5.0,"max_hp_loss":0.0,"gold_gain":0.0,"event_name":"Forgotten Altar","player_choice":"Shed Blood","floor":19.0,"gold_loss":0.0,"damage_taken":27.0},{"damage_healed":0.0,"max_hp_gain":0.0,"max_hp_loss":0.0,"gold_gain":0.0,"event_name":"Beggar","player_choice":"Ignored","floor":20.0,"gold_loss":0.0,"damage_taken":0.0},{"damage_healed":0.0,"max_hp_gain":0.0,"max_hp_loss":0.0,"gold_gain":0.0,"event_name":"Back to Basics","player_choice":"Simplicity","floor":22.0,"gold_loss":0.0,"damage_taken":0.0,"cards_upgraded":["Strike_B","Strike_B","Defend_B","Defend_B","Defend_B","Defend_B"]},{"damage_healed":0.0,"max_hp_gain":0.0,"max_hp_loss":0.0,"gold_gain":0.0,"event_name":"Masked Bandits","player_choice":"Fought Bandits","floor":24.0,"gold_loss":0.0,"damage_taken":0.0}],"is_beta":false,"boss_relics":[{"not_picked":["Ectoplasm","Calling Bell"],"picked":"Snecko Eye"}],"items_purged_floors":[2],"is_endless":false,"potions_floor_spawned":[5,6,8,14,24],"killed_by":"Slavers","ascension_level":20}}