{"host":"6cobn2zu43e930v9","time":1613277975,"event":{"mods":["100% Spire Juice","Act Like it!","BaseMod","Colored Map","Gensokyo","Hubris","Marisa£¨ìFÓê¡¡Ä§ÀíÉ³£©","Minty Spire (QoL Compilation)","MostiFishMod","Reimu£¨²©ÀöÁéÃÎ£©","Remilia£¨ÀÙÃ×ÀòÑÇ£©","Replay The Spire","RumiaBox-Â¶Ã×æ«µÄÉñÃØºÐ×Ó","Shop Mod","StSLib","SuperFastMode","TestMod","Waifu the Spire","[IsaacMod]ÒÔÈö¼âËþ"],"gold_per_floor":[111,182,196,196,121,121,16,45,69,103,103,337,376,376,376,478,478,497,583,595,595,595,634,634,634,634,675,689,282,282,282,282],"floor_reached":31,"language":"ZHS","playtime":957,"items_purged":["Strike_RM","Strike_RM","Defend_RM"],"score":607,"play_id":"1b68d3f3-7b11-481c-ae61-0c210c012c4a","local_time":"20210214124615","is_ascension_mode":true,"campfire_choices":[{"floor":6,"key":"RECALL"},{"data":"BatForm","floor":15,"key":"SMITH"},{"data":"BloodyCatastrophe","floor":24,"key":"SMITH"},{"data":"Septette","floor":30,"key":"SMITH"}],"circlet_count":0,"master_deck":["AscendersBane","RedMoon","ScarletShoot","FitfulNightmare+1","BatForm+1","HunterOfTheNight+1","VampireSweep","BadLadyScramble","EmergencyRegeneration","BadLadyScramble","BloodyCatastrophe+1","VampireKiss+1","ScarletImprint+1","Septette+1","UnstableMagic","Gensokyo:ScrapIron","Gensokyo:BlemishedSteel"],"relics":["ScarletHat","DaveBox","testmod-TestBox","HushsDoor","NeowsBlessing","ShadowXiaoBlade","testmod-Muramasa","DeadEye","SynthV:TestCard","Happy Flower","Gensokyo:PortableGap","testmod-Acrobat","DeathBook","Orichalcum","WingedGreaves","Blood Vial","RhineSuit","Gensokyo:DirgeOfMelancholy","hubris:DeckOfHolding","Bottled Flame","SynthV","Technique","Frozen Eye"],"acts_visited":["Exordium","Gensokyo:Gensokyo"],"potions_floor_usage":[16],"damage_taken":[{"damage":0,"enemies":"Gensokyo:Gryphon","floor":1,"turns":1},{"damage":0,"enemies":"Gensokyo:2_Kodama","floor":3,"turns":1},{"damage":0,"enemies":"Gensokyo:Mamizou","floor":8,"turns":2},{"damage":14,"enemies":"Gensokyo:Aya","floor":10,"turns":5},{"damage":0,"enemies":"Gensokyo:Mamizou","floor":12,"turns":5},{"damage":51,"enemies":"Gensokyo:Aya","floor":13,"turns":6},{"damage":0,"enemies":"Gensokyo:Reimu","floor":16,"turns":7},{"damage":0,"enemies":"Gensokyo:Chomper","floor":18,"turns":3},{"damage":0,"enemies":"Gensokyo:CosmicMonolith","floor":20,"turns":3},{"damage":45,"enemies":"Gensokyo:Tenshi","floor":23,"turns":4},{"damage":55,"enemies":"Gensokyo:Reisen","floor":27,"turns":6},{"damage":0,"enemies":"Gensokyo:Wraith","floor":28,"turns":5},{"damage":99999999,"enemies":"Gensokyo:Koishi","floor":31,"turns":2}],"seed_played":"6453297970813165342","potions_obtained":[{"floor":3,"key":"Swift Potion"},{"floor":12,"key":"SkillPotion"},{"floor":18,"key":"Strength Potion"}],"is_trial":false,"path_per_floor":["M","?","M","?","$","R","COS","E","T","E","?","E","E","$","R","B",null,"M","?","M","?","?","E","R","?","T","E","M","COS","R","E"],"character_chosen":"REMILIA","items_purchased":[],"campfire_rested":0,"item_purchase_floors":[],"current_hp_per_floor":[68,50,50,50,50,50,50,50,50,38,12,14,19,7,7,23,55,61,46,51,51,51,35,35,35,35,31,38,38,38,0,0],"gold":282,"neow_bonus":"THREE_ENEMY_KILL","is_daily":false,"chose_seed":false,"campfire_upgraded":3,"win_rate":0.0,"timestamp":1613277975,"path_taken":["M","?","?","?","$","R","COS","E","T","E","?","E","E","?","R","BOSS","M","?","M","?","?","E","R","?","T","E","M","COS","R","E"],"items_purchased_type":[],"build_version":"2020-12-22","purchased_purges":3,"victory":false,"max_hp_per_floor":[75,75,75,68,68,68,68,68,68,68,68,65,65,65,65,65,65,65,65,65,65,65,65,65,65,65,65,65,65,65,65,65],"card_choices":[{"not_picked":["NightDance","Septette","GlobalNightmare"],"picked":"SKIP","floor":1},{"not_picked":["UnstableMagic","Stigmanizer","DiffusionOfMisfortune","StarOfDavid"],"picked":"FitfulNightmare","floor":2},{"not_picked":["ScarletDevil","BloodHunter","BombardNight","DiffusionOfMisfortune"],"picked":"BatForm","floor":2},{"not_picked":["BloodyTrap","Ultimatum","VampireFantasy","UnstableMagic"],"picked":"HunterOfTheNight","floor":3},{"not_picked":["Stigmanizer","ChainGang","AfternoonTea","BombardNight"],"picked":"VampireSweep","floor":8},{"not_picked":["BlasphemousPunishment","HunterOfTheNight","ScarletDevil","ReincarnationDial"],"picked":"BadLadyScramble","floor":10},{"not_picked":["StarOfDavid","Maim","FavorOfDestiny","BlasphemousPunishment"],"picked":"EmergencyRegeneration","floor":12},{"not_picked":["RedMagic","SuperhumanBloodyKnife","Stigmanizer","StarOfDavid"],"picked":"BadLadyScramble","floor":13},{"not_picked":["EquivalentExchange","ChaoticDestiny","BloodRain","QueenOfMidnight"],"picked":"BloodyCatastrophe","floor":16},{"not_picked":["ScarletDream+1","BombardNight","SuperhumanBloodyKnife","Stigmanizer"],"picked":"VampireKiss+1","floor":18},{"not_picked":["ScarletDevil","VampireKiss","ScarletImprint","CharismaGuard","RedMagic"],"picked":"SKIP","floor":20},{"not_picked":["BadLadyScramble","StarOfDavid","HeartBreak","RedRainbow"],"picked":"ScarletImprint+1","floor":23},{"not_picked":["HellCatastrophe","RedMagic","ScarletDevil+1","VampireKiss+1"],"picked":"Septette","floor":27},{"not_picked":["ScarletDevil","ScarletImprint+1","FitfulNightmare","RedRainbow"],"picked":"UnstableMagic","floor":28}],"player_experience":347184,"relics_obtained":[{"floor":1,"key":"SynthV:TestCard"},{"floor":2,"key":"Happy Flower"},{"floor":8,"key":"testmod-Acrobat"},{"floor":10,"key":"DeathBook"},{"floor":12,"key":"Orichalcum"},{"floor":13,"key":"Blood Vial"},{"floor":26,"key":"hubris:DeckOfHolding"},{"floor":27,"key":"Bottled Flame"}],"event_choices":[],"is_beta":false,"boss_relics":[{"not_picked":["NightmareShop","Tiny House"],"picked":"RhineSuit"},{"not_picked":[]}],"items_purged_floors":[5,14,14],"is_endless":false,"potions_floor_spawned":[3,12,13,18,20],"killed_by":"Gensokyo:Koishi","ascension_level":11}}