{"host":"wmojtwekh6s3tor5","time":1613286146,"event":{"mods":["BaseMod","Colored Map","Colored Powertips","DeckTracker","Highlight Path","Minty Spire (QoL Compilation)","Quick Restart","StSLib"],"gold_per_floor":[113,113,113,63,33,33,33,67,67,84,94,94,94,111,111,215,215,231,247,266,266,282,282,192,192,239,239,249,249,249,174,174,174,174],"floor_reached":33,"language":"ZHS","playtime":1543,"items_purged":[],"score":398,"play_id":"8a123a62-70e2-4d99-bf4b-ed2232ad8afc","local_time":"20210214150226","is_ascension_mode":true,"campfire_choices":[{"data":"Protect","floor":6.0,"key":"SMITH"},{"data":"Vigilance","floor":13.0,"key":"SMITH"},{"data":"Wallop","floor":15.0,"key":"SMITH"},{"data":"Scrawl","floor":23,"key":"SMITH"},{"data":"Study","floor":25,"key":"SMITH"},{"data":"Strike_P","floor":27,"key":"SMITH"},{"data":"Strike_P","floor":32,"key":"SMITH"}],"circlet_count":0,"master_deck":["Strike_P+1","Strike_P+1","Defend_P","Defend_P","Defend_P+1","Eruption+1","Vigilance+1","Protect+1","Wallop+1","Wallop+1","Scrawl+1","Study+1"],"relics":["PureWater","Blue Candle","Kunai","Busted Crown","Juzu Bracelet"],"acts_visited":["Exordium","TheCity"],"potions_floor_usage":[33,33],"damage_taken":[{"damage":4.0,"enemies":"Jaw Worm","floor":1.0,"turns":4.0},{"damage":0.0,"enemies":"Gremlin Nob","floor":8.0,"turns":2.0},{"damage":0.0,"enemies":"2 Louse","floor":10.0,"turns":2.0},{"damage":1.0,"enemies":"Small Slimes","floor":11.0,"turns":3.0},{"damage":0.0,"enemies":"Exordium Thugs","floor":14.0,"turns":3.0},{"damage":0.0,"enemies":"Slime Boss","floor":16.0,"turns":5.0},{"damage":0.0,"enemies":"Chosen","floor":18.0,"turns":3.0},{"damage":5.0,"enemies":"Spheric Guardian","floor":19.0,"turns":3.0},{"damage":0.0,"enemies":"Shelled Parasite and Fungi","floor":20.0,"turns":4.0},{"damage":0,"enemies":"Snecko","floor":22,"turns":4},{"damage":0,"enemies":"Centurion and Healer","floor":28,"turns":5},{"damage":70,"enemies":"Champ","floor":33,"turns":9}],"seed_played":"-656161938680485848","potions_obtained":[{"floor":1.0,"key":"BlessingOfTheForge"},{"floor":5.0,"key":"FearPotion"},{"floor":5.0,"key":"Fire Potion"},{"floor":8.0,"key":"StancePotion"},{"floor":11.0,"key":"Regen Potion"},{"floor":14.0,"key":"Strength Potion"},{"floor":18.0,"key":"Energy Potion"},{"floor":22,"key":"ColorlessPotion"}],"is_trial":false,"path_per_floor":["M","?","?","?","?","R","$","E","T","M","M","?","R","M","R","B",null,"M","M","M","?","M","R","?","R","T","R","M","?","?","?","R","B"],"character_chosen":"WATCHER","items_purchased":[],"campfire_rested":0,"item_purchase_floors":[],"current_hp_per_floor":[68,73,73,73,73,73,73,73,73,73,72,72,72,72,72,72,76,76,71,71,71,71,71,71,71,71,71,71,71,57,57,57,0,0],"gold":174,"neow_bonus":"UPGRADE_CARD","is_daily":false,"chose_seed":false,"campfire_upgraded":7,"win_rate":0.0,"timestamp":1613286146,"path_taken":["M","?","?","?","?","R","$","E","T","M","?","?","R","M","R","BOSS","M","M","M","?","M","R","?","R","T","R","M","?","?","?","R","BOSS"],"items_purchased_type":[],"build_version":"2020-12-22","purchased_purges":0,"victory":false,"max_hp_per_floor":[72,77,77,77,77,77,77,77,77,77,77,77,77,77,77,77,77,77,77,77,77,77,77,77,77,77,77,77,77,82,82,82,82,82],"card_choices":[{"not_picked":["Perseverance","Collect"],"picked":"Protect","floor":1.0},{"not_picked":["Weave","CrushJoints","Meditate"],"picked":"SKIP","floor":8.0},{"not_picked":["Halt","BowlingBash"],"picked":"Wallop","floor":10.0},{"not_picked":["BowlingBash","Indignation","Nirvana"],"picked":"SKIP","floor":11.0},{"not_picked":["Meditate","Prostrate"],"picked":"Wallop","floor":14.0},{"not_picked":["Vault","ConjureBlade"],"picked":"Scrawl","floor":16.0},{"not_picked":["PathToVictory"],"picked":"SKIP","floor":18.0},{"not_picked":["FlyingSleeves"],"picked":"SKIP","floor":19.0},{"not_picked":[],"picked":"Study","floor":20.0},{"not_picked":["PathToVictory"],"picked":"SKIP","floor":22},{"not_picked":["PathToVictory"],"picked":"SKIP","floor":22},{"not_picked":["FearNoEvil"],"picked":"SKIP","floor":28}],"player_experience":603179,"relics_obtained":[{"floor":8.0,"key":"Blue Candle"},{"floor":9.0,"key":"Kunai"},{"floor":26,"key":"Juzu Bracelet"}],"event_choices":[{"damage_healed":0.0,"max_hp_gain":5.0,"max_hp_loss":0.0,"gold_gain":0.0,"event_name":"Big Fish","player_choice":"Donut","floor":2.0,"gold_loss":0.0,"damage_taken":0.0},{"damage_healed":0.0,"max_hp_gain":0.0,"max_hp_loss":0.0,"gold_gain":0.0,"event_name":"Liars Game","player_choice":"Ignored","floor":3.0,"gold_loss":0.0,"damage_taken":0.0},{"cards_removed":["Defend_P"],"damage_healed":0.0,"max_hp_gain":0.0,"max_hp_loss":0.0,"gold_gain":0.0,"event_name":"The Cleric","player_choice":"Card Removal","floor":4.0,"gold_loss":50.0,"damage_taken":0.0},{"damage_healed":0.0,"max_hp_gain":0.0,"max_hp_loss":0.0,"gold_gain":0.0,"event_name":"The Woman in Blue","player_choice":"Bought 2 Potions","floor":5.0,"gold_loss":0.0,"damage_taken":0.0},{"damage_healed":0.0,"max_hp_gain":0.0,"max_hp_loss":0.0,"gold_gain":0.0,"event_name":"Accursed Blacksmith","player_choice":"Forge","floor":12.0,"gold_loss":0.0,"damage_taken":0.0,"cards_upgraded":["Wallop"]},{"damage_healed":0,"gold_gain":0,"player_choice":"Ignored","damage_taken":0,"max_hp_gain":0,"max_hp_loss":0,"event_name":"The Mausoleum","floor":21,"gold_loss":0},{"cards_removed":["Strike_P"],"damage_healed":0,"gold_gain":0,"player_choice":"Upgrade and Remove","damage_taken":0,"max_hp_gain":0,"max_hp_loss":0,"event_name":"Designer","floor":24,"gold_loss":90,"cards_upgraded":["Defend_P"]},{"damage_healed":0,"gold_gain":0,"player_choice":"Ignored","damage_taken":0,"max_hp_gain":0,"max_hp_loss":0,"event_name":"Vampires","floor":29,"gold_loss":0},{"damage_healed":0,"gold_gain":0,"player_choice":"Shed Blood","damage_taken":19,"max_hp_gain":5,"max_hp_loss":0,"event_name":"Forgotten Altar","floor":30,"gold_loss":0},{"cards_removed":["Strike_P"],"damage_healed":0,"gold_gain":0,"player_choice":"Gave Gold","damage_taken":0,"max_hp_gain":0,"max_hp_loss":0,"event_name":"Beggar","floor":31,"gold_loss":75}],"is_beta":false,"boss_relics":[{"not_picked":["VioletLotus","Pandora\u0027s Box"],"picked":"Busted Crown"}],"items_purged_floors":[],"is_endless":false,"potions_floor_spawned":[1,8,11,14,18,22],"killed_by":"Champ","ascension_level":5}}