{"host":"8is2j71l4wmybkoi","time":1613305222,"event":{"mods":["AchievementEnabler","BaseMod","Colored Map","DeckTracker","Minty Spire (QoL Compilation)","Rare Cards Sparkle","Relic Stats","StSLib","SuperFastMode"],"gold_per_floor":[119,131,141,141,141,141,157,201,255,268,17,32,32,68,68,167,167,191,211,3,28,43,83,83,20,20,58,58,73,104,104,104,194,194,210,543,556,556,556,583,583,608,608,608,635,635,654,673,673,673,673,673,405,431,431],"floor_reached":56,"language":"KOR","playtime":2522,"items_purged":["Strike_R","Strike_R","Strike_R","Infernal Blade+1"],"score":2346,"play_id":"ef2f2160-d75c-4ff3-81e0-1de6318e8259","local_time":"20210214212022","is_ascension_mode":true,"campfire_choices":[{"data":"Infernal Blade","floor":6.0,"key":"SMITH"},{"data":"Fire Breathing","floor":15,"key":"SMITH"},{"floor":24,"key":"REST"},{"data":"Pommel Strike","floor":28,"key":"SMITH"},{"data":"Dark Embrace","floor":32,"key":"SMITH"},{"data":"True Grit","floor":41,"key":"SMITH"},{"data":"Pommel Strike","floor":44,"key":"SMITH"},{"floor":49,"key":"RECALL"},{"data":"Shrug It Off","floor":52,"key":"SMITH"}],"circlet_count":0,"master_deck":["AscendersBane","Defend_R","Defend_R","Bash","Power Through","Flame Barrier","Fire Breathing+1","Feel No Pain","Shrug It Off+1","Corruption","Bloodletting","Pommel Strike+1","Pommel Strike+1","Dark Embrace+1","Reaper","Cleave+1","Feed+1","Sentinel+1","True Grit+1"],"relics":["Burning Blood","Gremlin Horn","PreservedInsect","Nunchaku","Membership Card","Mummified Hand","Regal Pillow","Runic Pyramid","Sundial","Ice Cream","Bag of Preparation","Lantern","Thread and Needle","Astrolabe","Mercury Hourglass","Dream Catcher","Kunai","Omamori","Bronze Scales","Chemical X","Happy Flower"],"acts_visited":["Exordium","TheCity","TheBeyond","TheEnding"],"potions_floor_usage":[7,14,16,21,21,27,33,45,55,55],"damage_taken":[{"damage":14.0,"enemies":"Jaw Worm","floor":1.0,"turns":4.0},{"damage":8.0,"enemies":"2 Louse","floor":2.0,"turns":3.0},{"damage":6.0,"enemies":"Cultist","floor":3.0,"turns":3.0},{"damage":0,"enemies":"Red Slaver","floor":7,"turns":1},{"damage":32,"enemies":"Gremlin Nob","floor":8,"turns":4},{"damage":4,"enemies":"Exordium Wildlife","floor":10,"turns":2},{"damage":5,"enemies":"3 Louse","floor":12,"turns":3},{"damage":5,"enemies":"Lagavulin","floor":14,"turns":7},{"damage":20,"enemies":"The Guardian","floor":16,"turns":14},{"damage":14,"enemies":"2 Thieves","floor":18,"turns":5},{"damage":3,"enemies":"Chosen","floor":19,"turns":5},{"damage":8,"enemies":"3 Cultists","floor":21,"turns":5},{"damage":9,"enemies":"Centurion and Healer","floor":22,"turns":8},{"damage":34,"enemies":"Slavers","floor":23,"turns":5},{"damage":4,"enemies":"Gremlin Leader","floor":27,"turns":4},{"damage":0,"enemies":"Snecko","floor":29,"turns":2},{"damage":10,"enemies":"Slavers","floor":30,"turns":5},{"damage":64,"enemies":"Collector","floor":33,"turns":9},{"damage":6,"enemies":"Orb Walker","floor":35,"turns":2},{"damage":3,"enemies":"3 Shapes","floor":37,"turns":3},{"damage":6,"enemies":"Reptomancer","floor":40,"turns":3},{"damage":3,"enemies":"Giant Head","floor":42,"turns":2},{"damage":6,"enemies":"Nemesis","floor":45,"turns":3},{"damage":6,"enemies":"Jaw Worm Horde","floor":47,"turns":3},{"damage":3,"enemies":"Sphere and 2 Shapes","floor":48,"turns":3},{"damage":3,"enemies":"Awakened One","floor":50,"turns":3},{"damage":3,"enemies":"Shield and Spear","floor":54,"turns":3},{"damage":69,"enemies":"The Heart","floor":55,"turns":6}],"seed_played":"5178311054893055887","potions_obtained":[{"floor":1.0,"key":"FearPotion"},{"floor":2.0,"key":"LiquidBronze"},{"floor":8,"key":"DuplicationPotion"},{"floor":12,"key":"Weak Potion"},{"floor":18,"key":"Weak Potion"},{"floor":23,"key":"Regen Potion"},{"floor":29,"key":"SteroidPotion"},{"floor":30,"key":"CultistPotion"},{"floor":37,"key":"Block Potion"},{"floor":40,"key":"ColorlessPotion"},{"floor":45,"key":"GamblersBrew"},{"floor":47,"key":"BlessingOfTheForge"}],"is_trial":false,"path_per_floor":["M","M","M","?","?","R","M","E","T","M","$","M","T","E","R","B",null,"M","M","$","M","M","E","R","$","T","E","R","M","E","?","R","B",null,"M","?","M","?","T","E","R","E","T","R","E","?","M","M","R","B",null,"R","$","E","B",null],"character_chosen":"IRONCLAD","items_purchased":["Membership Card","Wild Strike","Feel No Pain","Sundial","DistilledChaos","LiquidBronze","Bronze Scales","Chemical X"],"campfire_rested":1,"item_purchase_floors":[11,11,11,20,20,53,53,53],"current_hp_per_floor":[60,58,58,58,47,47,53,27,27,29,29,30,30,31,31,17,55,47,50,50,48,45,17,52,52,52,66,66,68,64,64,64,13,54,58,58,65,65,65,72,72,72,72,72,76,76,80,84,84,88,88,88,88,92,32],"gold":431,"neow_bonus":"REMOVE_CARD","is_daily":false,"chose_seed":false,"campfire_upgraded":7,"win_rate":0.0,"timestamp":1613305222,"path_taken":["M","M","M","?","?","R","M","E","T","M","$","M","?","E","R","BOSS","M","?","$","M","M","E","R","?","T","E","R","M","E","?","R","BOSS","M","?","M","?","?","E","R","E","T","R","E","?","M","M","R","BOSS","R","$","E","BOSS"],"items_purchased_type":["Relic","Card","Card","Relic","Potion","Potion","Relic","Relic"],"build_version":"2020-12-22","purchased_purges":4,"victory":true,"max_hp_per_floor":[75,75,75,68,68,68,68,68,68,68,68,68,68,68,68,68,68,68,68,68,68,68,68,68,68,68,68,68,68,68,68,68,68,68,68,68,72,72,72,72,72,72,72,72,76,76,80,84,84,88,88,88,88,92,92],"relic_stats":{"Regal Pillow":15,"Gremlin Horn":[28,28],"Happy Flower":[2],"counters":[28,120],"Astrolabe":["Cleave","Feed","Sentinel"],"PreservedInsect":471,"Bag of Preparation":[28],"Burning Blood":145,"Mercury Hourglass":[76],"Nunchaku":[34],"Dream Catcher":0,"Mummified Hand":[86],"Sundial":[158],"Bronze Scales":[108],"Kunai":[45],"Chemical X":[1],"obtain_stats":[{"Ice Cream":23,"Regal Pillow":14,"Lantern":27,"Gremlin Horn":5,"Happy Flower":54,"Golden Idol":4,"Astrolabe":34,"Thread and Needle":30,"PreservedInsect":8,"Bag of Preparation":26,"Omamori":45,"Burning Blood":0,"Mercury Hourglass":40,"Nunchaku":9,"Dream Catcher":42,"Mummified Hand":13,"Sundial":20,"Bronze Scales":53,"Membership Card":11,"Kunai":43,"Chemical X":53,"Runic Pyramid":17},{"Ice Cream":14,"Regal Pillow":8,"Lantern":15,"Gremlin Horn":3,"Happy Flower":27,"Golden Idol":3,"Astrolabe":18,"Thread and Needle":17,"PreservedInsect":5,"Bag of Preparation":14,"Omamori":23,"Burning Blood":0,"Mercury Hourglass":21,"Nunchaku":5,"Dream Catcher":22,"Mummified Hand":7,"Sundial":11,"Bronze Scales":26,"Membership Card":6,"Kunai":22,"Chemical X":26,"Runic Pyramid":9},{"Ice Cream":69,"Regal Pillow":27,"Lantern":73,"Gremlin Horn":10,"Happy Flower":114,"Golden Idol":10,"Astrolabe":89,"Thread and Needle":80,"PreservedInsect":15,"Bag of Preparation":69,"Omamori":102,"Burning Blood":0,"Mercury Hourglass":97,"Nunchaku":15,"Dream Catcher":99,"Mummified Hand":20,"Sundial":51,"Bronze Scales":111,"Membership Card":17,"Kunai":99,"Chemical X":111,"Runic Pyramid":41}]},"card_choices":[{"not_picked":["Rupture","Perfected Strike"],"picked":"Headbutt","floor":1.0},{"not_picked":["Feel No Pain","Headbutt"],"picked":"Power Through","floor":2.0},{"not_picked":["Spot Weakness","Metallicize"],"picked":"Infernal Blade","floor":3.0},{"not_picked":["Clothesline","Flex","Perfected Strike"],"picked":"SKIP","floor":7},{"not_picked":["Cleave","Battle Trance"],"picked":"Flame Barrier","floor":8},{"not_picked":["Twin Strike","Reaper"],"picked":"Fire Breathing","floor":10},{"not_picked":["Warcry","Pummel","Flame Barrier"],"picked":"SKIP","floor":12},{"not_picked":["Pommel Strike","Armaments"],"picked":"Shrug It Off","floor":14},{"not_picked":["Exhume","Fiend Fire"],"picked":"Corruption","floor":16},{"not_picked":["Headbutt+1","Entrench"],"picked":"Bloodletting","floor":18},{"not_picked":["Headbutt","Clothesline","Pommel Strike"],"picked":"SKIP","floor":19},{"not_picked":["True Grit","Feel No Pain+1"],"picked":"Pommel Strike","floor":21},{"not_picked":["Headbutt+1","Corruption","Hemokinesis"],"picked":"SKIP","floor":22},{"not_picked":["Entrench","Evolve"],"picked":"Double Tap","floor":23},{"not_picked":["Iron Wave","Anger"],"picked":"Pommel Strike","floor":27},{"not_picked":["Rampage","Flex+1","Feel No Pain"],"picked":"SKIP","floor":29},{"not_picked":["Thunderclap","Uppercut","Clash"],"picked":"SKIP","floor":30},{"not_picked":["Flex+1","Headbutt"],"picked":"True Grit","floor":35},{"not_picked":["Sword Boomerang","Intimidate","Anger+1"],"picked":"SKIP","floor":37},{"not_picked":["Inflame","Rupture","Body Slam"],"picked":"SKIP","floor":40},{"not_picked":["Pummel","Twin Strike","Flex"],"picked":"SKIP","floor":42},{"not_picked":["Clash+1","Flame Barrier","Infernal Blade+1"],"picked":"SKIP","floor":45},{"not_picked":["Brutality","Warcry","Clash"],"picked":"SKIP","floor":47},{"not_picked":["True Grit","Body Slam","Fire Breathing"],"picked":"SKIP","floor":48},{"not_picked":["Flex","Cleave","Pummel+1"],"picked":"SKIP","floor":54}],"player_experience":1203524,"relics_obtained":[{"floor":8,"key":"PreservedInsect"},{"floor":9,"key":"Nunchaku"},{"floor":13,"key":"Mummified Hand"},{"floor":14,"key":"Regal Pillow"},{"floor":23,"key":"Ice Cream"},{"floor":26,"key":"Bag of Preparation"},{"floor":27,"key":"Lantern"},{"floor":30,"key":"Thread and Needle"},{"floor":40,"key":"Mercury Hourglass"},{"floor":42,"key":"Dream Catcher"},{"floor":43,"key":"Kunai"},{"floor":45,"key":"Omamori"},{"floor":54,"key":"Happy Flower"}],"event_choices":[{"damage_healed":0.0,"max_hp_gain":0.0,"max_hp_loss":7.0,"gold_gain":0.0,"event_name":"Golden Idol","player_choice":"Lose Max HP","floor":4.0,"gold_loss":0.0,"damage_taken":0.0,"relics_obtained":["Golden Idol"]},{"damage_healed":0.0,"max_hp_gain":0.0,"max_hp_loss":0.0,"gold_gain":0.0,"event_name":"Scrap Ooze","player_choice":"Success","floor":5.0,"gold_loss":0.0,"damage_taken":11.0,"relics_obtained":["Gremlin Horn"]},{"damage_healed":0,"gold_gain":0,"cards_transformed":["Strike_R","Defend_R"],"player_choice":"Became Test Subject","damage_taken":0,"max_hp_gain":0,"max_hp_loss":0,"event_name":"Drug Dealer","floor":31,"gold_loss":0,"cards_obtained":["Dark Embrace","Reaper"]},{"damage_healed":0,"gold_gain":333,"player_choice":"Gave Idol","damage_taken":0,"max_hp_gain":0,"max_hp_loss":0,"event_name":"The Moai Head","floor":36,"relics_lost":["Golden Idol"],"gold_loss":0},{"damage_healed":0,"gold_gain":0,"player_choice":"Ignored","damage_taken":0,"max_hp_gain":0,"max_hp_loss":0,"event_name":"Tomb of Lord Red Mask","floor":38,"gold_loss":0},{"cards_removed":["Headbutt"],"damage_healed":0,"gold_gain":0,"player_choice":"Removed Attack","damage_taken":0,"max_hp_gain":0,"max_hp_loss":0,"event_name":"Falling","floor":46,"gold_loss":0}],"is_beta":false,"boss_relics":[{"not_picked":["Pandora\u0027s Box","Philosopher\u0027s Stone"],"picked":"Runic Pyramid"},{"not_picked":["Coffee Dripper","Runic Dome"],"picked":"Astrolabe"}],"items_purged_floors":[11,20,25,53],"is_endless":false,"potions_floor_spawned":[1,2,8,10,12,18,23,29,30,37,40,45,47],"ascension_level":15}}