{"host":"8is2j71l4wmybkoi","time":1613294843,"event":{"mods":["AchievementEnabler","BaseMod","Colored Map","DeckTracker","Minty Spire (QoL Compilation)","Rare Cards Sparkle","Relic Stats","StSLib","SuperFastMode"],"gold_per_floor":[214,24,174,174,185,185,214,236,317,317,317,317,317,332,332,406,406,418,451,451,5,16,44,44,76,76,76,87,87,98,48,48,121,121,131,145,145,158,83,83,134,134,134,147,147,174,185,217,217,217,217,217,119,144,144],"floor_reached":56,"language":"KOR","playtime":3039,"items_purged":["All Out Attack","Distraction","Neutralize","Corpse Explosion"],"score":2137,"play_id":"f4b43253-ee56-4b88-b863-3946bc649dce","local_time":"20210214182723","is_ascension_mode":true,"campfire_choices":[{"data":"Blade Dance","floor":6,"key":"SMITH"},{"floor":10,"key":"REST"},{"floor":12,"key":"REST"},{"data":"Well Laid Plans","floor":15,"key":"SMITH"},{"data":"Prepared","floor":24,"key":"SMITH"},{"data":"Concentrate","floor":27,"key":"SMITH"},{"data":"Wraith Form v2","floor":32,"key":"SMITH"},{"data":"Tactician","floor":40,"key":"SMITH"},{"data":"Reflex","floor":42,"key":"SMITH"},{"floor":49,"key":"RECALL"},{"data":"Acrobatics","floor":52,"key":"SMITH"}],"circlet_count":0,"master_deck":["AscendersBane","Survivor","Tactician+1","Blade Dance+1","Grand Finale","Calculated Gamble","Endless Agony","Backflip","Well Laid Plans+1","Adrenaline","Wraith Form v2+1","Finisher","Unload","Quick Slash","Caltrops","Concentrate+1","Prepared+1","Reflex+1","Eviscerate","Adrenaline","Backflip","Adrenaline","Accuracy","Acrobatics+1","Blade Dance"],"relics":["Ring of the Snake","Ancient Tea Set","Odd Mushroom","Pandora\u0027s Box","Red Mask","Kunai","Smiling Mask","Pear","Omamori","Busted Crown","Girya","Centennial Puzzle","Ninja Scroll","The Specimen","Gremlin Horn"],"acts_visited":["Exordium","TheCity","TheBeyond","TheEnding"],"potions_floor_usage":[7,7,7,23,25,28,38,50,55,55],"damage_taken":[{"damage":7,"enemies":"Small Slimes","floor":1,"turns":6},{"damage":0,"enemies":"Jaw Worm","floor":5,"turns":3},{"damage":42,"enemies":"Gremlin Nob","floor":7,"turns":5},{"damage":33,"enemies":"The Mushroom Lair","floor":8,"turns":6},{"damage":0,"enemies":"Cultist","floor":14,"turns":3},{"damage":14,"enemies":"The Guardian","floor":16,"turns":13},{"damage":13,"enemies":"Chosen","floor":18,"turns":5},{"damage":0,"enemies":"Masked Bandits","floor":19,"turns":1},{"damage":2,"enemies":"Spheric Guardian","floor":22,"turns":4},{"damage":0,"enemies":"Slavers","floor":23,"turns":2},{"damage":0,"enemies":"Book of Stabbing","floor":25,"turns":3},{"damage":0,"enemies":"Shelled Parasite and Fungi","floor":28,"turns":1},{"damage":0,"enemies":"3 Cultists","floor":30,"turns":2},{"damage":17,"enemies":"Collector","floor":33,"turns":6},{"damage":0,"enemies":"Orb Walker","floor":35,"turns":1},{"damage":0,"enemies":"3 Shapes","floor":36,"turns":2},{"damage":2,"enemies":"Jaw Worm Horde","floor":38,"turns":2},{"damage":0,"enemies":"2 Orb Walkers","floor":41,"turns":1},{"damage":0,"enemies":"3 Darklings","floor":44,"turns":1},{"damage":0,"enemies":"Nemesis","floor":46,"turns":3},{"damage":0,"enemies":"Spire Growth","floor":47,"turns":1},{"damage":0,"enemies":"Reptomancer","floor":48,"turns":3},{"damage":29,"enemies":"Time Eater","floor":50,"turns":9},{"damage":0,"enemies":"Shield and Spear","floor":54,"turns":2},{"damage":31,"enemies":"The Heart","floor":55,"turns":4}],"seed_played":"-899883873182143007","potions_obtained":[{"floor":7,"key":"FairyPotion"},{"floor":18,"key":"Swift Potion"},{"floor":19,"key":"Fire Potion"},{"floor":23,"key":"LiquidMemories"},{"floor":36,"key":"Poison Potion"},{"floor":41,"key":"FearPotion"},{"floor":47,"key":"Strength Potion"},{"floor":48,"key":"GhostInAJar"}],"is_trial":false,"path_per_floor":["M","$","?","?","M","R","E","?","T","R","?","R","?","M","R","B",null,"M","?","?","$","M","E","R","E","T","R","M","?","M","$","R","B",null,"M","M","?","M","$","R","?","R","T","M","?","E","M","E","R","B",null,"R","$","E","B",null],"character_chosen":"THE_SILENT","items_purchased":["All Out Attack","Blade Dance","EntropicBrew","Kunai","Reflex","Eviscerate","Blade Dance","BlessingOfTheForge"],"campfire_rested":2,"item_purchase_floors":[2,2,2,21,21,21,39,53],"current_hp_per_floor":[52,52,52,52,52,52,10,4,4,23,16,35,35,35,35,21,55,42,42,42,42,40,40,40,50,50,50,50,50,50,50,50,33,65,65,65,65,63,63,63,63,63,63,63,53,53,53,53,53,24,60,60,60,60,29],"gold":144,"neow_bonus":"HUNDRED_GOLD","is_daily":false,"chose_seed":false,"campfire_upgraded":8,"win_rate":0.0,"timestamp":1613294843,"path_taken":["M","$","?","?","?","R","E","?","T","R","?","R","?","M","R","BOSS","M","?","?","?","M","E","R","E","T","R","M","?","M","$","R","BOSS","M","M","?","M","$","R","?","R","T","M","?","E","M","E","R","BOSS","R","$","E","BOSS"],"items_purchased_type":["Card","Card","Potion","Relic","Card","Card","Card","Potion"],"build_version":"2020-12-22","purchased_purges":4,"victory":true,"max_hp_per_floor":[66,66,66,66,66,66,66,66,66,66,66,66,66,66,66,66,66,66,66,66,66,66,66,66,76,76,76,76,76,76,76,76,76,76,76,76,72,72,72,72,72,72,72,72,72,72,72,72,72,72,72,72,72,72,72],"relic_stats":{"Centennial Puzzle":[7],"Busted Crown":24,"Gremlin Horn":[0,0],"counters":[25,89],"Pandora\u0027s Box":["Wraith Form v2","Finisher","Unload","Quick Slash","Caltrops","Distraction","Concentrate","Corpse Explosion"],"Kunai":[91],"Smiling Mask":225,"obtain_stats":[{"Girya":41,"Pear":25,"The Specimen":48,"Gremlin Horn":54,"Omamori":26,"Odd Mushroom":8,"Ancient Tea Set":7,"Smiling Mask":23,"Centennial Puzzle":43,"Busted Crown":34,"Ninja Scroll":46,"Pandora\u0027s Box":17,"Red Mask":19,"Kunai":21,"Ring of the Snake":0},{"Girya":18,"Pear":11,"The Specimen":22,"Gremlin Horn":24,"Omamori":11,"Odd Mushroom":4,"Ancient Tea Set":3,"Smiling Mask":10,"Centennial Puzzle":18,"Busted Crown":14,"Ninja Scroll":20,"Pandora\u0027s Box":6,"Red Mask":8,"Kunai":8,"Ring of the Snake":0},{"Girya":66,"Pear":51,"The Specimen":74,"Gremlin Horn":85,"Omamori":51,"Odd Mushroom":20,"Ancient Tea Set":14,"Smiling Mask":48,"Centennial Puzzle":66,"Busted Crown":60,"Ninja Scroll":70,"Pandora\u0027s Box":36,"Red Mask":42,"Kunai":42,"Ring of the Snake":0}],"Ring of the Snake":[49]},"card_choices":[{"not_picked":["Outmaneuver","Dodge and Roll"],"picked":"Tactician","floor":1},{"not_picked":["Quick Slash","Bane"],"picked":"Calculated Gamble","floor":5},{"not_picked":["Dodge and Roll","Masterful Stab"],"picked":"Endless Agony","floor":7},{"not_picked":["Heel Hook","Sucker Punch"],"picked":"Backflip","floor":8},{"not_picked":["Choke","Flechettes"],"picked":"Well Laid Plans","floor":14},{"not_picked":["Phantasmal Killer","Unload"],"picked":"Adrenaline","floor":16},{"not_picked":["Setup+1","Quick Slash"],"picked":"Prepared","floor":18},{"not_picked":["Deadly Poison","Noxious Fumes","Outmaneuver"],"picked":"SKIP","floor":22},{"not_picked":["Quick Slash","Setup"],"picked":"Adrenaline","floor":23},{"not_picked":["Deflect","PiercingWail"],"picked":"Backflip","floor":25},{"not_picked":["Masterful Stab+1","Riddle With Holes+1","Sucker Punch"],"picked":"SKIP","floor":28},{"not_picked":["Flying Knee","Deflect","Blade Dance"],"picked":"SKIP","floor":30},{"not_picked":["Phantasmal Killer","Bullet Time"],"picked":"Adrenaline","floor":33},{"not_picked":[],"picked":"Accuracy","floor":35},{"not_picked":["Dagger Spray"],"picked":"SKIP","floor":36},{"not_picked":[],"picked":"Acrobatics","floor":38},{"not_picked":["Bane"],"picked":"SKIP","floor":44},{"not_picked":["Underhanded Strike"],"picked":"SKIP","floor":46},{"not_picked":["Poisoned Stab"],"picked":"SKIP","floor":47},{"not_picked":["Cloak And Dagger"],"picked":"SKIP","floor":48},{"not_picked":["Setup+1"],"picked":"SKIP","floor":54}],"player_experience":1193469,"relics_obtained":[{"floor":7,"key":"Ancient Tea Set"},{"floor":8,"key":"Odd Mushroom"},{"floor":19,"key":"Red Mask"},{"floor":23,"key":"Smiling Mask"},{"floor":25,"key":"Pear"},{"floor":26,"key":"Omamori"},{"floor":41,"key":"Girya"},{"floor":43,"key":"Centennial Puzzle"},{"floor":46,"key":"Ninja Scroll"},{"floor":48,"key":"The Specimen"},{"floor":54,"key":"Gremlin Horn"}],"event_choices":[{"damage_healed":0,"gold_gain":150,"player_choice":"AGREE","damage_taken":0,"max_hp_gain":0,"max_hp_loss":0,"event_name":"Liars Game","floor":3,"gold_loss":0,"cards_obtained":["Doubt"]},{"damage_healed":0,"gold_gain":0,"cards_transformed":["Strike_G"],"player_choice":"Transformed","damage_taken":0,"max_hp_gain":0,"max_hp_loss":0,"event_name":"Transmorgrifier","floor":4,"gold_loss":0,"cards_obtained":["Grand Finale"]},{"damage_healed":0,"gold_gain":0,"player_choice":"Fought Mushrooms","damage_taken":0,"max_hp_gain":0,"max_hp_loss":0,"event_name":"Mushrooms","floor":8,"gold_loss":0},{"cards_removed":["Doubt"],"damage_healed":0,"gold_gain":0,"player_choice":"Card Removal","damage_taken":7,"max_hp_gain":0,"max_hp_loss":0,"event_name":"Golden Wing","floor":11,"gold_loss":0},{"cards_removed":["Defend_G"],"damage_healed":0,"gold_gain":0,"player_choice":"Forget","damage_taken":0,"max_hp_gain":0,"max_hp_loss":0,"event_name":"Living Wall","floor":13,"gold_loss":0},{"damage_healed":0,"gold_gain":0,"player_choice":"Fought Bandits","damage_taken":0,"max_hp_gain":0,"max_hp_loss":0,"event_name":"Masked Bandits","floor":19,"gold_loss":0},{"damage_healed":0,"gold_gain":0,"player_choice":"Ignored","damage_taken":0,"max_hp_gain":0,"max_hp_loss":0,"event_name":"Cursed Tome","floor":20,"gold_loss":0},{"damage_healed":0,"gold_gain":0,"player_choice":"Ignored","damage_taken":0,"max_hp_gain":0,"max_hp_loss":0,"event_name":"Vampires","floor":29,"gold_loss":0},{"damage_healed":0,"gold_gain":0,"player_choice":"Max HP","damage_taken":0,"max_hp_gain":0,"max_hp_loss":4,"event_name":"Winding Halls","floor":37,"gold_loss":0},{"damage_healed":0,"gold_gain":0,"player_choice":"Fight","damage_taken":0,"max_hp_gain":0,"max_hp_loss":0,"event_name":"Mysterious Sphere","floor":41,"gold_loss":0},{"damage_healed":0,"gold_gain":0,"player_choice":"Memory 3","damage_taken":10,"max_hp_gain":0,"max_hp_loss":0,"event_name":"SensoryStone","floor":45,"gold_loss":0}],"is_beta":false,"boss_relics":[{"not_picked":["Ectoplasm","Cursed Key"],"picked":"Pandora\u0027s Box"},{"not_picked":["Astrolabe","WristBlade"],"picked":"Busted Crown"}],"items_purged_floors":[21,31,39,53],"is_endless":false,"potions_floor_spawned":[7,18,19,23,36,41,47,48],"ascension_level":15}}