{"host":"f5gffvlv6a66yqkd","time":1613319741,"event":{"mods":["2.2 Compatiblity","BaseMod","Colored Map","Custom Start","DeckTracker","Keyboard Shortcuts","Minty Spire (QoL Compilation)","Permanent Neow","Quick Restart","Relic Stats","StSLib","SuperFastMode"],"gold_per_floor":[117,131,149,149,173,173,186,186,210,210,229,260,260,275,275,396,396,420,441,61,161,180,180,199,199,224,265,300,300,300,321,321,446,446,467,689,704,704,724,724,1057,1057,1083,1083,1083,1083],"floor_reached":45,"language":"KOR","playtime":1068,"items_purged":["Strike_P"],"score":599,"play_id":"34d9522b-be1e-41fb-9301-3fbc84bbd077","local_time":"20210215012221","is_ascension_mode":true,"campfire_choices":[{"data":"SignatureMove","floor":6.0,"key":"SMITH"},{"data":"TalkToTheHand","floor":8.0,"key":"SMITH"},{"floor":13.0,"key":"REST"},{"data":"Adaptation","floor":15.0,"key":"SMITH"},{"data":"EmptyFist","floor":23.0,"key":"SMITH"},{"floor":25.0,"key":"RECALL"},{"floor":29.0,"key":"REST"},{"floor":32.0,"key":"REST"},{"floor":40,"key":"REST"}],"circlet_count":0,"master_deck":["Strike_P","Defend_P","Defend_P","Defend_P","Defend_P","Eruption+1","Vigilance","TalkToTheHand+1","FearNoEvil","SignatureMove+1","Adaptation+1","EmptyFist+1","TalkToTheHand+1","Ragnarok","Conclude","Madness","Madness"],"relics":["HolyWater","Toy Ornithopter","Odd Mushroom","ClockworkSouvenir","Centennial Puzzle","Ancient Tea Set","Red Mask","Lantern","Philosopher\u0027s Stone","PreservedInsect","StrikeDummy"],"acts_visited":["Exordium","TheCity","TheBeyond"],"potions_floor_usage":[],"damage_taken":[{"damage":0.0,"enemies":"Jaw Worm","floor":1.0,"turns":3.0},{"damage":0.0,"enemies":"2 Louse","floor":2.0,"turns":3.0},{"damage":0.0,"enemies":"Cultist","floor":3.0,"turns":2.0},{"damage":4.0,"enemies":"2 Fungi Beasts","floor":5.0,"turns":3.0},{"damage":0.0,"enemies":"Blue Slaver","floor":7.0,"turns":1.0},{"damage":26.0,"enemies":"Gremlin Gang","floor":11.0,"turns":5.0},{"damage":12.0,"enemies":"The Mushroom Lair","floor":12.0,"turns":5.0},{"damage":10.0,"enemies":"2 Fungi Beasts","floor":14.0,"turns":3.0},{"damage":8.0,"enemies":"Hexaghost","floor":16.0,"turns":8.0},{"damage":0.0,"enemies":"Spheric Guardian","floor":18.0,"turns":1.0},{"damage":0.0,"enemies":"3 Byrds","floor":19.0,"turns":5.0},{"damage":11.0,"enemies":"Cultist and Chosen","floor":22.0,"turns":4.0},{"damage":5.0,"enemies":"Snecko","floor":24.0,"turns":3.0},{"damage":17.0,"enemies":"Masked Bandits","floor":27.0,"turns":5.0},{"damage":29.0,"enemies":"Book of Stabbing","floor":28.0,"turns":5.0},{"damage":0.0,"enemies":"Centurion and Healer","floor":31.0,"turns":3.0},{"damage":48.0,"enemies":"Collector","floor":33.0,"turns":8.0},{"damage":15,"enemies":"3 Darklings","floor":35,"turns":5},{"damage":5,"enemies":"Orb Walker","floor":37,"turns":3},{"damage":12,"enemies":"Spire Growth","floor":39,"turns":5},{"damage":28,"enemies":"Transient","floor":45,"turns":4}],"seed_played":"-271465456249216656","potions_obtained":[{"floor":1.0,"key":"Ancient Potion"},{"floor":5.0,"key":"Weak Potion"},{"floor":12.0,"key":"Strength Potion"},{"floor":14.0,"key":"BottledMiracle"},{"floor":16.0,"key":"PowerPotion"},{"floor":18.0,"key":"Block Potion"},{"floor":22.0,"key":"DuplicationPotion"},{"floor":33.0,"key":"BlessingOfTheForge"}],"is_trial":false,"path_per_floor":["M","M","M","?","M","R","M","R","T","?","M","?","R","M","R","B",null,"M","M","$","?","M","R","M","R","T","?","E","R","T","M","R","B",null,"M","?","M","?","M","R","?","?","T","T","M"],"character_chosen":"WATCHER","items_purchased":["ClockworkSouvenir","Centennial Puzzle"],"campfire_rested":4,"item_purchase_floors":[20,20],"current_hp_per_floor":[65,65,65,47,43,43,43,43,43,43,17,5,26,16,16,18,59,59,64,64,64,53,53,48,48,48,31,7,28,28,28,49,1,54,39,39,34,34,22,43,43,34,34,34,6,6],"gold":1083,"neow_bonus":"UPGRADE_CARD","is_daily":false,"chose_seed":false,"campfire_upgraded":4,"win_rate":0.0,"timestamp":1613319741,"path_taken":["M","M","M","?","M","R","M","R","T","?","?","?","R","M","R","BOSS","M","M","$","?","M","R","?","R","T","?","E","R","?","M","R","BOSS","BOSS","M","?","M","?","?","R","?","?","T","?","M"],"items_purchased_type":["Relic","Relic"],"build_version":"2020-12-22","purchased_purges":1,"victory":false,"max_hp_per_floor":[72,72,72,72,72,72,72,72,72,72,72,72,72,72,72,72,72,72,72,72,72,72,72,72,72,72,72,72,72,72,72,72,72,72,72,72,72,72,72,72,72,72,72,72,72,72],"relic_stats":{"Centennial Puzzle":[27],"counters":[21,84],"PreservedInsect":0,"obtain_stats":[{"Lantern":28,"Golden Idol":4,"PreservedInsect":43,"Odd Mushroom":12,"Ancient Tea Set":26,"ClockworkSouvenir":20,"Centennial Puzzle":20,"HolyWater":17,"Philosopher\u0027s Stone":34,"Red Mask":27,"PureWater":0,"StrikeDummy":44,"Toy Ornithopter":9},{"Lantern":15,"Golden Idol":3,"PreservedInsect":20,"Odd Mushroom":7,"Ancient Tea Set":13,"ClockworkSouvenir":11,"Centennial Puzzle":11,"HolyWater":9,"Philosopher\u0027s Stone":17,"Red Mask":14,"PureWater":0,"StrikeDummy":20,"Toy Ornithopter":5},{"Lantern":56,"Golden Idol":8,"PreservedInsect":80,"Odd Mushroom":22,"Ancient Tea Set":46,"ClockworkSouvenir":39,"Centennial Puzzle":39,"HolyWater":33,"Philosopher\u0027s Stone":67,"Red Mask":51,"PureWater":0,"StrikeDummy":80,"Toy Ornithopter":12}],"Toy Ornithopter":20},"card_choices":[{"not_picked":["BattleHymn","ClearTheMind","WindmillStrike"],"picked":"SKIP","floor":1.0},{"not_picked":["ReachHeaven","JustLucky"],"picked":"TalkToTheHand","floor":2.0},{"not_picked":["Vengeance","BowlingBash"],"picked":"FearNoEvil","floor":3.0},{"not_picked":["Fasting2","Halt"],"picked":"SignatureMove","floor":5.0},{"not_picked":["EmptyMind","SpiritShield"],"picked":"Adaptation","floor":7.0},{"not_picked":["Indignation","PathToVictory","Crescendo"],"picked":"SKIP","floor":11.0},{"not_picked":["Meditate","LikeWater"],"picked":"EmptyFist","floor":12.0},{"not_picked":["PathToVictory","SashWhip","SignatureMove"],"picked":"SKIP","floor":14.0},{"not_picked":["EmptyFist+1","Indignation"],"picked":"TalkToTheHand+1","floor":18.0},{"not_picked":["Evaluate","ThirdEye","FollowUp"],"picked":"SKIP","floor":19.0},{"not_picked":["CutThroughFate","Study","FlurryOfBlows"],"picked":"SKIP","floor":22.0},{"not_picked":["JustLucky","ThirdEye","BowlingBash"],"picked":"SKIP","floor":24.0},{"not_picked":["FollowUp","CutThroughFate+1","Indignation"],"picked":"SKIP","floor":28.0},{"not_picked":["MasterReality","ClearTheMind","EmptyBody+1"],"picked":"SKIP","floor":31.0},{"not_picked":["MasterReality","ClearTheMind","EmptyBody+1"],"picked":"SKIP","floor":31.0},{"not_picked":["Brilliance","SpiritShield"],"picked":"Ragnarok","floor":33.0},{"not_picked":["Crescendo","JustLucky","CutThroughFate+1"],"picked":"SKIP","floor":35},{"not_picked":["Nirvana","BowlingBash+1","SashWhip"],"picked":"SKIP","floor":37},{"not_picked":["Swivel","SignatureMove","BowlingBash+1"],"picked":"SKIP","floor":39}],"player_experience":1467099,"relics_obtained":[{"floor":9.0,"key":"Toy Ornithopter"},{"floor":12.0,"key":"Odd Mushroom"},{"floor":26.0,"key":"Ancient Tea Set"},{"floor":27.0,"key":"Red Mask"},{"floor":28.0,"key":"Lantern"},{"floor":43,"key":"PreservedInsect"},{"floor":44,"key":"StrikeDummy"}],"event_choices":[{"damage_healed":0.0,"max_hp_gain":0.0,"max_hp_loss":0.0,"gold_gain":0.0,"event_name":"Golden Idol","player_choice":"Take Damage","floor":4.0,"gold_loss":0.0,"damage_taken":18.0,"relics_obtained":["Golden Idol"]},{"cards_removed":["Strike_P"],"damage_healed":0.0,"max_hp_gain":0.0,"max_hp_loss":0.0,"gold_gain":0.0,"event_name":"Purifier","player_choice":"Purged","floor":10.0,"gold_loss":0.0,"damage_taken":0.0},{"damage_healed":0.0,"max_hp_gain":0.0,"max_hp_loss":0.0,"gold_gain":0.0,"event_name":"Mushrooms","player_choice":"Fought Mushrooms","floor":12.0,"gold_loss":0.0,"damage_taken":0.0},{"damage_healed":0.0,"max_hp_gain":0.0,"max_hp_loss":0.0,"gold_gain":100.0,"event_name":"Golden Shrine","player_choice":"Pray","floor":21.0,"gold_loss":0.0,"damage_taken":0.0},{"damage_healed":0.0,"max_hp_gain":0.0,"max_hp_loss":0.0,"gold_gain":0.0,"event_name":"Masked Bandits","player_choice":"Fought Bandits","floor":27.0,"gold_loss":0.0,"damage_taken":0.0},{"damage_healed":0,"gold_gain":222,"player_choice":"Wore Mask","damage_taken":0,"max_hp_gain":0,"max_hp_loss":0,"event_name":"Tomb of Lord Red Mask","floor":36,"gold_loss":0},{"damage_healed":0,"gold_gain":0,"cards_transformed":["Strike_P"],"player_choice":"Transformed","damage_taken":0,"max_hp_gain":0,"max_hp_loss":0,"event_name":"Transmorgrifier","floor":38,"gold_loss":0,"cards_obtained":["Conclude"]},{"damage_healed":0,"gold_gain":333,"player_choice":"Gave Idol","damage_taken":0,"max_hp_gain":0,"max_hp_loss":0,"event_name":"The Moai Head","floor":41,"relics_lost":["Golden Idol"],"gold_loss":0},{"damage_healed":0,"gold_gain":0,"player_choice":"Embrace Madness","damage_taken":9,"max_hp_gain":0,"max_hp_loss":0,"event_name":"Winding Halls","floor":42,"gold_loss":0,"cards_obtained":["Madness","Madness"]}],"is_beta":false,"boss_relics":[{"not_picked":["Tiny House","SlaversCollar"],"picked":"HolyWater"},{"not_picked":["Coffee Dripper","Fusion Hammer"],"picked":"Philosopher\u0027s Stone"}],"items_purged_floors":[20],"is_endless":false,"potions_floor_spawned":[1,5,12,14,16,18,22,24,33],"killed_by":"Transient","ascension_level":7}}