{"host":"684z1xpuwaoqmmh1","time":1613321682,"event":{"mods":["A Magickal Journey","BaseMod","Downfall","Hermit","Jorbs\u0027s Wanderer Trilogy","Marisa????????","Minty Spire (QoL Compilation)","Robot Space Explorer","Shade Mod","StSLib","The Bug Knight","The Dragon Tamer","The Elementalist","The Hayseed","The Hierophant","The Marked","The Mystic","The Runesmith","The Saiyan","The Senshi","The Spell Scribe","The Vixen","TheBandit","TheFirefly"],"gold_per_floor":[111,124,136,136,136,136,136,136],"floor_reached":7,"language":"ENG","playtime":231,"items_purged":[],"score":80,"play_id":"820bad5b-d3f1-4089-9986-69e78e399b57","local_time":"20210214185442","is_ascension_mode":true,"campfire_choices":[{"data":"theSenshi:KlutzyLuck","floor":6,"key":"SMITH"}],"circlet_count":0,"master_deck":["AscendersBane","theSenshi:SailorKick","theSenshi:SailorKick","theSenshi:SailorKick","theSenshi:SailorBlock","theSenshi:SailorBlock","theSenshi:SailorBlock","theSenshi:SailorBlock","theSenshi:RoseThrow","theSenshi:MoonPrismPowerMakeUp","theSenshi:SailorJupiterAssists","theSenshi:KlutzyLuck+1","theSenshi:SailorStarHealerAssists"],"relics":["theSenshi:TransformationBroochRelic","Golden Idol"],"acts_visited":["Exordium"],"potions_floor_usage":[7],"damage_taken":[{"damage":0,"enemies":"Jaw Worm","floor":1,"turns":4},{"damage":7,"enemies":"2 Louse","floor":2,"turns":3},{"damage":0,"enemies":"Small Slimes","floor":3,"turns":5},{"damage":45,"enemies":"Gremlin Nob","floor":7,"turns":5}],"seed_played":"2795169366422158468","potions_obtained":[{"floor":3,"key":"SneckoOil"}],"is_trial":false,"path_per_floor":["M","M","M","?","?","R","E"],"character_chosen":"THE_SENSHI","items_purchased":[],"campfire_rested":0,"item_purchase_floors":[],"current_hp_per_floor":[68,61,66,40,33,33,0,0],"gold":136,"neow_bonus":"THREE_CARDS","is_daily":false,"chose_seed":false,"campfire_upgraded":1,"win_rate":0.0,"timestamp":1613321682,"path_taken":["M","M","M","?","?","R","E"],"items_purchased_type":[],"build_version":"2020-12-22","purchased_purges":0,"victory":false,"max_hp_per_floor":[75,75,75,75,75,75,75,75],"card_choices":[{"not_picked":["theSenshi:MoonKick","theSenshi:MoonPunch"],"picked":"theSenshi:SailorJupiterAssists","floor":0},{"not_picked":["theSenshi:EncouragingSpeech","theSenshi:MoonPunch"],"picked":"theSenshi:KlutzyLuck","floor":1},{"not_picked":["theSenshi:SailorStarFighterAssists","theSenshi:SupersonicWaves"],"picked":"theSenshi:SailorStarHealerAssists","floor":2},{"not_picked":["theSenshi:MoonsReflection","theSenshi:SupersonicWaves","theSenshi:MoonPower"],"picked":"SKIP","floor":3}],"player_experience":3290206,"relics_obtained":[],"event_choices":[{"damage_healed":0,"gold_gain":0,"player_choice":"Take Damage","damage_taken":26,"relics_obtained":["Golden Idol"],"max_hp_gain":0,"max_hp_loss":0,"event_name":"Golden Idol","floor":4,"gold_loss":0},{"cards_removed":["theSenshi:SailorKick"],"damage_healed":0,"gold_gain":0,"player_choice":"Card Removal","damage_taken":7,"max_hp_gain":0,"max_hp_loss":0,"event_name":"Golden Wing","floor":5,"gold_loss":0}],"is_beta":false,"boss_relics":[],"items_purged_floors":[],"is_endless":false,"potions_floor_spawned":[3],"killed_by":"Gremlin Nob","ascension_level":19}}