{"host":"r0ye8pdzuq6zwfvs","time":1613300394,"event":{"mods":["AchievementEnabler","BaseMod","BetterRewards","CapriCore","Card Forge","Colored Map","Colored Powertips","Custom Start","DeckTracker","Luminous","Minty Spire (QoL Compilation)","Permanent Neow","Prisma Mod","Quick Restart","Relic Stats","Shop Mod","StSLib","SuperFastMode","Swap Starting Deck Mod","The Alterego","The Immortal","Uncapped"],"gold_per_floor":[110,127,143,157,172,205,126,142,142,176,176,188,201,236,236,332,332,343,354,370,114,114,114,114,140,164,164,194,194,214,242,242,341,341,356,356,159,159,177,206,206,226,226,236,248,264,314,339,339,339,339,339,339,369,369],"floor_reached":56,"language":"ENG","playtime":3137,"items_purged":[],"score":1816,"play_id":"550f3237-48c2-42bb-b5d0-8506b4f83c91","local_time":"20210214035954","is_ascension_mode":false,"campfire_choices":[{"data":"MokouMod:ResonanceReactor","floor":15,"key":"SMITH"},{"floor":24,"key":"RECALL"},{"floor":29,"key":"DIG"},{"floor":32,"key":"DIG"},{"floor":49,"key":"DIG"},{"floor":52,"key":"DIG"}],"circlet_count":0,"master_deck":["MokouMod:SearingBlow+75","MokouMod:Geothermal+1","MokouMod:HouraiForge+1","MokouMod:PhoenixForm+1","MokouMod:ResonatingAura+1","MokouMod:Ventilation+1","MokouMod:Firecracker+1","MokouMod:Geothermal+1","MokouMod:HouraiForge+1","MokouMod:ResonanceReactor+1","MokouMod:Geothermal+1","MokouMod:Firecracker+1"],"relics":["MokouMod:PhoenixFeather","Hammer of Thor","Seething Fire","Anvil of the Gods","Membership Card","HornCleat","Matryoshka","Anchor","Bronze Scales","Orrery","Vajra","ClockworkSouvenir","Mango","Meat on the Bone","Whetstone","Blood Vial","Pen Nib","Shuriken","InkBottle","Bag of Preparation","Strawberry","Busted Crown","Kunai","MokouMod:PhoenixFeather","Shovel","Happy Flower","Ornamental Fan","Nunchaku","Dream Catcher","Ice Cream","Juzu Bracelet","Fusion Hammer","Bottled Flame","Orichalcum","Oddly Smooth Stone","Blue Candle","Turnip","Art of War","Eternal Feather","Mummified Hand","Letter Opener"],"acts_visited":["Exordium","TheCity","TheBeyond","TheEnding"],"potions_floor_usage":[],"damage_taken":[{"damage":0,"enemies":"2 Louse","floor":1,"turns":2},{"damage":0,"enemies":"Cultist","floor":2,"turns":2},{"damage":0,"enemies":"Small Slimes","floor":3,"turns":3},{"damage":0,"enemies":"2 Fungi Beasts","floor":4,"turns":3},{"damage":0,"enemies":"Looter","floor":5,"turns":2},{"damage":4,"enemies":"3 Sentries","floor":6,"turns":6},{"damage":0,"enemies":"Exordium Wildlife","floor":8,"turns":3},{"damage":9,"enemies":"Lagavulin","floor":10,"turns":6},{"damage":1,"enemies":"Large Slime","floor":12,"turns":3},{"damage":0,"enemies":"Lots of Slimes","floor":13,"turns":3},{"damage":0,"enemies":"Gremlin Nob","floor":14,"turns":3},{"damage":16,"enemies":"The Guardian","floor":16,"turns":5},{"damage":18,"enemies":"Shell Parasite","floor":18,"turns":4},{"damage":0,"enemies":"3 Byrds","floor":19,"turns":3},{"damage":6,"enemies":"Centurion and Healer","floor":20,"turns":4},{"damage":5,"enemies":"Gremlin Leader","floor":25,"turns":6},{"damage":43,"enemies":"Slavers","floor":28,"turns":6},{"damage":0,"enemies":"Snake Plant","floor":30,"turns":2},{"damage":1,"enemies":"Gremlin Leader","floor":31,"turns":4},{"damage":23,"enemies":"Collector","floor":33,"turns":6},{"damage":0,"enemies":"3 Darklings","floor":35,"turns":1},{"damage":0,"enemies":"Orb Walker","floor":39,"turns":1},{"damage":0,"enemies":"Nemesis","floor":40,"turns":3},{"damage":0,"enemies":"Maw","floor":42,"turns":1},{"damage":0,"enemies":"Writhing Mass","floor":44,"turns":1},{"damage":0,"enemies":"Sphere and 2 Shapes","floor":45,"turns":2},{"damage":0,"enemies":"Transient","floor":46,"turns":2},{"damage":0,"enemies":"Mind Bloom Boss Battle","floor":47,"turns":1},{"damage":0,"enemies":"Reptomancer","floor":48,"turns":2},{"damage":0,"enemies":"Time Eater","floor":50,"turns":1},{"damage":0,"enemies":"Shield and Spear","floor":54,"turns":1},{"damage":0,"enemies":"The Heart","floor":55,"turns":3}],"seed_played":"-1338544511220054186","potions_obtained":[{"floor":2,"key":"SmokeBomb"},{"floor":6,"key":"BlessingOfTheForge"},{"floor":8,"key":"GamblersBrew"},{"floor":12,"key":"LiquidMemories"},{"floor":13,"key":"PowerPotion"},{"floor":20,"key":"BlessingOfTheForge"}],"is_trial":false,"path_per_floor":["M","M","M","M","M","E","$","M","T","E","?","M","M","E","R","B",null,"M","M","M","$","?","?","R","E","T","T","E","R","M","E","R","B",null,"M","?","$","?","M","E","?","M","T","M","M","M","?","E","R","B",null,"R","$","E","B",null],"character_chosen":"MKU","items_purchased":["Membership Card","HornCleat","Matryoshka","Anchor","Bronze Scales","Orrery","MokouMod:SacredFire","Vajra","ClockworkSouvenir","Blood Vial","Apotheosis","Kunai","MokouMod:ResonanceReactor","Bottled Flame","Orichalcum"],"campfire_rested":0,"item_purchase_floors":[0,0,0,0,0,0,0,0,0,7,21,21,21,37,37],"current_hp_per_floor":[89,89,89,89,89,85,85,87,87,80,80,81,83,92,92,78,96,78,80,76,76,76,76,76,73,73,73,44,44,58,59,59,50,96,96,91,91,91,91,91,91,91,91,91,91,91,91,91,91,91,91,91,91,91,91],"gold":369,"neow_bonus":"","is_daily":false,"chose_seed":false,"campfire_upgraded":1,"win_rate":0.0,"timestamp":1613300394,"path_taken":["M","M","M","M","M","E","$","M","T","E","?","M","M","E","R","BOSS","M","M","?","?","?","?","R","E","T","?","E","R","M","E","R","BOSS","M","?","$","?","M","E","?","M","T","M","M","M","?","E","R","BOSS","R","$","E","BOSS"],"items_purchased_type":["Relic","Relic","Relic","Relic","Relic","Relic","Card","Relic","Relic","Relic","Card","Relic","Card","Relic","Relic"],"build_version":"2020-12-22","purchased_purges":0,"victory":true,"max_hp_per_floor":[89,89,89,89,89,89,89,89,89,89,89,89,89,96,96,96,96,96,96,96,96,96,96,96,96,96,96,96,96,96,96,96,96,96,96,91,91,91,91,91,91,91,91,91,91,91,91,91,91,91,91,91,91,91,91],"relic_stats":{"Bag of Preparation":[48],"Juzu Bracelet":1,"Whetstone":["MokouMod:FlickeringFlame","MokouMod:Strike"],"Blood Vial":26,"Nunchaku":[20],"Dream Catcher":2,"Shovel":4,"Mummified Hand":[12],"Kunai":[57],"InkBottle":[36],"Happy Flower":[12],"counters":[67,133],"Blue Candle":[0],"Eternal Feather":0,"Pen Nib":[28],"Letter Opener":[5],"Orichalcum":[6],"Busted Crown":38,"Shuriken":[67],"Ornamental Fan":[224],"Bronze Scales":[229],"Turnip":[2],"Art of War":[0],"obtain_stats":[{"Ice Cream":31,"Gremlin Horn":26,"Vajra":25,"Hammer of Thor":0,"Whetstone":23,"Old Coin":5,"Blood Vial":7,"HornCleat":0,"Strawberry":54,"Fusion Hammer":34,"Kunai":45,"Happy Flower":26,"Blue Candle":43,"Oddly Smooth Stone":40,"Eternal Feather":49,"Pen Nib":9,"Letter Opener":54,"War Paint":28,"Bottled Flame":37,"Anvil of the Gods":0,"Shuriken":9,"Bronze Scales":0,"Black Star":34,"Unceasing Top":11,"Pocketwatch":6,"Meat on the Bone":0,"Lantern":42,"Torii":14,"Mango":1,"StoneCalendar":18,"Incense Burner":13,"Bag of Preparation":11,"Juzu Bracelet":32,"ClockworkSouvenir":0,"Dream Catcher":0,"Nunchaku":54,"Matryoshka":0,"Shovel":25,"Mummified Hand":52,"WingedGreaves":16,"InkBottle":10,"Runic Pyramid":17,"Circlet":20,"Thread and Needle":10,"The Courier":40,"Seething Fire":0,"Orichalcum":37,"CaptainsWheel":19,"Anchor":0,"Busted Crown":17,"Ornamental Fan":27,"MokouMod:PhoenixFeather":0,"Orrery":0,"Turnip":12,"Art of War":48,"Bottled Lightning":10,"Membership Card":0,"Toy Ornithopter":6},{"Ice Cream":54,"Gremlin Horn":16,"Vajra":16,"Hammer of Thor":0,"Whetstone":15,"Old Coin":3,"Blood Vial":41,"HornCleat":35,"Strawberry":34,"Fusion Hammer":55,"Kunai":29,"Happy Flower":51,"Blue Candle":59,"Oddly Smooth Stone":58,"Eternal Feather":64,"Pen Nib":42,"Letter Opener":66,"War Paint":18,"Bottled Flame":56,"Anvil of the Gods":0,"Shuriken":42,"Bronze Scales":35,"Black Star":21,"Unceasing Top":6,"Pocketwatch":4,"Meat on the Bone":35,"Lantern":28,"Torii":9,"Mango":2,"StoneCalendar":11,"Incense Burner":8,"Bag of Preparation":43,"Juzu Bracelet":54,"ClockworkSouvenir":35,"Dream Catcher":0,"Nunchaku":34,"Matryoshka":35,"Shovel":51,"Mummified Hand":65,"WingedGreaves":10,"InkBottle":43,"Runic Pyramid":10,"Circlet":13,"Thread and Needle":5,"The Courier":26,"Seething Fire":0,"Orichalcum":56,"CaptainsWheel":12,"Anchor":35,"Busted Crown":47,"Ornamental Fan":51,"MokouMod:PhoenixFeather":0,"Orrery":35,"Turnip":7,"Art of War":64,"Bottled Lightning":5,"Membership Card":35,"Toy Ornithopter":4},{"Ice Cream":108,"Gremlin Horn":19,"Vajra":19,"Hammer of Thor":0,"Whetstone":18,"Old Coin":6,"Blood Vial":56,"HornCleat":38,"Strawberry":37,"Fusion Hammer":114,"Kunai":32,"Happy Flower":96,"Blue Candle":120,"Oddly Smooth Stone":119,"Eternal Feather":128,"Pen Nib":59,"Letter Opener":130,"War Paint":21,"Bottled Flame":115,"Anvil of the Gods":0,"Shuriken":59,"Bronze Scales":38,"Black Star":24,"Unceasing Top":9,"Pocketwatch":7,"Meat on the Bone":38,"Lantern":31,"Torii":12,"Mango":5,"StoneCalendar":14,"Incense Burner":11,"Bag of Preparation":65,"Juzu Bracelet":108,"ClockworkSouvenir":38,"Dream Catcher":0,"Nunchaku":37,"Matryoshka":38,"Shovel":96,"Mummified Hand":129,"WingedGreaves":13,"InkBottle":65,"Runic Pyramid":13,"Circlet":16,"Thread and Needle":8,"The Courier":29,"Seething Fire":0,"Orichalcum":115,"CaptainsWheel":15,"Anchor":38,"Busted Crown":79,"Ornamental Fan":96,"MokouMod:PhoenixFeather":0,"Orrery":38,"Turnip":10,"Art of War":128,"Bottled Lightning":8,"Membership Card":38,"Toy Ornithopter":7}],"Meat on the Bone":36},"card_choices":[{"not_picked":["MokouMod:UncontrollableSolarReaction","MokouMod:Meltdown"],"picked":"MokouMod:Ember","floor":0},{"not_picked":["MokouMod:SearingShot","MokouMod:Scorch"],"picked":"MokouMod:FlickeringFlame","floor":0},{"not_picked":["MokouMod:FujiyamaVolcano","MokouMod:Sear"],"picked":"MokouMod:FlickeringFlame","floor":0},{"not_picked":["MokouMod:IgnitionBlast","MokouMod:Cataclysm"],"picked":"MokouMod:SearingBlow","floor":1},{"not_picked":["MokouMod:IgnitionBlast","MokouMod:CrimsonFlare"],"picked":"MokouMod:IgnitionBarrier","floor":2},{"not_picked":["MokouMod:BlazingComet","MokouMod:RetainTemperature"],"picked":"MokouMod:IndiscriminateIgnition","floor":3},{"not_picked":["MokouMod:SearingShot","MokouMod:Sear","MokouMod:FusionFlare"],"picked":"SKIP","floor":4},{"not_picked":["MokouMod:EternalBurstReactor","MokouMod:SubterraneanCore"],"picked":"MokouMod:ResonanceReactor","floor":5},{"not_picked":["MokouMod:FujiyamaVolcano","MokouMod:ImperishableFlame"],"picked":"MokouMod:SubterraneanCore","floor":6},{"not_picked":["MokouMod:EternalBurstReactor","MokouMod:FujiyamaVolcano"],"picked":"MokouMod:IndiscriminateIgnition","floor":8},{"not_picked":["MokouMod:BurningHiddenBullet","MokouMod:Ember"],"picked":"MokouMod:HeartofFire","floor":10},{"not_picked":["MokouMod:Trailblazer","MokouMod:IgneousBlow","MokouMod:PhoenixFeathers"],"picked":"SKIP","floor":12},{"not_picked":["MokouMod:SearingShot","MokouMod:ScorchingColumn","MokouMod:IndiscriminateIgnition"],"picked":"SKIP","floor":13},{"not_picked":["MokouMod:ShiftIgnition","MokouMod:IndiscriminateIgnition"],"picked":"MokouMod:HouraiForge","floor":14},{"not_picked":["MokouMod:ProfanedFlare","MokouMod:PhoenixForm"],"picked":"MokouMod:Ventilation","floor":16},{"not_picked":["MokouMod:CrimsonArmoury+1"],"picked":"SKIP","floor":18},{"not_picked":["MokouMod:IndiscriminateIgnition"],"picked":"SKIP","floor":19},{"not_picked":[],"picked":"MokouMod:FlickeringFlame","floor":20},{"not_picked":["MokouMod:SubterraneanCore"],"picked":"SKIP","floor":25},{"not_picked":["MokouMod:IgnitionBlast"],"picked":"SKIP","floor":28},{"not_picked":["MokouMod:ResoluteFlare"],"picked":"SKIP","floor":30},{"not_picked":["MokouMod:PhoenixFeathers"],"picked":"SKIP","floor":31},{"not_picked":[],"picked":"MokouMod:PhoenixFeathers","floor":31},{"not_picked":[],"picked":"MokouMod:EnchantingBambooForest","floor":33},{"not_picked":["MokouMod:Stoke+1"],"picked":"SKIP","floor":35},{"not_picked":["MokouMod:SearingShot"],"picked":"SKIP","floor":39},{"not_picked":["MokouMod:Stoke"],"picked":"SKIP","floor":40},{"not_picked":["MokouMod:UncontrollableSolarReaction+1"],"picked":"SKIP","floor":42},{"not_picked":["MokouMod:IndiscriminateIgnition+1"],"picked":"SKIP","floor":44},{"not_picked":["MokouMod:UncontrollableSolarReaction+1"],"picked":"SKIP","floor":45},{"not_picked":["MokouMod:InfernalWave"],"picked":"SKIP","floor":46},{"not_picked":["MokouMod:InfernalWave"],"picked":"SKIP","floor":48},{"not_picked":["MokouMod:Combust+1"],"picked":"SKIP","floor":54}],"player_experience":224928,"relics_obtained":[{"floor":6,"key":"Whetstone"},{"floor":9,"key":"Pen Nib"},{"floor":9,"key":"Shuriken"},{"floor":10,"key":"InkBottle"},{"floor":14,"key":"Strawberry"},{"floor":25,"key":"Shovel"},{"floor":26,"key":"Happy Flower"},{"floor":27,"key":"Ornamental Fan"},{"floor":28,"key":"Nunchaku"},{"floor":29,"key":"Dream Catcher"},{"floor":31,"key":"Ice Cream"},{"floor":32,"key":"Juzu Bracelet"},{"floor":40,"key":"Oddly Smooth Stone"},{"floor":43,"key":"Blue Candle"},{"floor":47,"key":"Turnip"},{"floor":48,"key":"Art of War"},{"floor":49,"key":"Eternal Feather"},{"floor":52,"key":"Mummified Hand"},{"floor":54,"key":"Letter Opener"}],"event_choices":[{"damage_healed":0,"gold_gain":0,"player_choice":"Gave Potion","damage_taken":0,"relics_obtained":["Bag of Preparation"],"max_hp_gain":0,"max_hp_loss":0,"event_name":"WeMeetAgain","floor":11,"gold_loss":0},{"damage_healed":0,"gold_gain":0,"player_choice":"Ignored","damage_taken":0,"max_hp_gain":0,"max_hp_loss":0,"event_name":"Ghosts","floor":22,"gold_loss":0},{"damage_healed":0,"gold_gain":0,"player_choice":"Max HP","damage_taken":0,"max_hp_gain":0,"max_hp_loss":5,"event_name":"Winding Halls","floor":36,"gold_loss":0},{"damage_healed":0,"gold_gain":0,"player_choice":"Memory 1","damage_taken":0,"max_hp_gain":0,"max_hp_loss":0,"event_name":"SensoryStone","floor":38,"gold_loss":0},{"damage_healed":0,"gold_gain":0,"player_choice":"Ignored","damage_taken":0,"max_hp_gain":0,"max_hp_loss":0,"event_name":"Purifier","floor":41,"gold_loss":0},{"damage_healed":0,"gold_gain":0,"player_choice":"Fight","damage_taken":0,"max_hp_gain":0,"max_hp_loss":0,"event_name":"MindBloom","floor":47,"gold_loss":0}],"is_beta":false,"boss_relics":[{"not_picked":["Calling Bell","Pandora\u0027s Box"],"picked":"Busted Crown"},{"not_picked":["SacredBark","Cursed Key"],"picked":"Fusion Hammer"}],"items_purged_floors":[],"is_endless":false,"potions_floor_spawned":[2,6,8,12,13,16,19,20,25,28,44,45,46,48],"ascension_level":0}}