{"host":"onfdonezo2qmaex3","time":1613298539,"event":{"mods":["2.2 Compatiblity","AchievementEnabler","Act Like it!","Aspiration","BaseMod","Colored Powertips","Downfall","Friendly Minions","Gensokyo","Hallownest","Hermit","Highlight Path","Jorbs\u0027s Wanderer Trilogy","Marisa????????","Marked Mod","Minty Spire (QoL Compilation)","Quick Restart","Reliquary","Shop Mod","StSLib","The Disciple","The Hayseed","The Hierophant","The Marked","The Runesmith"],"gold_per_floor":[112,112,37,37,52,52,66,66,66],"floor_reached":8,"language":"ENG","playtime":180,"items_purged":["Defend_G"],"score":53,"play_id":"99313be4-82a6-4e14-b34c-e52f78ff7892","local_time":"20210214112859","is_ascension_mode":true,"campfire_choices":[{"data":"Adrenaline","floor":6,"key":"SMITH"}],"circlet_count":0,"master_deck":["Strike_G","Strike_G","Strike_G","Strike_G","Strike_G","Defend_G","Defend_G","Defend_G","Defend_G","Survivor","Neutralize","Backflip","Backflip","Adrenaline+1"],"relics":["Ring of the Snake","NeowsBlessing","Gensokyo:OccultBall"],"acts_visited":["Gensokyo:Gensokyo"],"potions_floor_usage":[],"damage_taken":[{"damage":0,"enemies":"Gensokyo:Python","floor":1,"turns":1},{"damage":0,"enemies":"Gensokyo:2_Kodama","floor":5,"turns":2},{"damage":0,"enemies":"Gensokyo:Gryphon","floor":7,"turns":1},{"damage":0,"enemies":"Gensokyo:Mamizou","floor":8,"turns":1}],"seed_played":"-3278027419959777138","potions_obtained":[{"floor":1,"key":"hexamod:SoulburnPotion"}],"is_trial":false,"path_per_floor":["M","?","$","?","M","R","M","E"],"character_chosen":"THE_SILENT","items_purchased":[],"campfire_rested":0,"item_purchase_floors":[],"current_hp_per_floor":[70,70,70,70,70,70,70,70,70],"gold":66,"neow_bonus":"THREE_ENEMY_KILL","is_daily":false,"chose_seed":false,"campfire_upgraded":1,"win_rate":0.0,"timestamp":1613298539,"path_taken":["M","?","?","?","?","R","M","E"],"items_purchased_type":[],"build_version":"2020-12-22","purchased_purges":1,"victory":false,"max_hp_per_floor":[70,70,70,70,70,70,70,70,70],"card_choices":[{"not_picked":["Choke","Crippling Poison"],"picked":"Backflip","floor":1},{"not_picked":["Prepared","Acrobatics"],"picked":"Accuracy","floor":2},{"not_picked":["Endless Agony","Acrobatics"],"picked":"Backflip","floor":2},{"not_picked":["Acrobatics","Dagger Spray"],"picked":"Adrenaline","floor":5},{"not_picked":["Escape Plan","Caltrops","Deflect"],"picked":"SKIP","floor":7}],"player_experience":187098,"relics_obtained":[],"event_choices":[],"is_beta":false,"boss_relics":[],"items_purged_floors":[3],"is_endless":false,"potions_floor_spawned":[1],"killed_by":"Gensokyo:Mamizou","ascension_level":3}}