{"host":"wp105hvsojjeutt1","time":1613346435,"event":{"mods":["2.2 Compatiblity","AchievementEnabler","Act Like it!","Aspiration","BaseMod","Best Route Mod","Better Match","Better Note","Better Sensory Stone","Block Reminder","Colored Map","Colored Powertips","Conjunction","Conspire","Custom Start","Energized Spire","GifTheSpireLib","Gold Saver","Gremlin Skip","Halation","Highlight Path","Hubris","Infinite Spire","Minty Spire (QoL Compilation)","Pale of the Ancients","Quick Restart","Replay The Spire","Reworked Bosses","ShortenTheSpire","Spire Exporter","StSLib","Stuff the Spire","Wandering Minibosses"],"gold_per_floor":[505,520,520,153,166,191,191,211,211,6,25,42,77,91,91,192,192,208,208,208,223,242,275,275,316,316,358,358,358,558,588,588,734,734,770,828,828,884,915,915,986,986,986,1029,1085,685,728,728,728,742],"floor_reached":51,"language":"ENG","playtime":1160,"items_purged":["Defend_R","Defend_R","Strike_R"],"score":843,"play_id":"35b9c079-0910-4b58-8eac-137f96c29643","local_time":"20210215014715","is_ascension_mode":false,"campfire_choices":[{"data":"Bash","floor":7.0,"key":"SMITH"},{"data":"Demon Form","floor":15.0,"key":"SMITH"},{"data":"Demon Form","floor":24,"key":"SMITH"},{"data":"Heavy Blade","floor":29,"key":"SMITH"},{"data":"infinitespire:Gouge","floor":32,"key":"SMITH"},{"data":"Demon Form","floor":40,"key":"SMITH"},{"data":"Limit Break","floor":49,"key":"SMITH"}],"circlet_count":0,"master_deck":["Strike_R","Strike_R","Strike_R","Strike_R","Defend_R","Defend_R","Bash+1","Heavy Blade+1","Flex+1","Demon Form+1","Twin Strike","Perfected Strike","Cleave","infinitespire:Gouge+1","Sword Boomerang+1","Demon Form+1","Clash+1","Cleave","Cleave","Twin Strike+1","Demon Form+1","Flex+1","Clothesline+1","Limit Break+1","Thunderclap","Sword Boomerang+1"],"relics":["Burning Blood","Vajra","Replay:Ringing Soul","StuffTheSpire:MayFlowers","Centennial Puzzle","Gremlin Horn","Philosopher\u0027s Stone","aspiration:PoetsPen_weak","aspiration:Nostalgia","Sizzling Blood","Replay:Bandana","Question Card","StuffTheSpire:Tea","hubris:Backtick","Lantern","StuffTheSpire:OldFever","infinitespire:EmpoweringShard","Toxic Egg 2","Ancient Tea Set","Oddly Smooth Stone","ClockworkSouvenir"],"acts_visited":["Exordium","TheCity","TheBeyond"],"potions_floor_usage":[16,18,27,31,50,50],"damage_taken":[{"damage":3.0,"enemies":"Small Slimes","floor":1.0,"turns":3.0},{"damage":0.0,"enemies":"Cultist","floor":2.0,"turns":2.0},{"damage":6.0,"enemies":"Jaw Worm","floor":5.0,"turns":2.0},{"damage":30.0,"enemies":"3 Sentries","floor":6.0,"turns":8.0},{"damage":9.0,"enemies":"2 Fungi Beasts","floor":8.0,"turns":3.0},{"damage":1.0,"enemies":"Exordium Wildlife","floor":11.0,"turns":4.0},{"damage":7.0,"enemies":"3 Louse","floor":12.0,"turns":3.0},{"damage":26.0,"enemies":"Lagavulin","floor":13.0,"turns":5.0},{"damage":2.0,"enemies":"Blue Slaver","floor":14.0,"turns":2.0},{"damage":29,"enemies":"The Guardian","floor":16,"turns":10},{"damage":7,"enemies":"Chosen","floor":18,"turns":3},{"damage":14,"enemies":"Shell Parasite","floor":21,"turns":2},{"damage":12,"enemies":"Centurion and Healer","floor":22,"turns":2},{"damage":21,"enemies":"Nightmare","floor":23,"turns":5},{"damage":3,"enemies":"Chosen and Byrds","floor":25,"turns":3},{"damage":0,"enemies":"Snecko","floor":27,"turns":3},{"damage":0,"enemies":"Snake Plant","floor":31,"turns":1},{"damage":17,"enemies":"bossMod:newCollector","floor":33,"turns":3},{"damage":6,"enemies":"3 Shapes","floor":35,"turns":1},{"damage":0,"enemies":"3 Darklings","floor":36,"turns":2},{"damage":26,"enemies":"Maw","floor":38,"turns":3},{"damage":0,"enemies":"4 Shapes","floor":39,"turns":1},{"damage":10,"enemies":"Giant Head","floor":41,"turns":3},{"damage":0,"enemies":"Transient","floor":44,"turns":5},{"damage":23,"enemies":"Reptomancer","floor":45,"turns":3},{"damage":31,"enemies":"Sphere and 2 Shapes","floor":47,"turns":2},{"damage":36,"enemies":"Time Eater","floor":50,"turns":4}],"seed_played":"8842341985287451820","potions_obtained":[{"floor":1.0,"key":"Milkshake"},{"floor":6.0,"key":"SteroidPotion"},{"floor":8.0,"key":"Milkshake"},{"floor":14.0,"key":"Swift Potion"},{"floor":16,"key":"Strength Potion"},{"floor":25,"key":"Conjunction:LightningMarble"},{"floor":27,"key":"DistilledChaos"},{"floor":39,"key":"BloodPotion"},{"floor":45,"key":"Weak Potion"}],"is_trial":false,"path_per_floor":["M","M","?","$","M","E","R","M","T","$","M","M","E","M","R","B",null,"M","AVR","?","M","M","NM","R","M","T","M","T","R","?","M","R","B",null,"M","M","?","M","M","R","E","AVR","T","M","E","$","M","?","R","B",null],"character_chosen":"IRONCLAD","items_purchased":["Replay:Ringing Soul","Flex+1","Demon Form","Twin Strike","Oddly Smooth Stone","ClockworkSouvenir"],"campfire_rested":0,"item_purchase_floors":[4,4,10,10,46,46],"current_hp_per_floor":[80,80,80,83,83,59,59,56,56,59,64,63,46,50,50,33,89,91,98,98,97,98,90,90,100,100,113,113,113,113,117,117,113,120,120,123,123,110,120,120,123,123,123,132,119,119,101,101,101,102],"gold":742,"neow_bonus":"RANDOM_COMMON_RELIC","is_daily":false,"chose_seed":false,"campfire_upgraded":7,"win_rate":0.0,"timestamp":1613346435,"path_taken":["M","M","?","$","M","E","R","M","T","$","?","M","E","M","R","BOSS","M","AVR","?","M","M","NM","R","M","T","M","?","R","?","M","R","BOSS","M","M","?","M","M","R","E","AVR","T","M","E","$","M","?","R","BOSS"],"items_purchased_type":["Relic","Card","Card","Card","Relic","Relic"],"build_version":"2020-12-22","purchased_purges":3,"victory":true,"max_hp_per_floor":[80,80,80,83,83,83,83,83,83,86,86,86,89,89,89,89,89,92,99,99,102,105,108,108,111,111,114,114,114,114,117,117,120,120,120,123,123,126,126,126,129,129,129,132,132,132,135,135,135,135],"card_choices":[{"not_picked":["Replay:Undeath\u0027s Touch","hubris:SharpeningStone"],"picked":"Heavy Blade","floor":1.0},{"not_picked":["Sword Boomerang","Massacre"],"picked":"Run Through","floor":2.0},{"not_picked":["Replay:Undeath\u0027s Touch","Run Through","Intimidate"],"picked":"SKIP","floor":5.0},{"not_picked":["Dark Embrace","conspire:Charge","Iron Wave"],"picked":"SKIP","floor":6.0},{"not_picked":["Iron Wave","conspire:ExplosiveBarrier","Carnage"],"picked":"SKIP","floor":8.0},{"not_picked":["True Grit","Run Through","Whirlwind"],"picked":"SKIP","floor":11.0},{"not_picked":["Juggernaut","ReplayTheSpireMod:Strike From Hell","Body Slam"],"picked":"SKIP","floor":12.0},{"not_picked":["hubris:ReadiedAction","Replay:Undeath\u0027s Touch"],"picked":"Perfected Strike","floor":13.0},{"not_picked":["Battle Trance","Burning Pact","StuffTheSpire:RockThrow"],"picked":"SKIP","floor":14.0},{"not_picked":["Battle Trance","True Grit"],"picked":"Cleave","floor":18},{"not_picked":["Feel No Pain+1","Run Through"],"picked":"Sword Boomerang+1","floor":21},{"not_picked":["True Grit","Warcry+1"],"picked":"Demon Form","floor":22},{"not_picked":["Bloodletting","Run Through"],"picked":"Clash+1","floor":23},{"not_picked":["Whirlwind+1","Hemokinesis"],"picked":"Cleave","floor":25},{"not_picked":["hubris:ReadiedAction","Whirlwind+1","Warcry+1"],"picked":"Cleave","floor":27},{"not_picked":["ReplayTheSpireMod:Strike From Hell+1","Battle Trance","Anger"],"picked":"Twin Strike+1","floor":31},{"not_picked":["Reaper","Barricade","Impervious"],"picked":"Demon Form","floor":33},{"not_picked":["Heavy Blade","ReplayReversal","StuffTheSpire:Resist+1","Armaments"],"picked":"SKIP","floor":35},{"not_picked":["Body Slam+1","infinitespire:OneForAll","True Grit"],"picked":"Flex+1","floor":36},{"not_picked":["Second Wind","Power Through+1","Pommel Strike"],"picked":"Clothesline+1","floor":38},{"not_picked":["StuffTheSpire:Incineration+1","Flex","Fire Breathing","ReplayTheSpireMod:Stacked"],"picked":"SKIP","floor":39},{"not_picked":["Spot Weakness","StuffTheSpire:Resist+1","ReplayTheSpireMod:Limb From Limb+1"],"picked":"Limit Break","floor":41},{"not_picked":["Hemokinesis+1","hubris:ReadiedAction+1","StuffTheSpire:RagingBull+1"],"picked":"Thunderclap","floor":44},{"not_picked":["Run Through","Body Slam","hubris:ReadiedAction+1","Reaper"],"picked":"SKIP","floor":45},{"not_picked":["ReplayTheSpireMod:Muscle Training+1","Clothesline","Second Wind+1"],"picked":"Sword Boomerang+1","floor":47}],"player_experience":1349,"relics_obtained":[{"floor":6.0,"key":"StuffTheSpire:MayFlowers"},{"floor":9.0,"key":"Centennial Puzzle"},{"floor":13.0,"key":"Gremlin Horn"},{"floor":23,"key":"Replay:Bandana"},{"floor":26,"key":"Question Card"},{"floor":28,"key":"StuffTheSpire:Tea"},{"floor":41,"key":"StuffTheSpire:OldFever"},{"floor":43,"key":"Toxic Egg 2"},{"floor":45,"key":"Ancient Tea Set"}],"event_choices":[{"cards_removed":["Run Through"],"damage_healed":5.0,"max_hp_gain":0.0,"max_hp_loss":0.0,"gold_gain":0.0,"event_name":"Bonfire Elementals","player_choice":"Offered Common","floor":3.0,"gold_loss":0.0,"damage_taken":0.0},{"cards_removed":["Run Through"],"damage_healed":5.0,"max_hp_gain":0.0,"max_hp_loss":0.0,"gold_gain":0.0,"event_name":"Bonfire Elementals","player_choice":"Offered Special","floor":3.0,"gold_loss":0.0,"damage_taken":0.0},{"damage_healed":0,"gold_gain":0,"player_choice":"Leave","damage_taken":0,"max_hp_gain":0,"max_hp_loss":0,"event_name":"FaceTrader","floor":20,"gold_loss":0},{"damage_healed":0,"gold_gain":250,"player_choice":"Bet on Owner","damage_taken":0,"max_hp_gain":0,"max_hp_loss":0,"event_name":"The Joust","floor":30,"gold_loss":50}],"is_beta":false,"boss_relics":[{"not_picked":["halation:Risk","Snecko Eye"],"picked":"Philosopher\u0027s Stone"},{"not_picked":["aspiration:FutureDiary","Busted Crown"],"picked":"hubris:Backtick"}],"items_purged_floors":[4,19,46],"is_endless":false,"potions_floor_spawned":[1,6,8,14,16,25,27,39,45,47],"ascension_level":0}}