{"host":"ymn6un3ro3vi042j","time":1613272380,"event":{"mods":["AchievementEnabler","Act Like it!","Aspiration","BaseMod","Bestiary","Better Altar","Better Match","Better Note","Better Sensory Stone","Better Skull","Better Third Choice","BetterRewards","Block Reminder","Colored Map","Colored Powertips","Conspire","Curses Come First","Dark Map","DeckTracker","Downfall","Energized Spire","Fox Events","Friendly Minions","GifTheSpireLib","Googly Eyes","Highlight Path","Mimic Mod","Minty Spire (QoL Compilation)","Poor People Problems","Quick Restart","Rare Cards Sparkle","Relic Stats","Shop Mod","Spicy Shops","StSLib","SuperFastMode","Synergy Search","The IronCluck","Waifu the Spire","Wandering Minibosses","everything is the same but u backflip on backflip","slay the spire mod where everything is the same but ironclad has a cowboy hat"],"gold_per_floor":[113,413,213,9,78,166,166,166,166,205,205,226,3,16,16,172,172,211,261,261,261,275,275,313,328,352,380,380,405,417,106,106,270,270,288,298,298,77,299,333,39,56,111,178,200,234,234,234],"floor_reached":47,"language":"ENG","playtime":17227,"items_purged":["Regret","Pride","Clumsy","Clumsy"],"score":652,"play_id":"6e360452-a550-43b8-9609-b936cc254bae","local_time":"20210213191300","is_ascension_mode":false,"campfire_choices":[{"floor":7.0,"key":"REST"},{"floor":15.0,"key":"REST"},{"floor":23,"key":"REST"},{"floor":32,"key":"REST"}],"circlet_count":0,"master_deck":["Defend_G","Defend_G","Defend_G","Defend_G","Defend_G","Survivor","Neutralize","Quick Slash","conspire:SpireCoStock","conspire:SpireCoStock","conspire:SpireCoStock","conspire:SpireCoStock","Caltrops","Good Instincts","Acrobatics","aspiration:Lunge","Backstab","Sadistic Nature","Caltrops","Deadly Poison","Mind Blast","Endless Agony","Venomology","Underhanded Strike+1","Slice","Defend_G","Defend_G","Defend_G","Defend_G","Defend_G","Survivor","Neutralize","Quick Slash","conspire:SpireCoStock","conspire:SpireCoStock","conspire:SpireCoStock","conspire:SpireCoStock","Caltrops","Good Instincts","Acrobatics","aspiration:Lunge","Backstab","Sadistic Nature","Caltrops","Deadly Poison","Mind Blast","Endless Agony","Venomology","Underhanded Strike+1","Slice","Endless Agony","Concentrate+1","All Out Attack+1","Bite","Bite","Bite","Bite","Bite","Underhanded Strike+1","Blur+1","Grand Finale","Quick Slash+1","Acrobatics+1","Dagger Spray","Deadly Poison","Blade Dance+1","Pride","Accuracy+1","Sucker Punch+1","Deflect+1","Heel Hook","Slice","Forethought","PiercingWail+1","Bouncing Flask+1","Finisher+1","Crippling Poison","conspire:DoublingDagger"],"relics":["Fusion Hammer","Old Coin","Toy Ornithopter","Darkstone Periapt","Busted Crown","Bronze Scales","Orichalcum","Red Mask","aspiration:Lifesprig","Strange Spoon","aspiration:RunicSpoon","aspiration:HiddenCompartment","Orrery","Girya","Bag of Preparation"],"acts_visited":["Exordium","TheCity","TheBeyond"],"potions_floor_usage":[33,33,33,33,33,33,33,43,44,44,44,44],"damage_taken":[{"damage":0.0,"enemies":"Jaw Worm","floor":1.0,"turns":5.0},{"damage":0.0,"enemies":"2 Louse","floor":5.0,"turns":4.0},{"damage":34.0,"enemies":"3 Sentries","floor":6.0,"turns":12.0},{"damage":25.0,"enemies":"Cultist","floor":10.0,"turns":8.0},{"damage":2.0,"enemies":"Blue Slaver","floor":12.0,"turns":3.0},{"damage":5.0,"enemies":"3 Louse","floor":14.0,"turns":2.0},{"damage":78.0,"enemies":"Slime Boss","floor":16.0,"turns":15.0},{"damage":18,"enemies":"Chosen","floor":18,"turns":5},{"damage":9,"enemies":"3 Byrds","floor":19,"turns":4},{"damage":0,"enemies":"Snake Plant","floor":22,"turns":1},{"damage":0,"enemies":"Shelled Parasite and Fungi","floor":24,"turns":2},{"damage":0,"enemies":"Centurion and Healer","floor":25,"turns":1},{"damage":7,"enemies":"Book of Stabbing","floor":27,"turns":2},{"damage":0,"enemies":"Masked Bandits","floor":29,"turns":1},{"damage":0,"enemies":"Snecko","floor":30,"turns":1},{"damage":79,"enemies":"Collector","floor":33,"turns":8},{"damage":6,"enemies":"3 Shapes","floor":35,"turns":1},{"damage":2,"enemies":"3 Darklings","floor":36,"turns":4},{"damage":6,"enemies":"Nemesis","floor":40,"turns":3},{"damage":0,"enemies":"Spire Growth","floor":42,"turns":2},{"damage":44,"enemies":"Maw","floor":43,"turns":9},{"damage":47,"enemies":"Maw","floor":44,"turns":7},{"damage":23,"enemies":"Sphere and 2 Shapes","floor":45,"turns":3},{"damage":0,"enemies":"conspire:MimicChest","floor":46,"turns":1},{"damage":10,"enemies":"4 Shapes","floor":47,"turns":2}],"seed_played":"6286819392229752223","potions_obtained":[{"floor":5.0,"key":"Dexterity Potion"},{"floor":6.0,"key":"FairyPotion"},{"floor":12.0,"key":"GamblersBrew"},{"floor":14.0,"key":"DistilledChaos"},{"floor":35,"key":"SteroidPotion"},{"floor":36,"key":"conspire:TimeTravelPotion"},{"floor":40,"key":"Block Potion"},{"floor":45,"key":"Fire Potion"}],"is_trial":false,"path_per_floor":["M","?","?","$","M","E","R","?","T","M","?","M","$","M","R","B",null,"M","M","?","?","M","R","M","M","T","E","?","?","M","$","R","B",null,"M","M","?","$","?","E","$","M","MIM","M","M","?","M"],"character_chosen":"THE_SILENT","items_purchased":["Caltrops","Good Instincts","Deadly Poison","Mind Blast","EntropicBrew","aspiration:Lifesprig","Strange Spoon","Dagger Spray","Deadly Poison","Orrery","Forethought"],"campfire_rested":4,"item_purchase_floors":[4,4,13,13,13,31,31,38,38,41,41],"current_hp_per_floor":[70,70,70,70,70,36,57,64,64,39,39,37,37,32,55,12,77,59,50,56,56,56,80,80,80,80,73,58,58,58,64,64,10,64,58,58,64,64,64,62,68,68,33,29,6,6,0,0],"gold":234,"neow_bonus":"BOSS_RELIC","is_daily":false,"chose_seed":false,"campfire_upgraded":0,"win_rate":0.0,"timestamp":1613272380,"path_taken":["M","?","?","$","M","E","R","?","T","M","?","M","?","?","R","BOSS","M","M","?","?","M","R","M","?","T","E","?","?","M","$","R","BOSS","M","M","?","$","?","E","?","?","MIM","M","M","?","M"],"items_purchased_type":["Card","Card","Card","Card","Potion","Relic","Relic","Card","Card","Relic","Card"],"build_version":"2020-12-22","purchased_purges":4,"victory":false,"max_hp_per_floor":[70,70,70,70,70,70,70,77,77,77,77,77,77,77,77,77,77,77,77,83,83,83,83,83,83,83,83,58,58,58,64,64,64,64,64,64,64,64,64,64,70,70,70,70,70,70,70,70],"relic_stats":{"Darkstone Periapt":18,"Strange Spoon":[37],"Busted Crown":44,"counters":[25,106],"Bronze Scales":[82],"aspiration:RunicSpoon":[49],"Bag of Preparation":[2],"Orichalcum":[126],"obtain_stats":[{"Darkstone Periapt":9,"Girya":43,"aspiration:Lifesprig":31,"aspiration:RunicSpoon":34,"Bag of Preparation":46,"Orichalcum":27,"aspiration:HiddenCompartment":40,"Old Coin":2,"Strange Spoon":31,"Busted Crown":17,"Bronze Scales":26,"Orrery":41,"Fusion Hammer":0,"Red Mask":29,"Toy Ornithopter":6,"Ring of the Snake":0},{"Darkstone Periapt":3,"Girya":21,"aspiration:Lifesprig":15,"aspiration:RunicSpoon":16,"Bag of Preparation":24,"Orichalcum":13,"aspiration:HiddenCompartment":19,"Old Coin":1,"Strange Spoon":15,"Busted Crown":7,"Bronze Scales":12,"Orrery":19,"Fusion Hammer":0,"Red Mask":14,"Toy Ornithopter":3,"Ring of the Snake":0},{"Darkstone Periapt":21,"Girya":93,"aspiration:Lifesprig":66,"aspiration:RunicSpoon":74,"Bag of Preparation":104,"Orichalcum":64,"aspiration:HiddenCompartment":82,"Old Coin":5,"Strange Spoon":66,"Busted Crown":49,"Bronze Scales":62,"Orrery":82,"Fusion Hammer":0,"Red Mask":65,"Toy Ornithopter":21,"Ring of the Snake":0}],"Toy Ornithopter":43},"card_choices":[{"not_picked":["Outmaneuver","Deflect"],"picked":"Quick Slash","floor":1.0},{"not_picked":["Cloak And Dagger","Riddle With Holes"],"picked":"Acrobatics","floor":5.0},{"not_picked":["Slice","Deadly Poison"],"picked":"aspiration:Lunge","floor":6.0},{"not_picked":["Escape Plan","Blade Dance"],"picked":"Backstab","floor":10.0},{"not_picked":["Blind","Mind Blast"],"picked":"Sadistic Nature","floor":11.0},{"not_picked":["Distraction","Escape Plan"],"picked":"Caltrops","floor":12.0},{"not_picked":["Backflip","Flying Knee"],"picked":"Endless Agony","floor":14.0},{"not_picked":["Adrenaline","Tools of the Trade"],"picked":"Venomology","floor":16.0},{"not_picked":[],"picked":"Underhanded Strike+1","floor":18},{"not_picked":[],"picked":"Slice","floor":19},{"not_picked":[],"picked":"Endless Agony","floor":22},{"not_picked":[],"picked":"Concentrate+1","floor":24},{"not_picked":["Cloak And Dagger+1"],"picked":"SKIP","floor":25},{"not_picked":[],"picked":"All Out Attack+1","floor":27},{"not_picked":[],"picked":"Underhanded Strike+1","floor":29},{"not_picked":[],"picked":"Blur+1","floor":30},{"not_picked":[],"picked":"Grand Finale","floor":33},{"not_picked":[],"picked":"Quick Slash+1","floor":35},{"not_picked":[],"picked":"Acrobatics+1","floor":36},{"not_picked":[],"picked":"Blade Dance+1","floor":40},{"not_picked":[],"picked":"Accuracy+1","floor":41},{"not_picked":[],"picked":"Sucker Punch+1","floor":41},{"not_picked":[],"picked":"Deflect+1","floor":41},{"not_picked":[],"picked":"Heel Hook","floor":41},{"not_picked":[],"picked":"Slice","floor":41},{"not_picked":[],"picked":"PiercingWail+1","floor":42},{"not_picked":[],"picked":"Bouncing Flask+1","floor":43},{"not_picked":[],"picked":"Finisher+1","floor":44},{"not_picked":[],"picked":"Crippling Poison","floor":45},{"not_picked":[],"picked":"conspire:DoublingDagger","floor":46}],"player_experience":60685,"relics_obtained":[{"floor":6.0,"key":"Toy Ornithopter"},{"floor":9.0,"key":"Darkstone Periapt"},{"floor":26,"key":"Bronze Scales"},{"floor":27,"key":"Orichalcum"},{"floor":29,"key":"Red Mask"},{"floor":40,"key":"aspiration:HiddenCompartment"},{"floor":43,"key":"Girya"},{"floor":46,"key":"Bag of Preparation"}],"event_choices":[{"damage_healed":0.0,"max_hp_gain":0.0,"max_hp_loss":0.0,"gold_gain":0.0,"event_name":"Big Fish","player_choice":"Box","floor":2.0,"gold_loss":0.0,"damage_taken":0.0,"relics_obtained":["Old Coin"],"cards_obtained":["Regret"]},{"damage_healed":0.0,"max_hp_gain":0.0,"max_hp_loss":0.0,"gold_gain":0.0,"event_name":"conspire:Investor","player_choice":"Invest 4","floor":3.0,"gold_loss":0.0,"damage_taken":0.0},{"damage_healed":0.0,"max_hp_gain":0.0,"max_hp_loss":0.0,"gold_gain":1.0,"event_name":"betterStone:BetterStone","player_choice":"1","floor":11.0,"gold_loss":0.0,"damage_taken":0.0},{"damage_healed":0,"gold_gain":0,"player_choice":"Ignored","damage_taken":0,"max_hp_gain":0,"max_hp_loss":0,"event_name":"betterNote:BetterNote","floor":21,"gold_loss":0,"cards_obtained":["Injury"]},{"damage_healed":0,"gold_gain":0,"player_choice":"Became a vampire","damage_taken":0,"max_hp_gain":0,"max_hp_loss":25,"event_name":"Vampires","floor":28,"gold_loss":0,"cards_obtained":["Bite","Bite","Bite","Bite","Bite"]},{"damage_healed":0,"gold_gain":0,"player_choice":"Fought Bandits","damage_taken":0,"max_hp_gain":0,"max_hp_loss":0,"event_name":"Masked Bandits","floor":29,"gold_loss":0},{"damage_healed":0,"gold_gain":222,"player_choice":"Wore Mask","damage_taken":0,"max_hp_gain":0,"max_hp_loss":0,"event_name":"Tomb of Lord Red Mask","floor":39,"gold_loss":0}],"is_beta":false,"boss_relics":[{"not_picked":["Snecko Eye","aspiration:WatcherSkillbook"],"picked":"Busted Crown"},{"not_picked":["energizedSpire:StickyHand","energizedSpire:OgreHead"],"picked":"aspiration:RunicSpoon"}],"items_purged_floors":[4,31,38,41],"is_endless":false,"potions_floor_spawned":[5,6,12,14,19,22,24,27,35,36,40,42,45],"killed_by":"4 Shapes","ascension_level":0}}