{"host":"vxxgntm1odai56nh","time":1613333575,"event":{"mods":["AchievementEnabler","BaseMod","Colored Map","Colored Powertips","Highlight Path","Minty Spire (QoL Compilation)","Permanent Neow","Rare Cards Sparkle","Relic Stats","StSLib"],"gold_per_floor":[118,135,135,150,150,150,167,167,222,252,252,30,30,63,63,165,165,183,183,183,83,93,93,131,158,185,228,228,251,269,269,269,380,380,396,421,430,485,212,246,246,286,286,316,316,336,355,385,385,385],"floor_reached":51,"language":"ENG","playtime":2119,"items_purged":["Strike_G","Underhanded Strike","Strike_G"],"score":1288,"play_id":"f666ed2c-7248-4f64-9a86-f5f1d0239653","local_time":"20210214151255","is_ascension_mode":true,"campfire_choices":[{"data":"Blade Dance","floor":6,"key":"SMITH"},{"data":"Dash","floor":8,"key":"SMITH"},{"data":"Footwork","floor":11,"key":"SMITH"},{"data":"Accuracy","floor":13,"key":"SMITH"},{"data":"Backflip","floor":15,"key":"SMITH"},{"data":"After Image","floor":23,"key":"SMITH"},{"floor":28,"key":"REST"},{"data":"Blade Dance","floor":32,"key":"SMITH"},{"data":"Cloak And Dagger","floor":41,"key":"SMITH"},{"data":"Blade Dance","floor":45,"key":"SMITH"},{"data":"Footwork","floor":49,"key":"SMITH"}],"circlet_count":0,"master_deck":["Strike_G+1","Strike_G+1","Defend_G+1","Defend_G+1","Defend_G","Defend_G+1","Defend_G+1","Survivor","Neutralize+1","Blade Dance+1","Dash+1","Footwork+1","Accuracy+1","Blade Dance+1","Backflip+1","Blade Dance+1","After Image+1","Setup+1","Ghostly","Ghostly","Ghostly","Ghostly","Ghostly","Heel Hook","PiercingWail+1","Accuracy+1","Phantasmal Killer","Terror+1","Tools of the Trade","Footwork+1","Jack Of All Trades","Cloak And Dagger+1","Finisher+1"],"relics":["Ring of the Serpent","Happy Flower","Lantern","StrikeDummy","Enchiridion","CeramicFish","Bronze Scales","Ancient Tea Set","Black Star","Torii","Bag of Marbles","Omamori","StoneCalendar","Molten Egg 2","PreservedInsect","Ninja Scroll","War Paint","Potion Belt","Whetstone","Akabeko"],"acts_visited":["Exordium","TheCity","TheBeyond"],"potions_floor_usage":[10,10,40,46,46,50,50],"damage_taken":[{"damage":0,"enemies":"2 Louse","floor":1,"turns":4},{"damage":0,"enemies":"Small Slimes","floor":2,"turns":2},{"damage":0,"enemies":"Cultist","floor":4,"turns":3},{"damage":0,"enemies":"Looter","floor":7,"turns":4},{"damage":12,"enemies":"Gremlin Nob","floor":10,"turns":4},{"damage":0,"enemies":"Lagavulin","floor":14,"turns":4},{"damage":1,"enemies":"Hexaghost","floor":16,"turns":6},{"damage":0,"enemies":"Chosen","floor":18,"turns":5},{"damage":0,"enemies":"Spheric Guardian","floor":22,"turns":5},{"damage":16,"enemies":"Gremlin Leader","floor":24,"turns":8},{"damage":0,"enemies":"Snake Plant","floor":25,"turns":3},{"damage":0,"enemies":"Slavers","floor":27,"turns":5},{"damage":0,"enemies":"Centurion and Healer","floor":29,"turns":4},{"damage":0,"enemies":"Shelled Parasite and Fungi","floor":30,"turns":6},{"damage":0,"enemies":"Collector","floor":33,"turns":6},{"damage":0,"enemies":"3 Darklings","floor":35,"turns":6},{"damage":0,"enemies":"Orb Walker","floor":36,"turns":4},{"damage":0,"enemies":"2 Orb Walkers","floor":38,"turns":5},{"damage":0,"enemies":"Reptomancer","floor":40,"turns":6},{"damage":0,"enemies":"Giant Head","floor":42,"turns":6},{"damage":0,"enemies":"Reptomancer","floor":44,"turns":1},{"damage":0,"enemies":"Jaw Worm Horde","floor":46,"turns":5},{"damage":0,"enemies":"Sphere and 2 Shapes","floor":47,"turns":5},{"damage":0,"enemies":"Giant Head","floor":48,"turns":6},{"damage":0,"enemies":"Donu and Deca","floor":50,"turns":6}],"seed_played":"-2131692471911730736","potions_obtained":[{"floor":2,"key":"BlessingOfTheForge"},{"floor":7,"key":"SteroidPotion"},{"floor":24,"key":"LiquidMemories"},{"floor":25,"key":"Explosive Potion"},{"floor":27,"key":"Strength Potion"},{"floor":30,"key":"Ancient Potion"},{"floor":38,"key":"PowerPotion"},{"floor":42,"key":"CunningPotion"},{"floor":44,"key":"AttackPotion"}],"is_trial":false,"path_per_floor":["M","M","?","M","?","R","M","R","T","E","R","$","R","E","R","B",null,"M","?","?","$","M","R","E","M","T","E","R","M","M","?","R","B",null,"M","M","?","?","$","E","R","E","T","E","R","M","M","E","R","B",null],"character_chosen":"THE_SILENT","items_purchased":["Accuracy","Blade Dance","Backflip","Bag of Marbles"],"campfire_rested":1,"item_purchase_floors":[12,12,12,39],"current_hp_per_floor":[70,70,56,56,56,56,56,56,56,44,44,44,44,44,44,43,70,70,54,35,35,35,35,19,19,19,19,29,29,29,25,25,25,40,40,40,40,40,40,40,40,40,40,40,40,40,40,40,40,40],"gold":385,"neow_bonus":"UPGRADE_CARD","is_daily":false,"chose_seed":false,"campfire_upgraded":10,"win_rate":0.0,"timestamp":1613333575,"path_taken":["M","M","?","M","?","R","?","R","T","E","R","$","R","E","R","BOSS","M","?","?","$","M","R","E","M","T","E","R","M","M","?","R","BOSS","M","M","?","?","?","E","R","E","T","E","R","M","M","E","R","BOSS"],"items_purchased_type":["Card","Card","Card","Relic"],"build_version":"2020-12-22","purchased_purges":3,"victory":true,"max_hp_per_floor":[70,70,70,70,70,70,70,70,70,70,70,70,70,70,70,70,70,70,70,35,35,35,35,35,35,35,35,35,35,35,40,40,40,40,40,40,40,40,40,40,40,40,40,40,40,40,40,40,40,40],"relic_stats":{"Happy Flower":[35],"Torii":0,"counters":[25,119],"CeramicFish":81,"Bronze Scales":[241],"StoneCalendar":[0],"PreservedInsect":185,"Black Star":4,"Whetstone":["Strike_G","Strike_G"],"War Paint":["Defend_G","Defend_G"],"obtain_stats":[{"Potion Belt":44,"Lantern":10,"Happy Flower":9,"Torii":38,"CeramicFish":24,"Enchiridion":19,"StoneCalendar":40,"PreservedInsect":42,"Omamori":40,"Whetstone":48,"War Paint":44,"Ancient Tea Set":27,"Akabeko":48,"Ninja Scroll":43,"Bronze Scales":26,"Molten Egg 2":42,"Black Star":34,"Bag of Marbles":39,"StrikeDummy":14,"Ring of the Serpent":17,"Ring of the Snake":0},{"Potion Belt":21,"Lantern":5,"Happy Flower":4,"Torii":18,"CeramicFish":10,"Enchiridion":8,"StoneCalendar":19,"PreservedInsect":20,"Omamori":19,"Whetstone":24,"War Paint":21,"Ancient Tea Set":12,"Akabeko":24,"Ninja Scroll":20,"Bronze Scales":11,"Molten Egg 2":20,"Black Star":15,"Bag of Marbles":18,"StrikeDummy":6,"Ring of the Serpent":7,"Ring of the Snake":0},{"Potion Belt":97,"Lantern":17,"Happy Flower":13,"Torii":84,"CeramicFish":45,"Enchiridion":32,"StoneCalendar":90,"PreservedInsect":96,"Omamori":90,"Whetstone":113,"War Paint":97,"Ancient Tea Set":53,"Akabeko":113,"Ninja Scroll":96,"Bronze Scales":48,"Molten Egg 2":96,"Black Star":69,"Bag of Marbles":84,"StrikeDummy":21,"Ring of the Serpent":27,"Ring of the Snake":0}]},"card_choices":[{"not_picked":["Prepared","Flying Knee"],"picked":"Blade Dance","floor":1},{"not_picked":["Poisoned Stab","Quick Slash","Riddle With Holes"],"picked":"SKIP","floor":2},{"not_picked":["Endless Agony","Bane"],"picked":"Underhanded Strike","floor":4},{"not_picked":["Terror","Reflex"],"picked":"Dash","floor":7},{"not_picked":["Caltrops","Escape Plan"],"picked":"Footwork","floor":10},{"not_picked":["Heel Hook","Flying Knee"],"picked":"Blade Dance","floor":14},{"not_picked":["Venomology","Wraith Form v2"],"picked":"After Image","floor":16},{"not_picked":["Outmaneuver","Bane"],"picked":"Setup+1","floor":18},{"not_picked":["Outmaneuver+1","Deadly Poison"],"picked":"Heel Hook","floor":22},{"not_picked":["Slice","Bane"],"picked":"PiercingWail+1","floor":24},{"not_picked":["Well Laid Plans","Flying Knee+1"],"picked":"Accuracy+1","floor":25},{"not_picked":["PiercingWail","Riddle With Holes+1"],"picked":"Phantasmal Killer","floor":27},{"not_picked":["Flying Knee","Backflip"],"picked":"Terror+1","floor":29},{"not_picked":["Sucker Punch","Quick Slash","Backflip"],"picked":"SKIP","floor":30},{"not_picked":["Doppelganger","Night Terror"],"picked":"Tools of the Trade","floor":33},{"not_picked":["Outmaneuver","Deflect+1","Dash"],"picked":"SKIP","floor":35},{"not_picked":["Flying Knee+1","Cloak And Dagger"],"picked":"Footwork","floor":36},{"not_picked":["Swift Strike","Forethought"],"picked":"Jack Of All Trades","floor":37},{"not_picked":["Outmaneuver","Bouncing Flask"],"picked":"Cloak And Dagger","floor":38},{"not_picked":["Glass Knife","Sucker Punch+1","Flying Knee"],"picked":"SKIP","floor":40},{"not_picked":["Catalyst","Quick Slash+1"],"picked":"Finisher+1","floor":42},{"not_picked":["Dagger Throw+1","Underhanded Strike+1","Quick Slash+1"],"picked":"SKIP","floor":44},{"not_picked":["Deadly Poison","Concentrate","Flying Knee+1"],"picked":"SKIP","floor":46},{"not_picked":["Backflip","Quick Slash+1","Blade Dance+1"],"picked":"SKIP","floor":47},{"not_picked":["Endless Agony+1","Backflip+1","Prepared+1"],"picked":"SKIP","floor":48}],"player_experience":148093,"relics_obtained":[{"floor":9,"key":"Happy Flower"},{"floor":10,"key":"Lantern"},{"floor":14,"key":"StrikeDummy"},{"floor":19,"key":"Enchiridion"},{"floor":24,"key":"CeramicFish"},{"floor":26,"key":"Bronze Scales"},{"floor":27,"key":"Ancient Tea Set"},{"floor":38,"key":"Torii"},{"floor":40,"key":"Omamori"},{"floor":40,"key":"StoneCalendar"},{"floor":42,"key":"Molten Egg 2"},{"floor":42,"key":"PreservedInsect"},{"floor":43,"key":"Ninja Scroll"},{"floor":44,"key":"War Paint"},{"floor":44,"key":"Potion Belt"},{"floor":48,"key":"Whetstone"},{"floor":48,"key":"Akabeko"}],"event_choices":[{"damage_healed":0,"gold_gain":0,"player_choice":"Entered Light","damage_taken":14,"max_hp_gain":0,"max_hp_loss":0,"event_name":"Shining Light","floor":3,"gold_loss":0,"cards_upgraded":["Defend_G","Defend_G"]},{"cards_removed":["Strike_G"],"damage_healed":0,"gold_gain":0,"player_choice":"Purged","damage_taken":0,"max_hp_gain":0,"max_hp_loss":0,"event_name":"Purifier","floor":5,"gold_loss":0},{"damage_healed":0,"gold_gain":0,"player_choice":"Obtained Book","damage_taken":16,"max_hp_gain":0,"max_hp_loss":0,"event_name":"Cursed Tome","floor":19,"gold_loss":0},{"damage_healed":0,"gold_gain":0,"player_choice":"Became a Ghost","damage_taken":0,"max_hp_gain":0,"max_hp_loss":35,"event_name":"Ghosts","floor":20,"gold_loss":0,"cards_obtained":["Ghostly","Ghostly","Ghostly","Ghostly","Ghostly"]},{"damage_healed":0,"gold_gain":0,"player_choice":"Shed Blood","damage_taken":9,"max_hp_gain":5,"max_hp_loss":0,"event_name":"Forgotten Altar","floor":31,"gold_loss":0},{"damage_healed":0,"gold_gain":0,"player_choice":"Memory 1","damage_taken":0,"max_hp_gain":0,"max_hp_loss":0,"event_name":"SensoryStone","floor":37,"gold_loss":0},{"damage_healed":0,"gold_gain":0,"player_choice":"Fight","damage_taken":0,"max_hp_gain":0,"max_hp_loss":0,"event_name":"Mysterious Sphere","floor":38,"gold_loss":0}],"is_beta":false,"boss_relics":[{"not_picked":["Runic Dome","Velvet Choker"],"picked":"Ring of the Serpent"},{"not_picked":["SacredBark","Snecko Eye"],"picked":"Black Star"}],"items_purged_floors":[12,21,39],"is_endless":false,"potions_floor_spawned":[2,7,24,25,27,30,38,42,44],"ascension_level":4}}