{"host":"erh089znuovh6twj","time":1613260818,"event":{"mods":["AchievementEnabler","Act Like it!","Aspiration","BaseMod","Better Note","Better Skull","Better Third Choice","BetterRewards","Defuse TimeMaze Blight","Energized Spire","Hermit","Highlight Path","Hubris","Infinite Spire","Minty Spire (QoL Compilation)","Permanent Neow","Quick Restart","Replay The Spire","StSLib","The Jungle","everything is the same but u backflip on backflip"],"gold_per_floor":[111,111,111,111,124,124,143,158,158,158,158,158,158,23,62,83,83,83,83],"floor_reached":18,"language":"ENG","playtime":499,"items_purged":[],"score":168,"play_id":"33142634-d07b-4318-8b9b-843d15478089","local_time":"20210213190018","is_ascension_mode":true,"campfire_choices":[{"data":"Dramatic Entrance","floor":6,"key":"SMITH"},{"floor":13,"key":"REST"},{"floor":17,"key":"REST"}],"circlet_count":0,"master_deck":["Strike_P","Strike_P","Strike_P","Strike_P","Defend_P","Defend_P","Defend_P","Defend_P","Eruption","Vigilance","Dramatic Entrance+1","Pray","Worship","FlurryOfBlows","DevaForm","ThirdEye","Replay:LoomingThreat","SandsOfTime","Worship"],"relics":["PureWater","infinitespire:ShieldingShard","Mango","Golden Idol","Tiny Chest","hubris:MobiusCoin","Mercury Hourglass","Pet Ghost"],"acts_visited":["Exordium"],"potions_floor_usage":[18,18],"damage_taken":[{"damage":0,"enemies":"Small Slimes","floor":1,"turns":2},{"damage":0,"enemies":"Jaw Worm","floor":5,"turns":3},{"damage":31,"enemies":"infinitespire:Voidling","floor":7,"turns":3},{"damage":6,"enemies":"Blue Slaver","floor":8,"turns":3},{"damage":28,"enemies":"Gremlin Nob","floor":15,"turns":5},{"damage":6,"enemies":"Exordium Thugs","floor":16,"turns":5},{"damage":30,"enemies":"Hexaghost","floor":18,"turns":6}],"seed_played":"4681637286663204332","potions_obtained":[{"floor":8,"key":"Ancient Potion"},{"floor":15,"key":"FearPotion"}],"is_trial":false,"path_per_floor":["M","?","?","?","M","R","M","M","T","?","PTL","PTL","R","$","E","M","R","B"],"character_chosen":"WATCHER","items_purchased":["infinitespire:ShieldingShard","Dramatic Entrance","Replay:LoomingThreat"],"campfire_rested":2,"item_purchase_floors":[0,0,14],"current_hp_per_floor":[59,59,59,59,59,59,28,22,22,15,15,15,39,39,11,5,29,0,0],"gold":83,"neow_bonus":"","is_daily":false,"chose_seed":false,"campfire_upgraded":1,"win_rate":0.0,"timestamp":1613260818,"path_taken":["M","?","?","?","?","R","M","M","T","?","PTL","PTL","R","?","E","M","R","BOSS"],"items_purchased_type":["Relic","Card","Card"],"build_version":"2020-12-22","purchased_purges":0,"victory":false,"max_hp_per_floor":[86,80,80,80,80,80,80,80,80,80,80,80,80,80,80,80,80,80,80],"card_choices":[{"not_picked":["Crescendo","EmptyBody"],"picked":"Worship","floor":1},{"not_picked":["Indignation","Meditate"],"picked":"FlurryOfBlows","floor":5},{"not_picked":["EmptyFist","FearNoEvil"],"picked":"DevaForm","floor":7},{"not_picked":["BattleHymn","Replay:ManipulateFuture"],"picked":"ThirdEye","floor":8},{"not_picked":["FlurryOfBlows","Omniscience"],"picked":"SandsOfTime","floor":15},{"not_picked":["SashWhip","Replay:AtTheReady"],"picked":"Worship","floor":16}],"player_experience":343326,"relics_obtained":[{"floor":9,"key":"hubris:MobiusCoin"},{"floor":15,"key":"Pet Ghost"}],"event_choices":[{"damage_healed":0,"gold_gain":0,"player_choice":"Lose Max HP","damage_taken":0,"relics_obtained":["Golden Idol"],"max_hp_gain":0,"max_hp_loss":6,"event_name":"Golden Idol","floor":2,"gold_loss":0},{"damage_healed":59,"gold_gain":0,"player_choice":"Embrace Burn","damage_taken":0,"max_hp_gain":0,"max_hp_loss":80,"event_name":"betterThird:BetterShining","floor":3,"gold_loss":0},{"cards_removed":["Burn"],"damage_healed":0,"gold_gain":0,"player_choice":"Gave Card","damage_taken":0,"relics_obtained":["Tiny Chest"],"max_hp_gain":0,"max_hp_loss":0,"event_name":"WeMeetAgain","floor":4,"gold_loss":0},{"damage_healed":0,"gold_gain":0,"player_choice":"Relic ","damage_taken":7,"max_hp_gain":0,"max_hp_loss":0,"event_name":"betterThird:BetterScrap","floor":10,"gold_loss":0,"cards_obtained":["Storm"]}],"is_beta":false,"boss_relics":[],"items_purged_floors":[],"is_endless":false,"potions_floor_spawned":[8,15],"killed_by":"Hexaghost","ascension_level":1}}