{"host":"awrw1gk2acwismlg","time":1613261460,"event":{"mods":["ATMod(阿瑾Mod)","Aspiration","BaseMod","Bestiary","Bossed Relics","Challenge The Spire","Conspire","Downfall","Energized Spire","Hermit","Hubris","Jedi Mod","Lobotomy","Marked Mod","Minty Spire (QoL Compilation)","Morshu Shopkeeper","Morshu Shopkeeper - ENHANCED","Quarter Circle Forward PUNCH!","Reliquary","Remilia_Scarlet Moed（蕾米莉亚・斯卡雷特）3.3.5","Replay The Spire","SIMod","Shop Mod","Small Relic Pack","StSLib","The Bug Knight","The Cursed","Warlord Emblem","Wide Potions","Yakumo Yukari mod","【遗物卡牌】REMEMod","篝火指南"],"gold_per_floor":[124,141,160,197,237,287,319,349,349,382,431,431,23,52,52,66,66],"floor_reached":16,"language":"ZHS","playtime":1297,"items_purged":["AT_RealFormLess"],"score":124,"play_id":"30661dd9-f43f-4cea-8b9f-a558e21a9d2c","local_time":"20210214081100","is_ascension_mode":true,"campfire_choices":[{"floor":15,"key":"REST"}],"circlet_count":0,"master_deck":["Strike_P","Strike_P","Strike_P","Strike_P","Defend_P","Defend_P","Defend_P","Defend_P","Eruption","Vigilance","Consecrate","Strike_P","FlyingSleeves","Replay:BluntJabs","ConjureBlade","Crescendo","EmptyFist","AT_EmpoweredMortalDraw","AT_IrregularMenstruation"],"relics":["PureWater","REME_ComplimentaryCards","AT_ATBox","Replay:Bandana","Gremlin Horn","Orichalcum","jedi:heavyjacket","hubris:EmptyBottle"],"acts_visited":["Exordium"],"potions_floor_usage":[6,11],"damage_taken":[{"damage":1,"enemies":"Jaw Worm","floor":1,"turns":3},{"damage":0,"enemies":"conspire:RoseBush","floor":2,"turns":7},{"damage":2,"enemies":"2 Louse","floor":3,"turns":2},{"damage":12,"enemies":"Lots of Slimes","floor":4,"turns":3},{"damage":0,"enemies":"Large Slime","floor":5,"turns":4},{"damage":10,"enemies":"3 Sentries","floor":6,"turns":4},{"damage":11,"enemies":"Blue Slaver","floor":7,"turns":3},{"damage":0,"enemies":"Gremlin Gang","floor":8,"turns":3},{"damage":4,"enemies":"Looter","floor":10,"turns":3},{"damage":10,"enemies":"Gremlin Nob","floor":11,"turns":3},{"damage":5,"enemies":"conspire:2 RoseBushes","floor":14,"turns":2},{"damage":38,"enemies":"Hexaghost","floor":16,"turns":9}],"seed_played":"2452182069048515509","potions_obtained":[{"floor":2,"key":"Adrenaline Potion"},{"floor":3,"key":"StancePotion"},{"floor":5,"key":"Milkshake"}],"is_trial":false,"path_per_floor":["M","M","M","M","M","E","M","M","T","M","E","?","R","M","R","B"],"character_chosen":"WATCHER","items_purchased":["AT_EmpoweredMortalDraw","hubris:EmptyBottle"],"campfire_rested":1,"item_purchase_floors":[13,13],"current_hp_per_floor":[71,71,69,57,57,47,36,36,36,32,22,22,22,17,38,0,0],"gold":66,"neow_bonus":"RANDOM_COMMON_RELIC","is_daily":false,"chose_seed":false,"campfire_upgraded":0,"win_rate":0.0,"timestamp":1613261460,"path_taken":["M","M","M","M","M","E","M","M","T","M","E","?","R","M","R","BOSS"],"items_purchased_type":["Card","Relic"],"build_version":"2020-12-22","purchased_purges":1,"victory":false,"max_hp_per_floor":[72,72,72,72,72,72,72,72,72,72,72,72,72,72,72,72,72],"card_choices":[{"not_picked":["BowlingBash","ThirdEye"],"picked":"Consecrate","floor":1},{"not_picked":["Replay:BluntJabs","Study"],"picked":"FlyingSleeves","floor":2},{"not_picked":["Fasting2","ReachHeaven"],"picked":"Replay:BluntJabs","floor":3},{"not_picked":["Halt","MentalFortress","Sanctity"],"picked":"SKIP","floor":4},{"not_picked":["AT_OneInchPunch","JustLucky","FollowUp"],"picked":"SKIP","floor":5},{"not_picked":["BowlingBash","ClearTheMind"],"picked":"ConjureBlade","floor":6},{"not_picked":["ClearTheMind","Prostrate"],"picked":"Crescendo","floor":7},{"not_picked":["ClearTheMind","SashWhip","MarkedMod:FirstStrike"],"picked":"SKIP","floor":8},{"not_picked":["Fasting2","Replay:BluntJabs","WreathOfFlame"],"picked":"SKIP","floor":10},{"not_picked":["MarkedMod:GentlePulse","AT_SoftenMuscles"],"picked":"EmptyFist","floor":11},{"not_picked":["SashWhip","InnerPeace"],"picked":"AT_IrregularMenstruation","floor":14}],"player_experience":125034,"relics_obtained":[{"floor":6,"key":"Gremlin Horn"},{"floor":9,"key":"Orichalcum"},{"floor":11,"key":"jedi:heavyjacket"}],"event_choices":[],"is_beta":false,"boss_relics":[],"items_purged_floors":[13],"is_endless":false,"potions_floor_spawned":[2,3,5],"killed_by":"Hexaghost","ascension_level":1}}