{"host":"kp5m5tbwfn2imaek","time":1613314474,"event":{"mods":["AchievementEnabler","BaseMod","Bestiary","Minty Spire (QoL Compilation)","Relic Stats"],"gold_per_floor":[115,129,139,153,153,153,188,263,263,290,17,32,111,137,137,242,242,254,274,199,215,215,248,163,193,193,193,224,234,268,22,22,120,120,134,145,193,208,258,258,258,274,274,274,301,271,306,325,325,325,325,325,10,35,35,35],"floor_reached":55,"language":"ENG","playtime":3476,"items_purged":[],"score":1302,"play_id":"07a1dc50-5150-4186-a87c-0ddbe899b779","local_time":"20210214095434","is_ascension_mode":true,"campfire_choices":[{"data":"Crippling Poison","floor":6,"key":"SMITH"},{"floor":15,"key":"REST"},{"floor":27,"key":"REST"},{"data":"A Thousand Cuts","floor":32,"key":"SMITH"},{"data":"1","floor":40,"key":"LIFT"},{"floor":49,"key":"RECALL"},{"data":"2","floor":52,"key":"LIFT"}],"circlet_count":0,"master_deck":["AscendersBane","Strike_G+1","Strike_G+1","Defend_G","Defend_G","Defend_G","Defend_G+1","Survivor","Neutralize","Deadly Poison+1","Blade Dance","Crippling Poison+1","Predator","Storm of Steel","Concentrate","Accuracy","Endless Agony","PiercingWail","Well Laid Plans","A Thousand Cuts+1","Predator+1","Backflip","Quick Slash","Noxious Fumes+1","Bullet Time","Night Terror","PiercingWail+1","Backflip+1","Bouncing Flask+1","Dash+1","Blade Dance","Footwork+1","Choke+1","Dark Shackles","Eviscerate","Noxious Fumes+1","Wraith Form v2+1","Backflip"],"relics":["Ring of the Snake","Whetstone","War Paint","Shuriken","Ninja Scroll","Letter Opener","Meat on the Bone","Snecko Eye","Darkstone Periapt","The Specimen","PreservedInsect","Matryoshka","The Courier","Frozen Egg 2","Torii","Fusion Hammer","Shovel","Girya","Bag of Preparation","CaptainsWheel","Gambling Chip","Eternal Feather"],"acts_visited":["Exordium","TheCity","TheBeyond","TheEnding"],"potions_floor_usage":[7,16,16,16,16,23,23,23,25,30,30,30,33,33,37,50,50],"damage_taken":[{"damage":0,"enemies":"Jaw Worm","floor":1,"turns":6},{"damage":0,"enemies":"Small Slimes","floor":2,"turns":4},{"damage":0,"enemies":"2 Louse","floor":3,"turns":2},{"damage":0,"enemies":"Blue Slaver","floor":4,"turns":5},{"damage":17,"enemies":"Lagavulin","floor":7,"turns":5},{"damage":17,"enemies":"Gremlin Nob","floor":10,"turns":4},{"damage":0,"enemies":"3 Louse","floor":12,"turns":1},{"damage":12,"enemies":"3 Sentries","floor":14,"turns":3},{"damage":35,"enemies":"Slime Boss","floor":16,"turns":8},{"damage":2,"enemies":"3 Byrds","floor":18,"turns":3},{"damage":20,"enemies":"Shell Parasite","floor":19,"turns":4},{"damage":33,"enemies":"Sentry and Sphere","floor":21,"turns":5},{"damage":4,"enemies":"Slavers","floor":23,"turns":6},{"damage":21,"enemies":"Gremlin Leader","floor":25,"turns":6},{"damage":5,"enemies":"Book of Stabbing","floor":28,"turns":3},{"damage":0,"enemies":"3 Cultists","floor":29,"turns":3},{"damage":7,"enemies":"Slavers","floor":30,"turns":3},{"damage":21,"enemies":"Automaton","floor":33,"turns":5},{"damage":0,"enemies":"Orb Walker","floor":35,"turns":2},{"damage":2,"enemies":"3 Shapes","floor":36,"turns":7},{"damage":12,"enemies":"2 Orb Walkers","floor":37,"turns":3},{"damage":27,"enemies":"Writhing Mass","floor":38,"turns":5},{"damage":0,"enemies":"Mind Bloom Boss Battle","floor":39,"turns":4},{"damage":0,"enemies":"Transient","floor":42,"turns":5},{"damage":0,"enemies":"Reptomancer","floor":45,"turns":2},{"damage":22,"enemies":"Nemesis","floor":47,"turns":5},{"damage":0,"enemies":"Jaw Worm Horde","floor":48,"turns":2},{"damage":38,"enemies":"Donu and Deca","floor":50,"turns":6},{"damage":1,"enemies":"Shield and Spear","floor":54,"turns":3},{"damage":67,"enemies":"The Heart","floor":55,"turns":3}],"seed_played":"2653863217557343776","potions_obtained":[{"floor":2,"key":"LiquidBronze"},{"floor":3,"key":"CunningPotion"},{"floor":10,"key":"LiquidBronze"},{"floor":14,"key":"EntropicBrew"},{"floor":18,"key":"SteroidPotion"},{"floor":19,"key":"EntropicBrew"},{"floor":25,"key":"SteroidPotion"},{"floor":28,"key":"EntropicBrew"},{"floor":37,"key":"Explosive Potion"},{"floor":42,"key":"Energy Potion"},{"floor":46,"key":"Regen Potion"},{"floor":46,"key":"GamblersBrew"}],"is_trial":false,"path_per_floor":["M","M","M","M","?","R","E","?","T","E","$","M","T","E","R","B",null,"M","M","?","M","?","E","?","E","T","R","E","M","E","$","R","B",null,"M","M","?","M","?","R","?","M","T","?","E","?","E","M","R","B",null,"R","$","E","B"],"character_chosen":"THE_SILENT","items_purchased":["Ninja Scroll","Endless Agony","Torii","Dark Shackles","Eviscerate","Noxious Fumes+1","Wraith Form v2+1"],"campfire_rested":2,"item_purchase_floors":[11,11,31,53,53,53,53],"current_hp_per_floor":[70,70,70,70,70,70,53,42,42,25,25,25,25,13,36,13,61,59,39,39,18,18,26,26,17,17,40,47,47,40,40,40,31,66,66,64,52,37,49,49,49,49,49,49,49,49,39,39,39,28,65,65,65,64,0,0],"gold":35,"neow_bonus":"TEN_PERCENT_HP_BONUS","is_daily":false,"chose_seed":false,"campfire_upgraded":2,"win_rate":0.0,"timestamp":1613314474,"path_taken":["M","M","M","M","?","R","E","?","T","E","$","M","?","E","R","BOSS","M","M","?","M","?","E","?","E","T","R","E","M","E","$","R","BOSS","M","M","?","M","?","R","?","?","T","?","E","?","E","M","R","BOSS","R","$","E","BOSS"],"items_purchased_type":["Relic","Card","Relic","Card","Card","Card","Card"],"build_version":"2020-12-22","purchased_purges":0,"victory":false,"max_hp_per_floor":[77,77,77,77,77,77,77,77,77,77,77,77,77,77,77,77,77,77,77,77,77,77,77,77,77,77,77,77,77,77,77,77,77,77,77,77,77,77,77,77,77,77,77,77,77,77,77,77,77,77,77,77,77,77,77,77],"relic_stats":{"Darkstone Periapt":0,"Torii":54,"counters":[30,123],"Eternal Feather":0,"PreservedInsect":270,"Bag of Preparation":[0],"Whetstone":["Strike_G","Strike_G"],"Letter Opener":[268],"War Paint":["Defend_G","Deadly Poison"],"Shovel":0,"Shuriken":[89],"Gambling Chip":[18],"Snecko Eye":[168,169,164,183],"obtain_stats":[{"Darkstone Periapt":23,"Girya":39,"The Specimen":24,"Torii":31,"Eternal Feather":54,"PreservedInsect":25,"The Courier":28,"Bag of Preparation":43,"Whetstone":7,"Letter Opener":13,"War Paint":9,"Frozen Egg 2":30,"CaptainsWheel":45,"Matryoshka":26,"Shovel":37,"Shuriken":10,"Ninja Scroll":11,"Gambling Chip":47,"Snecko Eye":17,"Fusion Hammer":34,"Ring of the Snake":0,"Meat on the Bone":14},{"Darkstone Periapt":13,"Girya":23,"The Specimen":13,"Torii":17,"Eternal Feather":29,"PreservedInsect":14,"The Courier":15,"Bag of Preparation":24,"Whetstone":5,"Letter Opener":7,"War Paint":5,"Frozen Egg 2":17,"CaptainsWheel":25,"Matryoshka":14,"Shovel":21,"Shuriken":6,"Ninja Scroll":6,"Gambling Chip":26,"Snecko Eye":9,"Fusion Hammer":18,"Ring of the Snake":0,"Meat on the Bone":8},{"Darkstone Periapt":56,"Girya":97,"The Specimen":56,"Torii":71,"Eternal Feather":120,"PreservedInsect":62,"The Courier":65,"Bag of Preparation":102,"Whetstone":22,"Letter Opener":27,"War Paint":22,"Frozen Egg 2":71,"CaptainsWheel":104,"Matryoshka":62,"Shovel":88,"Shuriken":26,"Ninja Scroll":26,"Gambling Chip":109,"Snecko Eye":38,"Fusion Hammer":76,"Ring of the Snake":0,"Meat on the Bone":30}],"Ring of the Snake":[17],"Meat on the Bone":120},"card_choices":[{"not_picked":["Outmaneuver","Acrobatics"],"picked":"Deadly Poison","floor":1},{"not_picked":["Dagger Throw","Predator"],"picked":"Blade Dance","floor":2},{"not_picked":["Dodge and Roll","Poisoned Stab"],"picked":"Crippling Poison","floor":3},{"not_picked":["Eviscerate","Skewer"],"picked":"Predator","floor":4},{"not_picked":["Escape Plan","Riddle With Holes"],"picked":"Concentrate","floor":7},{"not_picked":["Setup","Doppelganger"],"picked":"Accuracy","floor":10},{"not_picked":["Terror","Leg Sweep"],"picked":"PiercingWail","floor":12},{"not_picked":["Deadly Poison","Storm of Steel"],"picked":"Well Laid Plans","floor":14},{"not_picked":["Burst","Grand Finale"],"picked":"A Thousand Cuts","floor":16},{"not_picked":["Well Laid Plans","Cloak And Dagger","Dagger Spray"],"picked":"SKIP","floor":18},{"not_picked":["Slice","Expertise","Backstab"],"picked":"SKIP","floor":19},{"not_picked":["Reflex+1","Outmaneuver+1"],"picked":"Predator+1","floor":21},{"not_picked":["All Out Attack","Setup"],"picked":"Noxious Fumes+1","floor":23},{"not_picked":["Flechettes","Distraction","PiercingWail"],"picked":"SKIP","floor":25},{"not_picked":["Distraction","Deadly Poison"],"picked":"Bullet Time","floor":28},{"not_picked":["Slice","Underhanded Strike+1","Outmaneuver"],"picked":"SKIP","floor":29},{"not_picked":["Dagger Throw","Blur","Distraction"],"picked":"SKIP","floor":30},{"not_picked":["Venomology","Storm of Steel"],"picked":"Night Terror","floor":33},{"not_picked":["Expertise","Blur+1"],"picked":"PiercingWail+1","floor":35},{"not_picked":["Bane","Deflect"],"picked":"Backflip+1","floor":36},{"not_picked":["Deflect","Bane"],"picked":"Bouncing Flask+1","floor":38},{"not_picked":["Bouncing Flask","Sucker Punch+1"],"picked":"Dash+1","floor":42},{"not_picked":["Phantasmal Killer","Cloak And Dagger"],"picked":"Blade Dance","floor":45},{"not_picked":["Flying Knee+1","Backflip"],"picked":"Footwork+1","floor":47},{"not_picked":["Poisoned Stab+1","Catalyst"],"picked":"Choke+1","floor":48},{"not_picked":["Endless Agony","Dodge and Roll"],"picked":"Backflip","floor":54}],"player_experience":731753,"relics_obtained":[{"floor":7,"key":"Whetstone"},{"floor":9,"key":"War Paint"},{"floor":10,"key":"Shuriken"},{"floor":13,"key":"Letter Opener"},{"floor":14,"key":"Meat on the Bone"},{"floor":23,"key":"Darkstone Periapt"},{"floor":25,"key":"PreservedInsect"},{"floor":26,"key":"Matryoshka"},{"floor":28,"key":"The Courier"},{"floor":30,"key":"Frozen Egg 2"},{"floor":37,"key":"Shovel"},{"floor":39,"key":"Girya"},{"floor":43,"key":"Bag of Preparation"},{"floor":45,"key":"CaptainsWheel"},{"floor":47,"key":"Gambling Chip"},{"floor":54,"key":"Eternal Feather"}],"event_choices":[{"damage_healed":0,"gold_gain":0,"cards_transformed":["Strike_G"],"player_choice":"Change","damage_taken":0,"max_hp_gain":0,"max_hp_loss":0,"event_name":"Living Wall","floor":5,"gold_loss":0,"cards_obtained":["Storm of Steel"]},{"damage_healed":0,"gold_gain":75,"player_choice":"Gather Gold","damage_taken":11,"max_hp_gain":0,"max_hp_loss":0,"event_name":"World of Goop","floor":8,"gold_loss":0},{"cards_removed":["Strike_G"],"damage_healed":0,"gold_gain":0,"player_choice":"Gave Gold","damage_taken":0,"max_hp_gain":0,"max_hp_loss":0,"event_name":"Beggar","floor":20,"gold_loss":75},{"damage_healed":0,"gold_gain":0,"cards_transformed":["Strike_G","Defend_G"],"player_choice":"Became Test Subject","damage_taken":0,"max_hp_gain":0,"max_hp_loss":0,"event_name":"Drug Dealer","floor":22,"gold_loss":0,"cards_obtained":["Backflip","Quick Slash"]},{"damage_healed":0,"gold_gain":0,"player_choice":"Obtained Relic","damage_taken":0,"relics_obtained":["The Specimen"],"max_hp_gain":0,"max_hp_loss":0,"event_name":"Addict","floor":24,"gold_loss":85},{"damage_healed":0,"gold_gain":0,"player_choice":"Fight","damage_taken":0,"max_hp_gain":0,"max_hp_loss":0,"event_name":"Mysterious Sphere","floor":37,"gold_loss":0},{"damage_healed":0,"gold_gain":0,"player_choice":"Fight","damage_taken":0,"max_hp_gain":0,"max_hp_loss":0,"event_name":"MindBloom","floor":39,"gold_loss":0},{"damage_healed":0,"gold_gain":0,"player_choice":"Ignored","damage_taken":0,"max_hp_gain":0,"max_hp_loss":0,"event_name":"SecretPortal","floor":41,"gold_loss":0},{"damage_healed":0,"gold_gain":0,"player_choice":"Ignored","damage_taken":0,"max_hp_gain":0,"max_hp_loss":0,"event_name":"Tomb of Lord Red Mask","floor":44,"gold_loss":0},{"damage_healed":0,"gold_gain":0,"player_choice":"Bought 2 Potions","damage_taken":0,"max_hp_gain":0,"max_hp_loss":0,"event_name":"The Woman in Blue","floor":46,"gold_loss":0}],"is_beta":false,"boss_relics":[{"not_picked":["Cursed Key","Runic Pyramid"],"picked":"Snecko Eye"},{"not_picked":["Sozu","Calling Bell"],"picked":"Fusion Hammer"}],"items_purged_floors":[],"is_endless":false,"potions_floor_spawned":[2,3,10,14,18,19,25,28,37,42,47,48],"killed_by":"The Heart","ascension_level":12}}