{"host":"2qyxu97h6u4ukicb","time":1613345791,"event":{"mods":["AchievementEnabler","BaseMod","BetterRewards","Colored Map","Colored Powertips","Minty Spire (QoL Compilation)","Replay The Spire","Shop Mod","StSLib"],"gold_per_floor":[118,118,118,138,138,138,164,164,164,164,189,204,204,204,204,229,229,326,326,341,341],"floor_reached":20,"language":"ENG","playtime":1546,"items_purged":[],"score":168,"play_id":"bf86b2fa-fd8c-484e-b919-ea02053faf67","local_time":"20210214173631","is_ascension_mode":false,"campfire_choices":[{"data":"Deadly Poison","floor":6,"key":"SMITH"},{"data":"Choke","floor":8,"key":"SMITH"},{"data":"Bouncing Flask","floor":13,"key":"SMITH"},{"floor":17,"key":"REST"}],"circlet_count":0,"master_deck":["Strike_G","Strike_G","Strike_G","Strike_G","Strike_G","Defend_G","Defend_G","Defend_G","Defend_G","Defend_G","Survivor","Neutralize","Deadly Poison+1","Choke+1","Bouncing Flask+1","Spreading Infection","Bane","Poison Darts"],"relics":["Ring of the Snake","Oddly Smooth Stone","ReplayTheSpireMod:TigerMarble","Pen Nib","Ring of Hypnosis","ReplayTheSpireMod:Ring of Challenge","Ring of Chaos"],"acts_visited":["Exordium","TheCity"],"potions_floor_usage":[],"damage_taken":[{"damage":0,"enemies":"Jaw Worm","floor":1,"turns":6},{"damage":0,"enemies":"Small Slimes","floor":4,"turns":3},{"damage":27,"enemies":"3 Sentries","floor":7,"turns":12},{"damage":0,"enemies":"Cultist","floor":12,"turns":2},{"damage":15,"enemies":"Red Slaver","floor":16,"turns":2},{"damage":29,"enemies":"The Guardian","floor":18,"turns":7},{"damage":0,"enemies":"2 Thieves","floor":20,"turns":1}],"seed_played":"5644155315148816946","potions_obtained":[],"is_trial":false,"path_per_floor":["M","?","?","M","$","R","E","R","PTL","PTL","T","M","R","$","?","M","R","B",null,"M"],"character_chosen":"THE_SILENT","items_purchased":[],"campfire_rested":1,"item_purchase_floors":[],"current_hp_per_floor":[70,70,70,70,70,70,43,43,43,43,43,43,43,43,43,28,49,20,70,70,70],"gold":341,"neow_bonus":"RANDOM_COMMON_RELIC","is_daily":false,"chose_seed":false,"campfire_upgraded":3,"win_rate":0.0,"timestamp":1613345791,"path_taken":["M","?","?","?","$","R","E","R","PTL","PTL","T","M","R","?","?","M","R","BOSS","M"],"items_purchased_type":[],"build_version":"2020-12-22","purchased_purges":0,"victory":false,"max_hp_per_floor":[70,70,70,70,70,70,70,70,70,70,70,70,70,70,70,70,70,70,70,70,70],"card_choices":[{"not_picked":["Acrobatics","Predator","ReplayTheSpireMod:Scrap Shanks"],"picked":"SKIP","floor":1},{"not_picked":["Backflip","Dash"],"picked":"Deadly Poison","floor":4},{"not_picked":["Hidden Blade","PiercingWail"],"picked":"Choke","floor":7},{"not_picked":["Deflect","Masterful Stab"],"picked":"Bouncing Flask","floor":12},{"not_picked":["Tools of the Trade","Sneak Up"],"picked":"Bane","floor":16},{"not_picked":["Grand Finale","Wraith Form v2"],"picked":"Poison Darts","floor":18}],"player_experience":816627,"relics_obtained":[{"floor":7,"key":"ReplayTheSpireMod:TigerMarble"},{"floor":11,"key":"Pen Nib"},{"floor":15,"key":"Ring of Hypnosis"},{"floor":15,"key":"ReplayTheSpireMod:Ring of Challenge"}],"event_choices":[{"damage_healed":0,"gold_gain":0,"player_choice":"Leave","damage_taken":0,"max_hp_gain":0,"max_hp_loss":0,"event_name":"The Cleric","floor":2,"gold_loss":0},{"damage_healed":0,"gold_gain":0,"player_choice":"Ignored","damage_taken":0,"max_hp_gain":0,"max_hp_loss":0,"event_name":"Purifier","floor":3,"gold_loss":0}],"is_beta":false,"boss_relics":[{"not_picked":["Coffee Dripper","Snecko Scales"],"picked":"Ring of Chaos"}],"items_purged_floors":[],"is_endless":false,"potions_floor_spawned":[],"killed_by":"2 Thieves","ascension_level":0}}