{"host":"7wi4qgm5yw4j7oz0","time":1613305614,"event":{"mods":["AchievementEnabler","BaseMod","Block Reminder","Colored Map","Colored Powertips","Highlight Path","Minty Spire (QoL Compilation)","Permanent Neow","Random Character Button","Rare Cards Sparkle","StSLib","everything is the same but u backflip on backflip"],"gold_per_floor":[111,111,111,125,140,175,195,195,195,208,220,220,250,266,266,266,266],"floor_reached":16,"language":"KOR","playtime":854,"items_purged":[],"score":171,"play_id":"143b5d5a-529c-4f0a-9e46-60de6273288b","local_time":"20210214212654","is_ascension_mode":true,"campfire_choices":[{"floor":12,"key":"REST"},{"floor":15,"key":"REST"}],"circlet_count":0,"master_deck":["AscendersBane","Strike_R","Strike_R","Strike_R","Strike_R","Defend_R","Defend_R","Defend_R","Defend_R","Bash","Burning Pact","Iron Wave","Ghostly Armor","Body Slam","Searing Blow","Flex","Thunderclap","Corruption","Shrug It Off","Headbutt"],"relics":["Burning Blood","Bronze Scales","Matryoshka","Paper Frog"],"acts_visited":["Exordium"],"potions_floor_usage":[10,13,16],"damage_taken":[{"damage":6,"enemies":"Jaw Worm","floor":1,"turns":6},{"damage":9,"enemies":"2 Louse","floor":4,"turns":3},{"damage":0,"enemies":"Cultist","floor":5,"turns":4},{"damage":65,"enemies":"3 Sentries","floor":6,"turns":16},{"damage":9,"enemies":"Exordium Wildlife","floor":7,"turns":4},{"damage":0,"enemies":"3 Louse","floor":10,"turns":2},{"damage":1,"enemies":"2 Fungi Beasts","floor":11,"turns":4},{"damage":48,"enemies":"Lagavulin","floor":13,"turns":9},{"damage":4,"enemies":"Looter","floor":14,"turns":3},{"damage":46,"enemies":"Slime Boss","floor":16,"turns":7}],"seed_played":"-8062476291520179036","potions_obtained":[{"floor":1,"key":"Energy Potion"},{"floor":6,"key":"Explosive Potion"},{"floor":10,"key":"EssenceOfSteel"},{"floor":13,"key":"Strength Potion"},{"floor":14,"key":"Dexterity Potion"}],"is_trial":false,"path_per_floor":["M","?","?","M","M","E","M","?","T","M","M","R","E","M","R","B"],"character_chosen":"IRONCLAD","items_purchased":[],"campfire_rested":2,"item_purchase_floors":[],"current_hp_per_floor":[72,77,77,74,80,21,18,18,18,24,29,54,12,14,39,0,0],"gold":266,"neow_bonus":"TRANSFORM_CARD","is_daily":false,"chose_seed":false,"campfire_upgraded":0,"win_rate":0.0,"timestamp":1613305614,"path_taken":["M","?","?","M","M","E","M","?","T","M","M","R","E","M","R","BOSS"],"items_purchased_type":[],"build_version":"2020-12-22","purchased_purges":0,"victory":false,"max_hp_per_floor":[80,85,85,85,85,85,85,85,85,85,85,85,85,85,85,85,85],"card_choices":[{"not_picked":["Seeing Red","Clothesline"],"picked":"Iron Wave","floor":1},{"not_picked":["Armaments","Anger"],"picked":"Ghostly Armor","floor":4},{"not_picked":["Ghostly Armor","Wild Strike"],"picked":"Body Slam","floor":5},{"not_picked":["Sever Soul","Anger"],"picked":"Searing Blow","floor":6},{"not_picked":["Wild Strike","Clothesline"],"picked":"Flex","floor":7},{"not_picked":["Infernal Blade","Searing Blow"],"picked":"Thunderclap","floor":10},{"not_picked":["Thunderclap","Wild Strike"],"picked":"Corruption","floor":11},{"not_picked":["Twin Strike","Warcry"],"picked":"Shrug It Off","floor":13},{"not_picked":["Clash","Searing Blow"],"picked":"Headbutt","floor":14}],"player_experience":298813,"relics_obtained":[{"floor":6,"key":"Bronze Scales"},{"floor":9,"key":"Matryoshka"},{"floor":13,"key":"Paper Frog"}],"event_choices":[{"damage_healed":0,"gold_gain":0,"player_choice":"Donut","damage_taken":0,"max_hp_gain":5,"max_hp_loss":0,"event_name":"Big Fish","floor":2,"gold_loss":0},{"damage_healed":0,"gold_gain":0,"player_choice":"Ignored","damage_taken":0,"max_hp_gain":0,"max_hp_loss":0,"event_name":"Liars Game","floor":3,"gold_loss":0},{"damage_healed":0,"gold_gain":0,"player_choice":"Ignored","damage_taken":0,"max_hp_gain":0,"max_hp_loss":0,"event_name":"Shining Light","floor":8,"gold_loss":0}],"is_beta":false,"boss_relics":[],"items_purged_floors":[],"is_endless":false,"potions_floor_spawned":[1,6,10,13,14],"killed_by":"Slime Boss","ascension_level":10}}