{"host":"85rg8sallz0lemh6","time":1613291242,"event":{"mods":["BaseMod","Bestiary","Colored Powertips","Highlight Path","Minty Spire (QoL Compilation)","Quick Restart"],"gold_per_floor":[112,128,56,231,231,265,265,293,293,306,332,349,399,399,399,399,399],"floor_reached":16,"language":"ENG","playtime":294,"items_purged":[],"score":164,"play_id":"4ef68e32-c712-4f4a-a111-8676a15a75f2","local_time":"20210214022722","is_ascension_mode":true,"campfire_choices":[{"data":"Dualcast","floor":7,"key":"SMITH"},{"data":"Zap","floor":15,"key":"SMITH"}],"circlet_count":0,"master_deck":["Strike_B","Strike_B","Strike_B","Strike_B","Defend_B","Defend_B+1","Defend_B","Defend_B","Zap+1","Dualcast+1","Ball Lightning","Melter","Doubt","Darkness","Seek+1","Sunder+1","Self Repair"],"relics":["Cracked Core","NeowsBlessing","Mummified Hand","Bag of Marbles","War Paint","Molten Egg 2","Lantern"],"acts_visited":["Exordium"],"potions_floor_usage":[],"damage_taken":[{"damage":0,"enemies":"Small Slimes","floor":1,"turns":1},{"damage":0,"enemies":"Jaw Worm","floor":2,"turns":1},{"damage":0,"enemies":"Lagavulin","floor":6,"turns":1},{"damage":30,"enemies":"3 Sentries","floor":8,"turns":7},{"damage":0,"enemies":"Cultist","floor":10,"turns":2},{"damage":28,"enemies":"Gremlin Nob","floor":11,"turns":4},{"damage":13,"enemies":"Exordium Thugs","floor":12,"turns":4},{"damage":18,"enemies":"The Guardian","floor":16,"turns":4}],"seed_played":"5724801343482420839","potions_obtained":[{"floor":1,"key":"Block Potion"},{"floor":2,"key":"BlessingOfTheForge"},{"floor":6,"key":"GamblersBrew"},{"floor":10,"key":"Explosive Potion"}],"is_trial":false,"path_per_floor":["M","M","$","?","?","E","R","E","T","M","E","M","T","?","R","B"],"character_chosen":"DEFECT","items_purchased":["Melter"],"campfire_rested":0,"item_purchase_floors":[3],"current_hp_per_floor":[75,75,75,75,75,75,75,45,45,45,17,4,4,29,29,11,11],"gold":399,"neow_bonus":"THREE_ENEMY_KILL","is_daily":false,"chose_seed":false,"campfire_upgraded":2,"win_rate":0.0,"timestamp":1613291242,"path_taken":["M","M","$","?","?","E","R","E","T","?","E","M","?","?","R","BOSS"],"items_purchased_type":["Card"],"build_version":"2020-12-22","purchased_purges":0,"victory":false,"max_hp_per_floor":[75,75,75,75,75,75,75,75,75,75,75,75,75,75,75,75,75],"card_choices":[{"not_picked":["Conserve Battery","Consume","Storm"],"picked":"SKIP","floor":1},{"not_picked":["Compile Driver","Static Discharge"],"picked":"Ball Lightning","floor":2},{"not_picked":["Turbo","Rip and Tear"],"picked":"Darkness","floor":6},{"not_picked":["Barrage","Conserve Battery"],"picked":"Seek","floor":8},{"not_picked":["Hello World","Skim","Sunder"],"picked":"SKIP","floor":10},{"not_picked":["Reprogram","Double Energy"],"picked":"Sunder+1","floor":11},{"not_picked":["Glacier","Heatsinks"],"picked":"Self Repair","floor":12}],"player_experience":99193,"relics_obtained":[{"floor":6,"key":"Mummified Hand"},{"floor":8,"key":"Bag of Marbles"},{"floor":9,"key":"War Paint"},{"floor":11,"key":"Molten Egg 2"},{"floor":13,"key":"Lantern"}],"event_choices":[{"damage_healed":0,"gold_gain":175,"player_choice":"AGREE","damage_taken":0,"max_hp_gain":0,"max_hp_loss":0,"event_name":"Liars Game","floor":4,"gold_loss":0,"cards_obtained":["Doubt"]},{"damage_healed":0,"gold_gain":0,"player_choice":"0 cards matched","damage_taken":0,"max_hp_gain":0,"max_hp_loss":0,"event_name":"Match and Keep!","floor":5,"gold_loss":0,"cards_obtained":[]},{"damage_healed":25,"gold_gain":0,"player_choice":"Banana","damage_taken":0,"max_hp_gain":0,"max_hp_loss":0,"event_name":"Big Fish","floor":14,"gold_loss":0}],"is_beta":false,"boss_relics":[],"items_purged_floors":[],"is_endless":false,"potions_floor_spawned":[1,2,6,10],"killed_by":"The Guardian","ascension_level":3}}