{"host":"9teu7m87l4miz299","time":1613277405,"event":{"mods":["BaseMod","Minty Spire (QoL Compilation)","Quick Restart","StSLib","Td1madao Mod","The Cursed","The Hierophant","The Poker Player","The Runesmith"],"gold_per_floor":[114,130,130,55,67,67,101,101,101,101,135,151,170,186,186,290,290,309,309,325,325,338,338,351,369,369,174,174,174,174],"floor_reached":29,"language":"KOR","playtime":1111,"items_purged":["Strike_G","Strike_G"],"score":332,"play_id":"18dc3829-5f60-4c76-9167-bbad6252bb59","local_time":"20210214133645","is_ascension_mode":true,"campfire_choices":[{"floor":6,"key":"REST"},{"floor":8,"key":"REST"},{"data":"Sadistic Nature","floor":10,"key":"SMITH"},{"floor":15,"key":"REST"},{"floor":23,"key":"REST"},{"floor":28,"key":"REST"}],"circlet_count":0,"master_deck":["Strike_G","Strike_G","Strike_G","Defend_G","Defend_G","Defend_G","Defend_G","Survivor","Neutralize","Sadistic Nature+1","Poisoned Stab","Footwork","Leg Sweep","Crippling Poison","Catalyst","Sucker Punch","Bullet Time","Prepared","Cloak And Dagger+1","Terror","Footwork+1"],"relics":["Ring of the Snake","Frozen Egg 2","Potion Belt","Eternal Feather","Sozu","FaceOfCleric","The Courier","HandDrill"],"acts_visited":["Exordium","TheCity"],"potions_floor_usage":[11,20,29],"damage_taken":[{"damage":0,"enemies":"2 Louse","floor":1,"turns":3},{"damage":2,"enemies":"Cultist","floor":2,"turns":5},{"damage":0,"enemies":"Small Slimes","floor":5,"turns":2},{"damage":17,"enemies":"Gremlin Nob","floor":7,"turns":5},{"damage":5,"enemies":"Lagavulin","floor":11,"turns":7},{"damage":17,"enemies":"Gremlin Gang","floor":12,"turns":4},{"damage":5,"enemies":"Lots of Slimes","floor":13,"turns":3},{"damage":3,"enemies":"2 Fungi Beasts","floor":14,"turns":4},{"damage":33,"enemies":"Slime Boss","floor":16,"turns":13},{"damage":10,"enemies":"Shell Parasite","floor":18,"turns":5},{"damage":14,"enemies":"2 Thieves","floor":20,"turns":4},{"damage":18,"enemies":"Cultist and Chosen","floor":22,"turns":9},{"damage":19,"enemies":"Snake Plant","floor":24,"turns":5},{"damage":12,"enemies":"Centurion and Healer","floor":25,"turns":8},{"damage":51,"enemies":"Gremlin Leader","floor":29,"turns":9}],"seed_played":"-237586166944920076","potions_obtained":[{"floor":7,"key":"Weak Potion"},{"floor":12,"key":"Ancient Potion"},{"floor":14,"key":"Strength Potion"},{"floor":16,"key":"Strength Potion"}],"is_trial":false,"path_per_floor":["M","M","?","$","M","R","E","R","T","R","E","M","M","M","R","B",null,"M","?","M","?","M","R","M","M","T","$","R","E"],"character_chosen":"THE_SILENT","items_purchased":["HandDrill"],"campfire_rested":5,"item_purchase_floors":[27],"current_hp_per_floor":[45,43,43,43,43,64,47,68,68,68,63,46,41,38,68,35,61,51,35,21,21,4,37,19,8,8,8,41,0,0],"gold":174,"neow_bonus":"RANDOM_COLORLESS_2","is_daily":false,"chose_seed":false,"campfire_upgraded":1,"win_rate":0.0,"timestamp":1613277405,"path_taken":["M","M","?","$","M","R","E","R","T","R","E","?","M","M","R","BOSS","M","?","M","?","M","R","?","M","T","$","R","E"],"items_purchased_type":["Relic"],"build_version":"2020-12-22","purchased_purges":2,"victory":false,"max_hp_per_floor":[70,70,70,70,70,70,70,70,70,70,70,70,70,70,70,70,70,70,70,70,70,71,71,72,73,73,73,73,73,73],"card_choices":[{"not_picked":["Thinking Ahead","Secret Technique"],"picked":"Sadistic Nature","floor":0},{"not_picked":["Infinite Blades","Cloak And Dagger"],"picked":"Poisoned Stab","floor":1},{"not_picked":["Endless Agony","Cloak And Dagger"],"picked":"Footwork","floor":2},{"not_picked":["Blade Dance","Eviscerate"],"picked":"Leg Sweep","floor":5},{"not_picked":["Outmaneuver","Cloak And Dagger","Quick Slash"],"picked":"SKIP","floor":7},{"not_picked":["Poisoned Stab","Deflect"],"picked":"Crippling Poison","floor":11},{"not_picked":["Finisher","All Out Attack"],"picked":"Catalyst","floor":12},{"not_picked":["Acrobatics","Dash","Underhanded Strike"],"picked":"SKIP","floor":13},{"not_picked":["Dagger Spray","Infinite Blades+1"],"picked":"Sucker Punch","floor":14},{"not_picked":["Doppelganger","Storm of Steel"],"picked":"Bullet Time","floor":16},{"not_picked":["Predator","Slice"],"picked":"Prepared","floor":18},{"not_picked":["Underhanded Strike","Quick Slash"],"picked":"Cloak And Dagger+1","floor":20},{"not_picked":["Choke","Backstab","Setup"],"picked":"SKIP","floor":22},{"not_picked":["Sucker Punch","Slice"],"picked":"Terror","floor":24},{"not_picked":["Backflip","Prepared"],"picked":"Footwork+1","floor":25}],"player_experience":1169655,"relics_obtained":[{"floor":7,"key":"Frozen Egg 2"},{"floor":9,"key":"Potion Belt"},{"floor":11,"key":"Eternal Feather"},{"floor":26,"key":"The Courier"}],"event_choices":[{"cards_removed":["Defend_G"],"damage_healed":0,"gold_gain":0,"player_choice":"Purged","damage_taken":0,"max_hp_gain":0,"max_hp_loss":0,"event_name":"Purifier","floor":3,"gold_loss":0},{"damage_healed":0,"gold_gain":0,"player_choice":"Obtained Book","damage_taken":16,"max_hp_gain":0,"max_hp_loss":0,"event_name":"Cursed Tome","floor":19,"gold_loss":0},{"damage_healed":0,"gold_gain":0,"player_choice":"Trade","damage_taken":0,"relics_obtained":["FaceOfCleric"],"max_hp_gain":0,"max_hp_loss":0,"event_name":"FaceTrader","floor":21,"gold_loss":0}],"is_beta":false,"boss_relics":[{"not_picked":["Calling Bell","Runic Dome"],"picked":"Sozu"}],"items_purged_floors":[4,27],"is_endless":false,"potions_floor_spawned":[7,12,14,16,24,25],"killed_by":"Gremlin Leader","ascension_level":8}}