{"host":"ypzb5vvnu9f3ii1t","time":1613293370,"event":{"mods":["AchievementEnabler","BaseMod","Colored Map","DeckTracker","Keyboard Shortcuts","Minty Spire (QoL Compilation)","Permanent Neow","Quick Restart","SuperFastMode"],"gold_per_floor":[117,117,39,214,214,214,246,246,246,259,259,1,29,42,42,147,147,165,177,193,39,139,166,166,200,200,200,55,72,87,87,87,182,182,192,192,192,203,156,181,193,80,80,105,155,65,65,65,65,65],"floor_reached":51,"language":"KOR","playtime":2603,"items_purged":["Strike_G","Strike_G","Dagger Spray"],"score":1158,"play_id":"79de2927-481f-4c07-b23f-e73fa6a068a1","local_time":"20210214180250","is_ascension_mode":true,"campfire_choices":[{"data":"Dodge and Roll","floor":6.0,"key":"SMITH"},{"floor":11.0,"key":"REST"},{"data":"Footwork","floor":15.0,"key":"SMITH"},{"data":"Accuracy","floor":27.0,"key":"SMITH"},{"floor":32.0,"key":"REST"},{"data":"Blade Dance","floor":41.0,"key":"SMITH"},{"floor":49.0,"key":"REST"}],"circlet_count":0,"master_deck":["Strike_G","Defend_G","Defend_G","Defend_G","Defend_G","Defend_G","Survivor","Neutralize","Dodge and Roll+1","Blade Dance+1","Backflip","Footwork+1","Cloak And Dagger","Venomology","PiercingWail+1","Accuracy+1","After Image","Footwork","Cloak And Dagger","Terror+1","Blur+1","Blade Dance+1","Blade Dance+1","Madness","Madness"],"relics":["Ring of the Snake","NeowsBlessing","Vajra","Oddly Smooth Stone","Darkstone Periapt","Gremlin Horn","Paper Crane","WristBlade","Juzu Bracelet","Mango","Bottled Lightning","Black Star","MawBank","Shuriken","Ice Cream","Sundial","Ginger","Gambling Chip"],"acts_visited":["Exordium","TheCity","TheBeyond"],"potions_floor_usage":[50,50,50],"damage_taken":[{"damage":0.0,"enemies":"2 Louse","floor":1.0,"turns":1.0},{"damage":0.0,"enemies":"Lagavulin","floor":7.0,"turns":1.0},{"damage":0.0,"enemies":"Small Slimes","floor":10.0,"turns":1.0},{"damage":11.0,"enemies":"3 Sentries","floor":13.0,"turns":6.0},{"damage":0.0,"enemies":"Cultist","floor":14.0,"turns":3.0},{"damage":15.0,"enemies":"The Guardian","floor":16.0,"turns":16.0},{"damage":0.0,"enemies":"Spheric Guardian","floor":18.0,"turns":3.0},{"damage":3.0,"enemies":"Shell Parasite","floor":19.0,"turns":6.0},{"damage":4.0,"enemies":"Centurion and Healer","floor":20.0,"turns":4.0},{"damage":6.0,"enemies":"Book of Stabbing","floor":23.0,"turns":8.0},{"damage":14.0,"enemies":"Gremlin Leader","floor":25.0,"turns":5.0},{"damage":2.0,"enemies":"Shelled Parasite and Fungi","floor":29.0,"turns":4.0},{"damage":3.0,"enemies":"Snake Plant","floor":30.0,"turns":5.0},{"damage":8.0,"enemies":"Champ","floor":33.0,"turns":14.0},{"damage":2.0,"enemies":"Orb Walker","floor":35.0,"turns":3.0},{"damage":0.0,"enemies":"3 Darklings","floor":38.0,"turns":6.0},{"damage":0.0,"enemies":"Giant Head","floor":40.0,"turns":8.0},{"damage":9.0,"enemies":"Reptomancer","floor":44.0,"turns":3.0},{"damage":0.0,"enemies":"Mind Bloom Boss Battle","floor":45.0,"turns":5.0},{"damage":0.0,"enemies":"Writhing Mass","floor":48.0,"turns":1.0},{"damage":69,"enemies":"Donu and Deca","floor":50,"turns":7}],"seed_played":"1341034598983343438","potions_obtained":[{"floor":10.0,"key":"GamblersBrew"},{"floor":14.0,"key":"Regen Potion"},{"floor":18.0,"key":"BlessingOfTheForge"},{"floor":33.0,"key":"EntropicBrew"},{"floor":35.0,"key":"DistilledChaos"},{"floor":44.0,"key":"Weak Potion"}],"is_trial":false,"path_per_floor":["M","?","$","?","?","R","E","?","T","M","R","$","E","M","R","B",null,"M","M","M","$","?","E","?","E","T","R","$","M","M","?","R","B",null,"M","?","?","M","$","E","R","$","T","E","?","?","?","M","R","B",null],"character_chosen":"THE_SILENT","items_purchased":["Blade Dance","Dagger Spray","Gremlin Horn","Accuracy","Cloak And Dagger","Blade Dance"],"campfire_rested":3,"item_purchase_floors":[3,3,12,21,28,39],"current_hp_per_floor":[63,51,51,51,44,44,44,44,44,44,65,65,54,54,54,39,62,62,59,67,67,67,61,61,61,61,61,61,59,56,40,66,58,81,79,79,79,79,79,79,79,79,79,70,70,70,59,59,85,16],"gold":65,"neow_bonus":"THREE_ENEMY_KILL","is_daily":false,"chose_seed":false,"campfire_upgraded":4,"win_rate":0.0,"timestamp":1613293370,"path_taken":["M","?","$","?","?","R","E","?","T","M","R","$","E","M","R","BOSS","M","M","M","$","?","E","?","E","T","R","$","M","M","?","R","BOSS","M","?","?","M","$","E","R","$","T","E","?","?","?","M","R","BOSS"],"items_purchased_type":["Card","Card","Relic","Card","Card","Card"],"build_version":"2020-12-22","purchased_purges":3,"victory":true,"max_hp_per_floor":[70,70,70,70,70,70,70,70,70,70,70,70,70,70,70,70,70,70,70,70,70,70,70,70,84,84,84,84,84,84,89,89,89,89,89,89,89,89,89,89,89,89,89,89,89,89,89,89,89,89],"card_choices":[{"not_picked":["Prepared","Underhanded Strike"],"picked":"Dodge and Roll","floor":1.0},{"not_picked":["Riddle With Holes","Concentrate","Backstab"],"picked":"SKIP","floor":7.0},{"not_picked":["Slice","Doppelganger"],"picked":"Backflip","floor":10.0},{"not_picked":["Tactician","Setup"],"picked":"Footwork","floor":13.0},{"not_picked":["Quick Slash","Predator"],"picked":"Cloak And Dagger","floor":14.0},{"not_picked":["Die Die Die","Glass Knife"],"picked":"Venomology","floor":16.0},{"not_picked":["Masterful Stab","Outmaneuver","Distraction"],"picked":"SKIP","floor":18.0},{"not_picked":["Eviscerate","All Out Attack+1","Dash"],"picked":"SKIP","floor":19.0},{"not_picked":["Well Laid Plans+1","Poisoned Stab"],"picked":"PiercingWail","floor":20.0},{"not_picked":["Bane","Leg Sweep+1"],"picked":"After Image","floor":23.0},{"not_picked":["Cloak And Dagger","Backstab+1"],"picked":"Footwork","floor":25.0},{"not_picked":["Endless Agony+1","Well Laid Plans+1","Distraction+1"],"picked":"SKIP","floor":29.0},{"not_picked":["Deflect","Prepared"],"picked":"Terror+1","floor":30.0},{"not_picked":["Deadly Poison+1","Sucker Punch","Cloak And Dagger"],"picked":"SKIP","floor":35.0},{"not_picked":["Underhanded Strike","All Out Attack+1"],"picked":"Blur+1","floor":38.0},{"not_picked":["Backflip","Leg Sweep"],"picked":"Blade Dance+1","floor":40.0},{"not_picked":["Outmaneuver","Expertise","Night Terror"],"picked":"SKIP","floor":44.0}],"player_experience":215281,"relics_obtained":[{"floor":7.0,"key":"Oddly Smooth Stone"},{"floor":9.0,"key":"Darkstone Periapt"},{"floor":13.0,"key":"Paper Crane"},{"floor":23.0,"key":"Juzu Bracelet"},{"floor":25.0,"key":"Mango"},{"floor":26.0,"key":"Bottled Lightning"},{"floor":40.0,"key":"MawBank"},{"floor":40.0,"key":"Shuriken"},{"floor":43.0,"key":"Ice Cream"},{"floor":44.0,"key":"Sundial"},{"floor":44.0,"key":"Ginger"},{"floor":45.0,"key":"Gambling Chip"}],"event_choices":[{"damage_healed":0.0,"max_hp_gain":0.0,"max_hp_loss":0.0,"gold_gain":0.0,"event_name":"Scrap Ooze","player_choice":"Success","floor":2.0,"gold_loss":0.0,"damage_taken":12.0,"relics_obtained":["Vajra"]},{"damage_healed":0.0,"max_hp_gain":0.0,"max_hp_loss":0.0,"gold_gain":175.0,"event_name":"Liars Game","player_choice":"AGREE","floor":4.0,"gold_loss":0.0,"damage_taken":0.0,"cards_obtained":["Doubt"]},{"cards_removed":["Doubt"],"damage_healed":0.0,"max_hp_gain":0.0,"max_hp_loss":0.0,"gold_gain":0.0,"event_name":"Golden Wing","player_choice":"Card Removal","floor":5.0,"gold_loss":0.0,"damage_taken":7.0},{"damage_healed":0.0,"max_hp_gain":0.0,"max_hp_loss":0.0,"gold_gain":0.0,"event_name":"Upgrade Shrine","player_choice":"Upgraded","floor":8.0,"gold_loss":0.0,"damage_taken":0.0,"cards_upgraded":["Blade Dance"]},{"damage_healed":0.0,"max_hp_gain":0.0,"max_hp_loss":0.0,"gold_gain":100.0,"event_name":"Golden Shrine","player_choice":"Pray","floor":22.0,"gold_loss":0.0,"damage_taken":0.0},{"cards_removed":["Strike_G"],"damage_healed":0.0,"max_hp_gain":0.0,"max_hp_loss":0.0,"gold_gain":0.0,"event_name":"Bonfire Elementals","player_choice":"Offered Basic","floor":24.0,"gold_loss":0.0,"damage_taken":0.0},{"damage_healed":0.0,"max_hp_gain":5.0,"max_hp_loss":0.0,"gold_gain":0.0,"event_name":"Forgotten Altar","player_choice":"Shed Blood","floor":31.0,"gold_loss":0.0,"damage_taken":21.0},{"damage_healed":0.0,"max_hp_gain":0.0,"max_hp_loss":0.0,"gold_gain":0.0,"event_name":"Tomb of Lord Red Mask","player_choice":"Ignored","floor":36.0,"gold_loss":0.0,"damage_taken":0.0},{"damage_healed":0.0,"max_hp_gain":0.0,"max_hp_loss":0.0,"gold_gain":0.0,"event_name":"The Woman in Blue","player_choice":"Bought 0 Potions","floor":37.0,"gold_loss":0.0,"damage_taken":0.0},{"damage_healed":0.0,"max_hp_gain":0.0,"max_hp_loss":0.0,"gold_gain":0.0,"event_name":"MindBloom","player_choice":"Fight","floor":45.0,"gold_loss":0.0,"damage_taken":0.0},{"cards_removed":["Strike_G"],"damage_healed":0.0,"max_hp_gain":0.0,"max_hp_loss":0.0,"gold_gain":0.0,"event_name":"Designer","player_choice":"Upgrade and Remove","floor":46.0,"gold_loss":90.0,"damage_taken":0.0,"cards_upgraded":["PiercingWail"]},{"damage_healed":0.0,"max_hp_gain":0.0,"max_hp_loss":0.0,"gold_gain":0.0,"event_name":"Winding Halls","player_choice":"Embrace Madness","floor":47.0,"gold_loss":0.0,"damage_taken":11.0,"cards_obtained":["Madness","Madness"]}],"is_beta":false,"boss_relics":[{"not_picked":["Busted Crown","Cursed Key"],"picked":"WristBlade"},{"not_picked":["Fusion Hammer","Ring of the Serpent"],"picked":"Black Star"}],"items_purged_floors":[21,28,42],"is_endless":false,"potions_floor_spawned":[10,14,18,23,29,33,35,44],"ascension_level":9}}