{"host":"p9vmbvw2hh2n16dn","time":1613322599,"event":{"mods":["AchievementEnabler","BaseMod","Block Reminder","Minty Spire (QoL Compilation)","Relic Stats","SuperFastMode"],"gold_per_floor":[113,113,128,139,158,186,186,220,269,302,319,319,349,19,19,120,120,137,137,137,151,76,76,102,201,201,201,229,255,106,132,132,237,237,251,301,301,9,9,37,37,65,124,136,181,193,48,60,60,60],"floor_reached":51,"language":"ENG","playtime":1904,"items_purged":["Strike_B","Defend_B"],"score":1370,"play_id":"5d1750e0-c3b8-42fd-bafc-3540a375a2de","local_time":"20210214180959","is_ascension_mode":true,"campfire_choices":[{"data":"Sunder","floor":7.0,"key":"SMITH"},{"data":"Amplify","floor":15.0,"key":"SMITH"},{"data":"Storm","floor":23.0,"key":"SMITH"},{"data":"Creative AI","floor":32.0,"key":"SMITH"},{"data":"Machine Learning","floor":41.0,"key":"SMITH"},{"data":"Reboot","floor":44.0,"key":"SMITH"},{"data":"Consume","floor":49.0,"key":"SMITH"}],"circlet_count":0,"master_deck":["AscendersBane","Strike_B+1","Strike_B+1","Strike_B","Defend_B+1","Defend_B","Defend_B+1","Zap+1","Dualcast","Ball Lightning+1","Leap","Self Repair","Chill","Sunder+1","Amplify+1","Storm+1","Self Repair","Machine Learning+1","Coolheaded","Necronomicurse","Creative AI+1","Hologram+1","Reboot+1","CurseOfTheBell","White Noise","Consume+1","Loop+1","Barrage+1"],"relics":["Cracked Core","NeowsBlessing","War Paint","Matryoshka","Pen Nib","Whetstone","Kunai","Boot","MealTicket","Mummified Hand","Black Star","Necronomicon","Bag of Marbles","Turnip","Juzu Bracelet","Darkstone Periapt","Red Mask","White Beast Statue","Smiling Mask","PreservedInsect","Molten Egg 2","Bottled Lightning","Calling Bell","Omamori","Blue Candle","TungstenRod","Calipers","InkBottle","HornCleat","Lizard Tail","MawBank","Cables","Orichalcum","Potion Belt","Singing Bowl","Runic Capacitor"],"acts_visited":["Exordium","TheCity","TheBeyond"],"potions_floor_usage":[],"damage_taken":[{"damage":0.0,"enemies":"2 Louse","floor":1.0,"turns":1.0},{"damage":0.0,"enemies":"Small Slimes","floor":3.0,"turns":1.0},{"damage":0.0,"enemies":"Jaw Worm","floor":4.0,"turns":1.0},{"damage":8.0,"enemies":"Blue Slaver","floor":5.0,"turns":4.0},{"damage":18.0,"enemies":"Lagavulin","floor":6.0,"turns":7.0},{"damage":6.0,"enemies":"3 Sentries","floor":8.0,"turns":6.0},{"damage":28.0,"enemies":"Gremlin Nob","floor":10.0,"turns":4.0},{"damage":0.0,"enemies":"Large Slime","floor":11.0,"turns":3.0},{"damage":42.0,"enemies":"The Guardian","floor":16.0,"turns":12.0},{"damage":0.0,"enemies":"Chosen","floor":18.0,"turns":4.0},{"damage":4.0,"enemies":"Spheric Guardian","floor":21.0,"turns":3.0},{"damage":17.0,"enemies":"Gremlin Leader","floor":24.0,"turns":5.0},{"damage":21.0,"enemies":"Masked Bandits","floor":28.0,"turns":3.0},{"damage":35.0,"enemies":"Book of Stabbing","floor":29.0,"turns":5.0},{"damage":19.0,"enemies":"Slavers","floor":31.0,"turns":4.0},{"damage":48.0,"enemies":"Automaton","floor":33.0,"turns":8.0},{"damage":21.0,"enemies":"Orb Walker","floor":35.0,"turns":4.0},{"damage":31.0,"enemies":"Mind Bloom Boss Battle","floor":36.0,"turns":6.0},{"damage":33.0,"enemies":"Giant Head","floor":40.0,"turns":7.0},{"damage":12.0,"enemies":"Nemesis","floor":42.0,"turns":3.0},{"damage":2.0,"enemies":"Giant Head","floor":45.0,"turns":4.0},{"damage":3.0,"enemies":"3 Shapes","floor":48.0,"turns":2.0},{"damage":25.0,"enemies":"Donu and Deca","floor":50.0,"turns":3.0}],"seed_played":"4450605825265237299","potions_obtained":[{"floor":1.0,"key":"PowerPotion"},{"floor":3.0,"key":"DistilledChaos"},{"floor":8.0,"key":"FairyPotion"},{"floor":18.0,"key":"Explosive Potion"},{"floor":28.0,"key":"Explosive Potion"},{"floor":31.0,"key":"EssenceOfDarkness"},{"floor":33.0,"key":"Regen Potion"},{"floor":35.0,"key":"BlessingOfTheForge"},{"floor":36.0,"key":"Regen Potion"},{"floor":40.0,"key":"Ancient Potion"},{"floor":42.0,"key":"SneckoOil"},{"floor":45.0,"key":"AttackPotion"},{"floor":48.0,"key":"FearPotion"}],"is_trial":false,"path_per_floor":["M","?","M","M","M","E","R","E","T","E","M","?","?","$","R","B",null,"M","?","?","M","$","R","E","?","T","?","?","E","$","E","R","B",null,"M","?","?","$","?","E","R","E","T","R","E","?","$","M","R","B",null],"character_chosen":"DEFECT","items_purchased":["Mummified Hand","Self Repair","PreservedInsect","InkBottle","Runic Capacitor"],"campfire_rested":0,"item_purchase_floors":[14,14,30,38,47],"current_hp_per_floor":[68,53,53,53,52,41,41,42,42,21,21,9,9,24,24,29,64,75,61,45,55,70,70,80,80,80,80,73,52,67,62,62,28,73,71,64,64,79,79,70,70,72,72,72,86,82,82,84,84,73],"gold":60,"neow_bonus":"THREE_ENEMY_KILL","is_daily":false,"chose_seed":false,"campfire_upgraded":7,"win_rate":0.0,"timestamp":1613322599,"path_taken":["M","?","M","M","M","E","R","E","T","E","M","?","?","?","R","BOSS","M","?","?","?","$","R","E","?","T","?","?","E","$","E","R","BOSS","M","?","?","$","?","E","R","E","T","R","E","?","?","M","R","BOSS"],"items_purchased_type":["Relic","Card","Relic","Relic","Relic"],"build_version":"2020-12-22","purchased_purges":2,"victory":true,"max_hp_per_floor":[75,75,75,75,75,75,75,75,75,75,75,75,75,75,75,75,75,75,80,80,80,80,80,80,80,80,80,80,80,80,80,80,80,86,86,86,86,86,86,86,86,86,86,86,86,82,82,84,84,84],"relic_stats":{"Darkstone Periapt":6,"Singing Bowl":2,"counters":[23,100],"Blue Candle":[68],"Pen Nib":[8],"PreservedInsect":352,"Juzu Bracelet":1,"Whetstone":["Strike_B","Strike_B"],"War Paint":["Defend_B","Zap"],"Orichalcum":[18],"Boot":[4],"Smiling Mask":50,"MawBank":60,"Cables":[7,7,0,0,0],"Lizard Tail":0,"Mummified Hand":[109],"MealTicket":60,"Turnip":[0],"Black Star":6,"Necronomicon":[11],"Kunai":[3],"obtain_stats":[{"Darkstone Periapt":26,"Calipers":36,"Singing Bowl":45,"Juzu Bracelet":26,"Runic Capacitor":47,"Whetstone":9,"Boot":12,"Smiling Mask":29,"Lizard Tail":40,"Matryoshka":8,"HornCleat":40,"Mummified Hand":14,"MealTicket":13,"Necronomicon":20,"Red Mask":28,"Kunai":10,"Cracked Core":0,"InkBottle":38,"Potion Belt":45,"NeowsBlessing":0,"Blue Candle":34,"Pen Nib":9,"PreservedInsect":30,"Omamori":34,"War Paint":6,"Orichalcum":43,"MawBank":42,"White Beast Statue":29,"Cables":42,"Calling Bell":34,"Molten Egg 2":31,"Turnip":24,"Black Star":17,"Bag of Marbles":24,"Bottled Lightning":31,"TungstenRod":34},{"Darkstone Periapt":12,"Calipers":18,"Singing Bowl":21,"Juzu Bracelet":12,"Runic Capacitor":21,"Whetstone":6,"Boot":8,"Smiling Mask":14,"Lizard Tail":19,"Matryoshka":6,"HornCleat":19,"Mummified Hand":8,"MealTicket":8,"Necronomicon":10,"Red Mask":13,"Kunai":7,"Cracked Core":0,"InkBottle":18,"Potion Belt":21,"NeowsBlessing":0,"Blue Candle":16,"Pen Nib":6,"PreservedInsect":14,"Omamori":16,"War Paint":5,"Orichalcum":20,"MawBank":20,"White Beast Statue":14,"Cables":20,"Calling Bell":16,"Molten Egg 2":15,"Turnip":12,"Black Star":9,"Bag of Marbles":12,"Bottled Lightning":15,"TungstenRod":16},{"Darkstone Periapt":51,"Calipers":81,"Singing Bowl":95,"Juzu Bracelet":51,"Runic Capacitor":95,"Whetstone":20,"Boot":27,"Smiling Mask":59,"Lizard Tail":88,"Matryoshka":20,"HornCleat":88,"Mummified Hand":27,"MealTicket":27,"Necronomicon":43,"Red Mask":54,"Kunai":24,"Cracked Core":0,"InkBottle":81,"Potion Belt":95,"NeowsBlessing":0,"Blue Candle":71,"Pen Nib":20,"PreservedInsect":59,"Omamori":71,"War Paint":14,"Orichalcum":91,"MawBank":91,"White Beast Statue":59,"Cables":91,"Calling Bell":71,"Molten Egg 2":63,"Turnip":51,"Black Star":39,"Bag of Marbles":51,"Bottled Lightning":63,"TungstenRod":71}],"TungstenRod":87,"InkBottle":[17]},"card_choices":[{"not_picked":["Go for the Eyes","Rebound"],"picked":"Ball Lightning","floor":1.0},{"not_picked":["Barrage","Rebound"],"picked":"Leap","floor":3.0},{"not_picked":["Beam Cell","Cold Snap"],"picked":"Self Repair","floor":4.0},{"not_picked":["Go for the Eyes","Hologram"],"picked":"Chill","floor":5.0},{"not_picked":["Fusion","Doom and Gloom"],"picked":"Sunder","floor":6.0},{"not_picked":["Lockon","Chill"],"picked":"Amplify","floor":8.0},{"not_picked":["Ball Lightning","Stack"],"picked":"Storm","floor":10.0},{"not_picked":["Skim","Streamline","Ball Lightning"],"picked":"SKIP","floor":11.0},{"not_picked":["Thunder Strike","Fission"],"picked":"Machine Learning","floor":16.0},{"not_picked":["Gash","Conserve Battery+1"],"picked":"Coolheaded","floor":18.0},{"not_picked":["Reinforced Body","Barrage"],"picked":"Coolheaded","floor":21.0},{"not_picked":["Force Field","Conserve Battery"],"picked":"Creative AI","floor":24.0},{"not_picked":["Genetic Algorithm","Stack"],"picked":"Hologram+1","floor":28.0},{"not_picked":["Doom and Gloom+1","Chaos+1","Compile Driver"],"picked":"SKIP","floor":29.0},{"not_picked":["Ball Lightning+1","Rebound+1","Leap"],"picked":"SKIP","floor":31.0},{"not_picked":["All For One+1","Rainbow"],"picked":"Reboot","floor":33.0},{"not_picked":["Glacier","BootSequence"],"picked":"White Noise","floor":35.0},{"not_picked":["Compile Driver+1","Leap"],"picked":"Consume","floor":36.0},{"not_picked":["Reprogram","Beam Cell+1","Stack+1"],"picked":"SKIP","floor":40.0},{"not_picked":["Force Field+1","Beam Cell+1"],"picked":"Loop+1","floor":42.0},{"not_picked":["Melter+1","Rip and Tear+1"],"picked":"Barrage+1","floor":45.0},{"not_picked":["Consume","Ball Lightning+1","Double Energy"],"picked":"Singing Bowl","floor":48.0}],"player_experience":330534,"relics_obtained":[{"floor":6.0,"key":"War Paint"},{"floor":8.0,"key":"Matryoshka"},{"floor":9.0,"key":"Pen Nib"},{"floor":9.0,"key":"Whetstone"},{"floor":10.0,"key":"Kunai"},{"floor":20.0,"key":"Necronomicon"},{"floor":24.0,"key":"Bag of Marbles"},{"floor":24.0,"key":"Turnip"},{"floor":26.0,"key":"Juzu Bracelet"},{"floor":26.0,"key":"Darkstone Periapt"},{"floor":28.0,"key":"Red Mask"},{"floor":29.0,"key":"White Beast Statue"},{"floor":29.0,"key":"Smiling Mask"},{"floor":31.0,"key":"Molten Egg 2"},{"floor":31.0,"key":"Bottled Lightning"},{"floor":34.0,"key":"Omamori"},{"floor":34.0,"key":"Blue Candle"},{"floor":34.0,"key":"TungstenRod"},{"floor":36.0,"key":"Calipers"},{"floor":40.0,"key":"HornCleat"},{"floor":40.0,"key":"Lizard Tail"},{"floor":42.0,"key":"MawBank"},{"floor":42.0,"key":"Cables"},{"floor":43.0,"key":"Orichalcum"},{"floor":45.0,"key":"Potion Belt"},{"floor":45.0,"key":"Singing Bowl"}],"event_choices":[{"damage_healed":0.0,"max_hp_gain":0.0,"max_hp_loss":0.0,"gold_gain":0.0,"event_name":"Shining Light","player_choice":"Entered Light","floor":2.0,"gold_loss":0.0,"damage_taken":15.0,"cards_upgraded":["Defend_B","Ball Lightning"]},{"damage_healed":0.0,"max_hp_gain":0.0,"max_hp_loss":0.0,"gold_gain":0.0,"event_name":"Scrap Ooze","player_choice":"Success","floor":12.0,"gold_loss":0.0,"damage_taken":12.0,"relics_obtained":["Boot"]},{"damage_healed":0.0,"max_hp_gain":0.0,"max_hp_loss":0.0,"gold_gain":30.0,"event_name":"Dead Adventurer","player_choice":"Searched \u00272\u0027 times","floor":13.0,"gold_loss":0.0,"damage_taken":0.0,"relics_obtained":["MealTicket"]},{"damage_healed":0.0,"max_hp_gain":5.0,"max_hp_loss":0.0,"gold_gain":0.0,"event_name":"Forgotten Altar","player_choice":"Shed Blood","floor":19.0,"gold_loss":0.0,"damage_taken":19.0},{"damage_healed":0.0,"max_hp_gain":0.0,"max_hp_loss":0.0,"gold_gain":0.0,"event_name":"Cursed Tome","player_choice":"Obtained Book","floor":20.0,"gold_loss":0.0,"damage_taken":16.0},{"damage_healed":0.0,"max_hp_gain":0.0,"max_hp_loss":0.0,"gold_gain":99.0,"event_name":"Nest","player_choice":"Stole From Cult","floor":25.0,"gold_loss":0.0,"damage_taken":0.0},{"damage_healed":0.0,"max_hp_gain":0.0,"max_hp_loss":0.0,"gold_gain":0.0,"event_name":"Ghosts","player_choice":"Ignored","floor":27.0,"gold_loss":0.0,"damage_taken":0.0},{"damage_healed":0.0,"max_hp_gain":0.0,"max_hp_loss":0.0,"gold_gain":0.0,"event_name":"Masked Bandits","player_choice":"Fought Bandits","floor":28.0,"gold_loss":0.0,"damage_taken":0.0},{"damage_healed":0.0,"max_hp_gain":0.0,"max_hp_loss":0.0,"gold_gain":0.0,"event_name":"MindBloom","player_choice":"Fight","floor":36.0,"gold_loss":0.0,"damage_taken":0.0},{"damage_healed":0.0,"max_hp_gain":0.0,"max_hp_loss":0.0,"gold_gain":0.0,"event_name":"The Woman in Blue","player_choice":"Bought 0 Potions","floor":37.0,"gold_loss":0.0,"damage_taken":0.0},{"cards_removed":["Coolheaded"],"damage_healed":0.0,"max_hp_gain":0.0,"max_hp_loss":0.0,"gold_gain":0.0,"event_name":"Falling","player_choice":"Removed Skill","floor":39.0,"gold_loss":0.0,"damage_taken":0.0},{"damage_healed":0.0,"max_hp_gain":0.0,"max_hp_loss":4.0,"gold_gain":0.0,"event_name":"Winding Halls","player_choice":"Max HP","floor":46.0,"gold_loss":0.0,"damage_taken":0.0}],"is_beta":false,"boss_relics":[{"not_picked":["Velvet Choker","Ectoplasm"],"picked":"Black Star"},{"not_picked":["Astrolabe","Philosopher\u0027s Stone"],"picked":"Calling Bell"}],"items_purged_floors":[22,38],"is_endless":false,"potions_floor_spawned":[1,3,8,18,28,31,33,35,36,40,42,45,48],"ascension_level":11}}