{"host":"h3ogdo6no3ehk88q","time":1613329557,"event":{"mods":["AchievementEnabler","BaseMod","Minty Spire (QoL Compilation)","StSLib","SuperFastMode"],"gold_per_floor":[112,124,124,190,190,190,215,140,140,140,140,157,170,184,195,45,74,74,174,174,188,188,216,231,231,231,260,260,260,260],"floor_reached":29,"language":"ENG","playtime":670,"items_purged":["Regret"],"score":414,"play_id":"fce4dffa-f084-4ef0-962b-a757aa52afac","local_time":"20210214140557","is_ascension_mode":true,"campfire_choices":[{"data":"Vigilance","floor":6,"key":"SMITH"},{"data":"CutThroughFate","floor":9,"key":"SMITH"},{"data":"Wallop","floor":18,"key":"SMITH"},{"floor":28,"key":"REST"}],"circlet_count":0,"master_deck":["AscendersBane","Strike_P","Strike_P","Strike_P","Strike_P","Defend_P+1","Defend_P","Defend_P","Defend_P","Eruption+1","Vigilance+1","Protect","Conclude","CutThroughFate+1","EmptyMind+1","CutThroughFate","Wallop+1","DevaForm","CurseOfTheBell","EmptyBody","Consecrate"],"relics":["PureWater","NeowsBlessing","Bag of Marbles","GoldenEye","Peace Pipe","Mercury Hourglass","Tiny Chest","Damaru","Calling Bell","War Paint","Pear","Calipers","Red Mask","Frozen Egg 2","Boot"],"acts_visited":["Exordium","TheCity"],"potions_floor_usage":[21,27,27,27],"damage_taken":[{"damage":0,"enemies":"Small Slimes","floor":1,"turns":1},{"damage":0,"enemies":"Jaw Worm","floor":2,"turns":1},{"damage":0,"enemies":"Lagavulin","floor":7,"turns":1},{"damage":0,"enemies":"2 Louse","floor":12,"turns":1},{"damage":0,"enemies":"Blue Slaver","floor":13,"turns":2},{"damage":0,"enemies":"2 Fungi Beasts","floor":14,"turns":2},{"damage":0,"enemies":"Looter","floor":15,"turns":1},{"damage":8,"enemies":"3 Sentries","floor":17,"turns":3},{"damage":22,"enemies":"The Guardian","floor":19,"turns":11},{"damage":35,"enemies":"Spheric Guardian","floor":21,"turns":4},{"damage":4,"enemies":"Masked Bandits","floor":23,"turns":3},{"damage":0,"enemies":"Chosen","floor":24,"turns":4},{"damage":20,"enemies":"Book of Stabbing","floor":27,"turns":7},{"damage":40,"enemies":"Sentry and Sphere","floor":29,"turns":3}],"seed_played":"-767008498840614650","potions_obtained":[{"floor":13,"key":"Weak Potion"},{"floor":14,"key":"SneckoOil"},{"floor":17,"key":"Block Potion"},{"floor":24,"key":"LiquidMemories"}],"is_trial":false,"path_per_floor":["M","M","?","?","?","R","E","$","R","T","T","M","M","M","M","$","E","R","B",null,"M","?","?","M","?","T","E","R","M"],"character_chosen":"WATCHER","items_purchased":["Tiny Chest"],"campfire_rested":1,"item_purchase_floors":[16],"current_hp_per_floor":[65,65,65,65,65,65,65,65,65,65,65,65,65,65,65,65,57,57,35,73,38,38,34,34,34,34,14,38,0,0],"gold":260,"neow_bonus":"THREE_ENEMY_KILL","is_daily":false,"chose_seed":false,"campfire_upgraded":3,"win_rate":0.0,"timestamp":1613329557,"path_taken":["M","M","?","?","?","R","E","$","R","T","T","M","M","M","?","$","E","R","BOSS","M","?","?","M","?","?","E","R","M"],"items_purchased_type":["Relic"],"build_version":"2020-12-22","purchased_purges":1,"victory":false,"max_hp_per_floor":[72,72,72,72,72,72,72,72,72,72,72,72,72,72,72,72,72,72,72,82,82,82,82,82,82,82,82,82,82,82],"card_choices":[{"not_picked":["SashWhip","FlurryOfBlows"],"picked":"Protect","floor":1},{"not_picked":["FlyingSleeves","Study"],"picked":"Conclude","floor":2},{"not_picked":["Sanctity","FlurryOfBlows"],"picked":"CutThroughFate","floor":7},{"not_picked":["Vengeance","PathToVictory","FollowUp"],"picked":"SKIP","floor":12},{"not_picked":["Crescendo","Sanctity"],"picked":"EmptyMind","floor":13},{"not_picked":["SandsOfTime","WreathOfFlame"],"picked":"CutThroughFate","floor":14},{"not_picked":["FlurryOfBlows","Study","Prostrate"],"picked":"SKIP","floor":15},{"not_picked":["Blasphemy","CarveReality"],"picked":"Wallop","floor":17},{"not_picked":["MasterReality","Alpha"],"picked":"DevaForm","floor":19},{"not_picked":["PathToVictory+1","JustLucky","SandsOfTime+1"],"picked":"SKIP","floor":21},{"not_picked":["FollowUp","CutThroughFate"],"picked":"EmptyBody","floor":23},{"not_picked":["CutThroughFate","LikeWater"],"picked":"Consecrate","floor":24},{"not_picked":["Evaluate+1","Swivel","FlyingSleeves+1"],"picked":"SKIP","floor":27}],"player_experience":859879,"relics_obtained":[{"floor":7,"key":"GoldenEye"},{"floor":10,"key":"Peace Pipe"},{"floor":11,"key":"Mercury Hourglass"},{"floor":17,"key":"Damaru"},{"floor":20,"key":"War Paint"},{"floor":20,"key":"Pear"},{"floor":20,"key":"Calipers"},{"floor":23,"key":"Red Mask"},{"floor":26,"key":"Frozen Egg 2"},{"floor":27,"key":"Boot"}],"event_choices":[{"damage_healed":0,"gold_gain":0,"player_choice":"Grow","damage_taken":0,"max_hp_gain":0,"max_hp_loss":0,"event_name":"Living Wall","floor":3,"gold_loss":0,"cards_upgraded":["Eruption"]},{"damage_healed":0,"gold_gain":66,"player_choice":"Gained Gold","damage_taken":0,"max_hp_gain":0,"max_hp_loss":0,"event_name":"Golden Wing","floor":4,"gold_loss":0},{"damage_healed":0,"gold_gain":0,"player_choice":"Box","damage_taken":0,"relics_obtained":["Bag of Marbles"],"max_hp_gain":0,"max_hp_loss":0,"event_name":"Big Fish","floor":5,"gold_loss":0,"cards_obtained":["Regret"]},{"damage_healed":0,"gold_gain":0,"player_choice":"Ignored","damage_taken":0,"max_hp_gain":0,"max_hp_loss":0,"event_name":"Vampires","floor":22,"gold_loss":0},{"damage_healed":0,"gold_gain":0,"player_choice":"Fought Bandits","damage_taken":0,"max_hp_gain":0,"max_hp_loss":0,"event_name":"Masked Bandits","floor":23,"gold_loss":0},{"damage_healed":0,"gold_gain":0,"player_choice":"Ignored","damage_taken":0,"max_hp_gain":0,"max_hp_loss":0,"event_name":"Ghosts","floor":25,"gold_loss":0}],"is_beta":false,"boss_relics":[{"not_picked":["Velvet Choker","Runic Dome"],"picked":"Calling Bell"}],"items_purged_floors":[8],"is_endless":false,"potions_floor_spawned":[13,14,17,24],"killed_by":"Sentry and Sphere","ascension_level":10}}