{"host":"2d926qfvvz477zl6","time":1613276658,"event":{"mods":["Aspiration","BaseMod","Bossed Relics","Challenge The Spire","Conspire","Downfall","Energized Spire","Gremlin Mod","GungeonMod","Halation","Hermit","Hubris","Infinite Spire","Marked Mod","Minty Spire (QoL Compilation)","Morshu Shopkeeper","Rare Cards Sparkle","Reliquary","Replay The Spire","Retaliation","Shedinja","Somnambulant","Spicy Shops","StSLib","Td1madao Mod","The Blue Laboratory","The Bug Knight","The Construct","The Cursed","The Disciple","The Hierophant","The IronCluck","The Senshi","Wandering Minibosses","Wide Potions","everything is the same but u backflip on backflip","slay the spire mod where everything is the same but ironclad has a cowboy hat"],"gold_per_floor":[99,99,99,549,628,644,644,444,444,444],"floor_reached":9,"language":"ENG","playtime":148,"items_purged":[],"score":99,"play_id":"2fa7748c-4cbe-4d8f-a215-b245af0d8482","local_time":"20210213232418","is_ascension_mode":true,"campfire_choices":[{"floor":1,"key":"RECALL"},{"data":"Shedinja:ShadowClaw","floor":8,"key":"SMITH"}],"circlet_count":0,"master_deck":["conspire:GhostlyStrike","conspire:GhostlyStrike","conspire:GhostlyStrike","conspire:GhostlyStrike","conspire:GhostlyStrike","conspire:GhostlyDefend","conspire:GhostlyDefend","conspire:GhostlyDefend","conspire:GhostlyDefend","conspire:GhostlyDefend","Shedinja:FocusSash","Shedinja:FocusSash","Shedinja:HYPERBEAM","downfall:Icky","downfall:Icky","downfall:Icky","Shedinja:ShadowClaw+1"],"relics":["Shedinja:WonderGuard","hubris:Icosahedron","ReplayTheSpireMod:Shallot","downfall:HeartBlessingRed","downfall:HeartBlessingBlue"],"acts_visited":["Exordium"],"potions_floor_usage":[],"damage_taken":[{"damage":0,"enemies":"Small Slimes","floor":6,"turns":3},{"damage":8,"enemies":"Gremlin Nob","floor":9,"turns":4}],"seed_played":"-1562582068185785399","potions_obtained":[],"is_trial":false,"path_per_floor":["R","?","?","?","T","M","T","R","E"],"character_chosen":"THE_DEFAULT","items_purchased":[],"campfire_rested":0,"item_purchase_floors":[],"current_hp_per_floor":[1,1,1,1,1,1,1,1,0,0],"gold":444,"neow_bonus":"THREE_RARE_CARDS","is_daily":false,"chose_seed":false,"campfire_upgraded":1,"win_rate":0.0,"timestamp":1613276658,"path_taken":["R","?","?","?","?","M","T","R","E"],"items_purchased_type":[],"build_version":"2020-12-22","purchased_purges":0,"victory":false,"max_hp_per_floor":[1,1,1,1,1,1,1,1,1,1],"card_choices":[{"not_picked":["Shedinja:PhantomForce","Shedinja:DoubleTeam"],"picked":"Shedinja:HYPERBEAM","floor":0},{"not_picked":["Shedinja:Harden","Shedinja:WillOWisp"],"picked":"Shedinja:ShadowClaw","floor":6}],"player_experience":412716,"relics_obtained":[{"floor":5,"key":"ReplayTheSpireMod:Shallot"}],"event_choices":[{"damage_healed":0,"gold_gain":0,"player_choice":"Agree","damage_taken":0,"max_hp_gain":0,"max_hp_loss":0,"event_name":"conspire:LoneGhost","floor":3,"gold_loss":0}],"is_beta":false,"boss_relics":[],"items_purged_floors":[],"is_endless":false,"potions_floor_spawned":[],"killed_by":"Gremlin Nob","ascension_level":1}}