{"host":"l7ku00cw7dmofayg","time":1613301734,"event":{"mods":["ATMod(°¢èªMod)","BaseMod","Dota2Spire","Marisa£¨ìFÓê¡¡Ä§ÀíÉ³£©","Minty Spire (QoL Compilation)","StSLib","The Invoker Mod"],"gold_per_floor":[119,394,413,429,445,479,479,511,564,564,26,36,87,122,122,219,219,279,293,218,218,257,315,315,373,373,431,431,441,441,455,455,554,554,591,608,627,71,84,84,102,132,157,216,216,275,275,285,285,285],"floor_reached":51,"language":"ZHS","playtime":1776,"items_purged":["Regret","OpenUniverse"],"score":1839,"play_id":"c5bbab8b-dd21-474a-be2e-c1c2fb1a5c0b","local_time":"20210214192214","is_ascension_mode":true,"campfire_choices":[{"floor":7.0,"key":"REST"},{"data":"AT_OneInchPunch","floor":10.0,"key":"SMITH"},{"data":"CollectingQuirk","floor":15.0,"key":"SMITH"},{"data":"ManaRampage","floor":24.0,"key":"SMITH"},{"data":"MaximisePower","floor":32.0,"key":"SMITH"},{"data":"CollectingQuirk","floor":40,"key":"SMITH"},{"data":"OortCloud","floor":45,"key":"SMITH"},{"data":"Acceleration","floor":47,"key":"SMITH"},{"floor":49,"key":"REST"}],"circlet_count":0,"master_deck":["AscendersBane","Strike_MRS+1","Strike_MRS+1","Strike_MRS+1","Defend_MRS+1","Defend_MRS+1","Defend_MRS+1","MasterSpark","UpSweep","AT_OneInchPunch+1","OortCloud+1","Acceleration","LuminesStrike","CollectingQuirk+1","IllusionStar","WitchOfGreed+1","AT_TearsDenial","OortCloud+1","GalacticHalo","ShootTheMoon","OortCloud+1","ManaRampage+1","UnstableBomb+1","MysteriousBeam+1","MaximisePower+1","PropBag","BigCrunch","Acceleration+1","UltimateShortwave","PropBag","GravityBeat+1","AsteroidBelt","CollectingQuirk+1","EarthLightRay"],"relics":["MiniHakkero","AT_ATBox","NeowsBlessing","Dota2Spire:AghanimScepter","Kunai","Dota2Spire:ArmletOfMordiggian","Frozen Egg 2","Bronze Scales","Dota2Spire:RefresherOrb","HornCleat","Mercury Hourglass","InkBottle","AT_BellowingDragoncrestRing","Dota2Spire:Bloodstone","SimpleLauncher","Vajra","Dota2Spire:Satanic","Smiling Mask","AT_ChloranthyRing"],"acts_visited":["Exordium","TheCity","TheBeyond"],"potions_floor_usage":[],"damage_taken":[{"damage":0.0,"enemies":"Cultist","floor":1.0,"turns":1.0},{"damage":0.0,"enemies":"2 Louse","floor":3.0,"turns":2.0},{"damage":0.0,"enemies":"Jaw Worm","floor":4.0,"turns":1.0},{"damage":13.0,"enemies":"Looter","floor":5.0,"turns":3.0},{"damage":25.0,"enemies":"Lagavulin","floor":6.0,"turns":5.0},{"damage":10.0,"enemies":"Gremlin Nob","floor":8.0,"turns":4.0},{"damage":0.0,"enemies":"Lots of Slimes","floor":12.0,"turns":2.0},{"damage":8.0,"enemies":"3 Sentries","floor":13.0,"turns":7.0},{"damage":0.0,"enemies":"Large Slime","floor":14.0,"turns":5.0},{"damage":37.0,"enemies":"Slime Boss","floor":16.0,"turns":7.0},{"damage":17.0,"enemies":"Shell Parasite","floor":18.0,"turns":5.0},{"damage":0.0,"enemies":"Spheric Guardian","floor":19.0,"turns":2.0},{"damage":0.0,"enemies":"Shelled Parasite and Fungi","floor":22.0,"turns":4.0},{"damage":0.0,"enemies":"Book of Stabbing","floor":23.0,"turns":5.0},{"damage":0.0,"enemies":"Gremlin Leader","floor":25.0,"turns":6.0},{"damage":0.0,"enemies":"Book of Stabbing","floor":27.0,"turns":4.0},{"damage":0.0,"enemies":"Centurion and Healer","floor":29.0,"turns":1.0},{"damage":10.0,"enemies":"Snake Plant","floor":31.0,"turns":2.0},{"damage":0.0,"enemies":"Automaton","floor":33.0,"turns":5.0},{"damage":1.0,"enemies":"3 Darklings","floor":35.0,"turns":4.0},{"damage":11.0,"enemies":"Orb Walker","floor":36.0,"turns":2.0},{"damage":0.0,"enemies":"Sphere and 2 Shapes","floor":37.0,"turns":2.0},{"damage":12,"enemies":"4 Shapes","floor":39,"turns":2},{"damage":0,"enemies":"Spire Growth","floor":41,"turns":1},{"damage":0,"enemies":"Reptomancer","floor":42,"turns":2},{"damage":0,"enemies":"Nemesis","floor":44,"turns":3},{"damage":0,"enemies":"Giant Head","floor":46,"turns":3},{"damage":0,"enemies":"3 Darklings","floor":48,"turns":2},{"damage":0,"enemies":"Awakened One","floor":50,"turns":3}],"seed_played":"4769002265900297503","potions_obtained":[{"floor":3.0,"key":"Explosive Potion"},{"floor":12.0,"key":"Weak Potion"},{"floor":14.0,"key":"DuplicationPotion"},{"floor":14.0,"key":"Dota2Spire:HealingSalve"},{"floor":16.0,"key":"Ancient Potion"},{"floor":18.0,"key":"AttackPotion"},{"floor":18.0,"key":"Block Potion"},{"floor":22.0,"key":"Weak Potion"},{"floor":25.0,"key":"Ancient Potion"},{"floor":27.0,"key":"Dota2Spire:HealingSalve"},{"floor":31.0,"key":"Fruit Juice"},{"floor":33.0,"key":"SmokeBomb"},{"floor":35.0,"key":"ColorlessPotion"}],"is_trial":false,"path_per_floor":["M","?","M","M","M","E","R","E","T","R","$","M","E","M","R","B",null,"M","M","$","?","M","E","R","E","T","E","?","M","?","M","R","B",null,"M","M","M","$","M","R","M","E","T","E","R","E","R","M","R","B",null],"character_chosen":"MARISA","items_purchased":["Frozen Egg 2","WitchOfGreed+1","AT_TearsDenial","ManaRampage","SimpleLauncher","Vajra"],"campfire_rested":2,"item_purchase_floors":[11,11,11,20,38,38],"current_hp_per_floor":[68,68,68,68,55,30,52,42,42,42,42,42,34,34,34,6,58,41,41,41,41,41,41,41,41,41,41,41,41,41,39,39,39,70,69,58,58,58,46,46,46,46,46,46,46,46,46,46,70,74],"gold":285,"neow_bonus":"THREE_ENEMY_KILL","is_daily":false,"chose_seed":false,"campfire_upgraded":7,"win_rate":0.0,"timestamp":1613301734,"path_taken":["M","?","?","M","M","E","R","E","T","R","$","M","E","M","R","BOSS","M","M","$","?","M","E","R","E","T","E","?","M","?","M","R","BOSS","M","M","M","$","M","R","M","E","T","E","R","E","R","M","R","BOSS"],"items_purchased_type":["Relic","Card","Card","Card","Relic","Relic"],"build_version":"2020-12-22","purchased_purges":2,"victory":true,"max_hp_per_floor":[75,75,75,75,75,75,75,75,75,75,75,75,75,75,75,75,75,75,75,75,75,75,75,75,75,75,75,75,75,75,80,80,80,80,80,80,80,80,80,80,80,80,80,80,80,80,80,80,80,80],"card_choices":[{"not_picked":["GravityBeat","AsteroidBelt"],"picked":"OortCloud","floor":1.0},{"not_picked":["PowerUp","DC","ShootingEcho"],"picked":"SKIP","floor":3.0},{"not_picked":["StarlightTyphoon","EarthLightRay"],"picked":"Acceleration","floor":4.0},{"not_picked":["ShootTheMoon","MysteriousBeam"],"picked":"LuminesStrike","floor":5.0},{"not_picked":["6A","WitchLeyline"],"picked":"CollectingQuirk","floor":6.0},{"not_picked":["DoubleSpark","MachineGunSpark"],"picked":"IllusionStar","floor":8.0},{"not_picked":["ChargeUpSpray","GrandCross"],"picked":"OortCloud+1","floor":12.0},{"not_picked":["GasGiant","DoubleSpark"],"picked":"GalacticHalo","floor":13.0},{"not_picked":["GravityBeat","GalacticHalo","DC"],"picked":"SKIP","floor":14.0},{"not_picked":["OneTimeOff","Orbital"],"picked":"ShootTheMoon","floor":18.0},{"not_picked":["OneTimeOff","ShootingEcho"],"picked":"OortCloud+1","floor":19.0},{"not_picked":["GasGiant","ShootingEcho"],"picked":"UnstableBomb+1","floor":22.0},{"not_picked":["EventHorizon+1","MilkyWay"],"picked":"MysteriousBeam+1","floor":23.0},{"not_picked":["GasGiant+1","OneTimeOff"],"picked":"MaximisePower","floor":25.0},{"not_picked":["GravityBeat","MachineGunSpark","BigCrunch"],"picked":"SKIP","floor":27.0},{"not_picked":["MilkyWay+1","RefractionSpark"],"picked":"PropBag","floor":29.0},{"not_picked":["WitchOfGreed+1","BlazeAway"],"picked":"Acceleration","floor":31.0},{"not_picked":["BinaryStars","MaximisePower"],"picked":"UltimateShortwave","floor":33.0},{"not_picked":["SporeBomb","MeteoricShower"],"picked":"PropBag","floor":35.0},{"not_picked":["PowerUp","GrandCross"],"picked":"GravityBeat+1","floor":36.0},{"not_picked":["DoubleSpark","MysteriousBeam+1"],"picked":"AsteroidBelt","floor":37.0},{"not_picked":["AlicesGift","6A"],"picked":"CollectingQuirk","floor":39},{"not_picked":["GalacticHalo+1","ShootingEcho+1","NonDirectionalLaser+1"],"picked":"SKIP","floor":41},{"not_picked":["GalacticHalo","RefractionSpark+1","AlicesGift"],"picked":"SKIP","floor":42},{"not_picked":["6A+1","ChargeUpSpray","MachineGunSpark"],"picked":"SKIP","floor":44},{"not_picked":["GasGiant","EnergyRecoil"],"picked":"EarthLightRay","floor":46},{"not_picked":["FairyDestructionRay","Occultation","NonDirectionalLaser"],"picked":"SKIP","floor":48}],"player_experience":54537,"relics_obtained":[{"floor":6.0,"key":"Dota2Spire:AghanimScepter"},{"floor":8.0,"key":"Kunai"},{"floor":9.0,"key":"Dota2Spire:ArmletOfMordiggian"},{"floor":13.0,"key":"Bronze Scales"},{"floor":23.0,"key":"HornCleat"},{"floor":25.0,"key":"Mercury Hourglass"},{"floor":26.0,"key":"InkBottle"},{"floor":27.0,"key":"AT_BellowingDragoncrestRing"},{"floor":42,"key":"Dota2Spire:Satanic"},{"floor":43,"key":"Smiling Mask"},{"floor":44,"key":"AT_ChloranthyRing"}],"event_choices":[{"damage_healed":0.0,"max_hp_gain":0.0,"max_hp_loss":0.0,"gold_gain":275.0,"event_name":"Golden Shrine","player_choice":"Desecrate","floor":2.0,"gold_loss":0.0,"damage_taken":0.0,"cards_obtained":["Regret"]},{"damage_healed":0.0,"max_hp_gain":0.0,"max_hp_loss":0.0,"gold_gain":0.0,"event_name":"Back to Basics","player_choice":"Simplicity","floor":21.0,"gold_loss":0.0,"damage_taken":0.0,"cards_upgraded":["Strike_MRS","Strike_MRS","Strike_MRS","Strike_MRS","Defend_MRS","Defend_MRS","Defend_MRS","Defend_MRS"]},{"damage_healed":0.0,"max_hp_gain":0.0,"max_hp_loss":0.0,"gold_gain":0.0,"event_name":"Vampires","player_choice":"Ignored","floor":28.0,"gold_loss":0.0,"damage_taken":0.0},{"damage_healed":0.0,"max_hp_gain":0.0,"max_hp_loss":0.0,"gold_gain":0.0,"cards_transformed":["Defend_MRS","Strike_MRS"],"event_name":"Drug Dealer","player_choice":"Became Test Subject","floor":30.0,"gold_loss":0.0,"damage_taken":0.0,"cards_obtained":["BigCrunch","OpenUniverse"]}],"is_beta":false,"boss_relics":[{"not_picked":["Runic Dome","Fusion Hammer"],"picked":"Dota2Spire:RefresherOrb"},{"not_picked":["RampagingMagicTools","Velvet Choker"],"picked":"Dota2Spire:Bloodstone"}],"items_purged_floors":[11,38],"is_endless":false,"potions_floor_spawned":[3,12,14,16,27,29,31,33,36,41,46,48],"ascension_level":13}}