{"host":"nb0njn8rev1rbh86","time":1613263327,"event":{"mods":["BaseMod","Colored Map","Colored Powertips","Minty Spire (QoL Compilation)","Reliquary","StSLib"],"gold_per_floor":[114,114,114,33,33,33,58,133,160,180,196,212,272,297,297,297,297],"floor_reached":16,"language":"ENG","playtime":590,"items_purged":[],"score":108,"play_id":"4693c955-23f6-4f90-8ab4-48e3e4a7ac82","local_time":"20210214014207","is_ascension_mode":false,"campfire_choices":[{"data":"Defend_R","floor":6,"key":"SMITH"},{"data":"Iron Wave","floor":15,"key":"SMITH"}],"circlet_count":0,"master_deck":["Strike_R","Strike_R","Strike_R","Strike_R","Defend_R+1","Defend_R","Defend_R","Defend_R","Bash+1","Battle Trance","Inflame+1","Iron Wave+1","Ghostly Armor","True Grit","Shrug It Off"],"relics":["Burning Blood","reliquary:JackalopeAntler","MealTicket","Akabeko","Vajra","Magic Flower"],"acts_visited":["Exordium"],"potions_floor_usage":[13,13,14],"damage_taken":[{"damage":1,"enemies":"Jaw Worm","floor":1,"turns":4},{"damage":22,"enemies":"3 Sentries","floor":7,"turns":10},{"damage":0,"enemies":"2 Louse","floor":10,"turns":3},{"damage":0,"enemies":"Small Slimes","floor":11,"turns":3},{"damage":0,"enemies":"2 Fungi Beasts","floor":12,"turns":3},{"damage":6,"enemies":"Gremlin Nob","floor":13,"turns":3},{"damage":19,"enemies":"Gremlin Nob","floor":14,"turns":4},{"damage":0,"enemies":"Hexaghost","floor":16,"turns":1}],"seed_played":"-8545807598844273781","potions_obtained":[{"floor":11,"key":"DistilledChaos"},{"floor":12,"key":"LiquidMemories"},{"floor":13,"key":"SpeedPotion"},{"floor":14,"key":"Explosive Potion"}],"is_trial":false,"path_per_floor":["M","?","?","$","?","R","E","?","T","M","M","M","?","E","R","B"],"character_chosen":"IRONCLAD","items_purchased":["Inflame"],"campfire_rested":0,"item_purchase_floors":[4],"current_hp_per_floor":[80,68,61,61,61,61,45,34,34,40,46,52,52,39,39,39,39],"gold":297,"neow_bonus":"UPGRADE_CARD","is_daily":false,"chose_seed":false,"campfire_upgraded":2,"win_rate":0.0,"timestamp":1613263327,"path_taken":["M","?","?","$","?","R","E","?","T","M","M","M","?","E","R","BOSS"],"items_purchased_type":["Card"],"build_version":"2020-12-22","purchased_purges":0,"victory":false,"max_hp_per_floor":[80,80,80,80,80,80,80,80,80,80,80,80,80,80,80,80,80],"card_choices":[{"not_picked":["Armaments","Anger"],"picked":"Battle Trance","floor":1},{"not_picked":["Warcry","Headbutt"],"picked":"Iron Wave","floor":7},{"not_picked":["Infernal Blade","Fiend Fire","Metallicize"],"picked":"SKIP","floor":10},{"not_picked":["Heavy Blade","Fire Breathing"],"picked":"Ghostly Armor","floor":11},{"not_picked":["Burning Pact","Wild Strike"],"picked":"True Grit","floor":12},{"not_picked":["Iron Wave","Reaper"],"picked":"Shrug It Off","floor":14}],"player_experience":394705,"relics_obtained":[{"floor":7,"key":"MealTicket"},{"floor":9,"key":"Akabeko"},{"floor":13,"key":"Vajra"},{"floor":14,"key":"Magic Flower"}],"event_choices":[{"damage_healed":0,"gold_gain":0,"player_choice":"Success","damage_taken":12,"relics_obtained":["reliquary:JackalopeAntler"],"max_hp_gain":0,"max_hp_loss":0,"event_name":"Scrap Ooze","floor":2,"gold_loss":0},{"cards_removed":["Strike_R"],"damage_healed":0,"gold_gain":0,"player_choice":"Card Removal","damage_taken":7,"max_hp_gain":0,"max_hp_loss":0,"event_name":"Golden Wing","floor":3,"gold_loss":0},{"damage_healed":0,"gold_gain":0,"player_choice":"Grow","damage_taken":0,"max_hp_gain":0,"max_hp_loss":0,"event_name":"Living Wall","floor":5,"gold_loss":0,"cards_upgraded":["Inflame"]},{"damage_healed":0,"gold_gain":75,"player_choice":"Gather Gold","damage_taken":11,"max_hp_gain":0,"max_hp_loss":0,"event_name":"World of Goop","floor":8,"gold_loss":0},{"damage_healed":0,"gold_gain":30,"player_choice":"Searched \u00272\u0027 times","damage_taken":0,"max_hp_gain":0,"max_hp_loss":0,"event_name":"Dead Adventurer","floor":13,"gold_loss":0}],"is_beta":false,"boss_relics":[],"items_purged_floors":[],"is_endless":false,"potions_floor_spawned":[11,12,13,14],"killed_by":"Hexaghost","ascension_level":0}}