{"host":"jm9833yuloeli2yd","time":1613323305,"event":{"mods":["BaseMod","Better Altar","Better Match","Better Note","Better Sensory Stone","Better Skull","Better Third Choice","Better Vampires","BetterRewards","Colored Map","Colored Powertips","DeckTracker","Minty Spire (QoL Compilation)","Permanent Neow","Quick Restart","StSLib","SuperFastMode"],"gold_per_floor":[109,109,128,145,13,45,45,80,103,128,140,153,153,184,184,258,258,218,236,0,0,14,14,14],"floor_reached":23,"language":"ENG","playtime":900,"items_purged":["Strike_G"],"score":442,"play_id":"de7324a6-7d3e-4b5d-81c5-faeba0ab5212","local_time":"20210214122145","is_ascension_mode":true,"campfire_choices":[{"data":"Dash","floor":7.0,"key":"SMITH"},{"data":"Noxious Fumes","floor":13.0,"key":"SMITH"},{"data":"Bouncing Flask","floor":15.0,"key":"SMITH"}],"circlet_count":0,"master_deck":["AscendersBane","Strike_G","Strike_G","Defend_G","Defend_G+1","Defend_G","Defend_G+1","Defend_G","Survivor","Neutralize+1","Well Laid Plans","Poisoned Stab","Bouncing Flask+1","Dash+1","Escape Plan","All Out Attack","Noxious Fumes+1","Escape Plan","Deflect","Backflip","Burst","Footwork","Caltrops","Footwork","Dodge and Roll"],"relics":["Ring of the Snake","Oddly Smooth Stone","Blood Vial","Tiny Chest","War Paint","Toy Ornithopter","The Courier","Empty Cage","Membership Card"],"acts_visited":["Exordium","TheCity"],"potions_floor_usage":[23],"damage_taken":[{"damage":1.0,"enemies":"Small Slimes","floor":1.0,"turns":4.0},{"damage":2.0,"enemies":"Cultist","floor":3.0,"turns":4.0},{"damage":0.0,"enemies":"2 Louse","floor":4.0,"turns":3.0},{"damage":6.0,"enemies":"Lagavulin","floor":6.0,"turns":8.0},{"damage":22.0,"enemies":"3 Sentries","floor":8.0,"turns":11.0},{"damage":7.0,"enemies":"Lagavulin","floor":10.0,"turns":6.0},{"damage":0.0,"enemies":"Looter","floor":11.0,"turns":4.0},{"damage":0.0,"enemies":"2 Fungi Beasts","floor":12.0,"turns":3.0},{"damage":10.0,"enemies":"3 Sentries","floor":14.0,"turns":5.0},{"damage":44.0,"enemies":"Slime Boss","floor":16.0,"turns":10.0},{"damage":5.0,"enemies":"2 Thieves","floor":18.0,"turns":2.0},{"damage":0.0,"enemies":"Shell Parasite","floor":19.0,"turns":8.0},{"damage":17.0,"enemies":"Snecko","floor":22.0,"turns":8.0},{"damage":55,"enemies":"Gremlin Leader","floor":23,"turns":7}],"seed_played":"5298671515466343839","potions_obtained":[{"floor":8.0,"key":"FairyPotion"},{"floor":10.0,"key":"SmokeBomb"},{"floor":11.0,"key":"Poison Potion"},{"floor":16.0,"key":"SmokeBomb"},{"floor":19.0,"key":"Fire Potion"},{"floor":22.0,"key":"BlessingOfTheForge"}],"is_trial":false,"path_per_floor":["M","?","M","M","$","E","R","E","T","E","M","M","R","E","R","B",null,"M","M","$","?","M","E"],"character_chosen":"THE_SILENT","items_purchased":["Dash","Block Potion","Membership Card","Caltrops","Footwork"],"campfire_rested":0,"item_purchase_floors":[5,5,20,20,20],"current_hp_per_floor":[58,58,56,56,56,50,50,30,30,25,27,29,29,21,21,5,51,53,55,55,55,40,0,0],"gold":14,"neow_bonus":"RANDOM_COMMON_RELIC","is_daily":false,"chose_seed":false,"campfire_upgraded":3,"win_rate":0.0,"timestamp":1613323305,"path_taken":["M","?","?","M","?","E","R","E","T","E","M","M","R","E","R","BOSS","M","M","$","?","M","E"],"items_purchased_type":["Card","Potion","Relic","Card","Card"],"build_version":"2020-12-22","purchased_purges":1,"victory":false,"max_hp_per_floor":[66,66,66,66,66,66,66,66,66,66,66,66,66,66,66,66,66,66,66,66,66,66,66,66],"card_choices":[{"not_picked":["Deflect","Outmaneuver"],"picked":"Well Laid Plans","floor":1.0},{"not_picked":["Concentrate","Dodge and Roll"],"picked":"Poisoned Stab","floor":3.0},{"not_picked":["Backflip","Sucker Punch"],"picked":"Bouncing Flask","floor":4.0},{"not_picked":["Leg Sweep","Flying Knee"],"picked":"Escape Plan","floor":6.0},{"not_picked":["Dagger Throw","Backflip"],"picked":"All Out Attack","floor":8.0},{"not_picked":["Expertise","Skewer"],"picked":"Noxious Fumes","floor":10.0},{"not_picked":["Calculated Gamble","Bullet Time"],"picked":"Escape Plan","floor":11.0},{"not_picked":["Bouncing Flask","Flying Knee"],"picked":"Deflect","floor":12.0},{"not_picked":["Acrobatics","Deadly Poison"],"picked":"Backflip","floor":14.0},{"not_picked":["Tools of the Trade","A Thousand Cuts"],"picked":"Burst","floor":16.0},{"not_picked":["Terror","Cloak And Dagger"],"picked":"Footwork","floor":19.0},{"not_picked":["Prepared","Terror"],"picked":"Dodge and Roll","floor":22.0}],"player_experience":1363703,"relics_obtained":[{"floor":6.0,"key":"Blood Vial"},{"floor":8.0,"key":"Tiny Chest"},{"floor":9.0,"key":"War Paint"},{"floor":10.0,"key":"Toy Ornithopter"},{"floor":14.0,"key":"The Courier"}],"event_choices":[{"damage_healed":0.0,"max_hp_gain":0.0,"max_hp_loss":0.0,"gold_gain":0.0,"event_name":"Upgrade Shrine","player_choice":"Upgraded","floor":2.0,"gold_loss":0.0,"damage_taken":0.0,"cards_upgraded":["Neutralize"]}],"is_beta":false,"boss_relics":[{"not_picked":["Ring of the Serpent","Black Star"],"picked":"Empty Cage"}],"items_purged_floors":[20],"is_endless":false,"potions_floor_spawned":[8,10,11,12,16,19,22],"killed_by":"Gremlin Leader","ascension_level":20}}