{"host":"vyjryxuuuxkt43k4","time":1613308680,"event":{"mods":["AchievementEnabler","BaseMod","Colored Map","DeckTracker","Keyboard Shortcuts","Minty Spire (QoL Compilation)","Permanent Neow","Quick Restart","StSLib","SuperFastMode","everything is the same but u backflip on backflip"],"gold_per_floor":[112,112,123,133,133,133,160,160,186,186,186],"floor_reached":10,"language":"KOR","playtime":238,"items_purged":[],"score":132,"play_id":"94883bd9-8fef-4b1b-b298-6502b756112d","local_time":"20210214221800","is_ascension_mode":true,"campfire_choices":[{"data":"Skewer","floor":6.0,"key":"SMITH"},{"data":"Neutralize","floor":8.0,"key":"SMITH"}],"circlet_count":0,"master_deck":["AscendersBane","Strike_G","Strike_G+1","Strike_G+1","Strike_G","Defend_G","Defend_G","Defend_G","Defend_G","Defend_G","Survivor","Neutralize+1","Skewer+1","Backstab","PiercingWail"],"relics":["Ring of the Snake","Akabeko","Ginger","Whetstone"],"acts_visited":["Exordium"],"potions_floor_usage":[10,10],"damage_taken":[{"damage":5.0,"enemies":"2 Louse","floor":1.0,"turns":4.0},{"damage":0.0,"enemies":"Small Slimes","floor":3.0,"turns":4.0},{"damage":1.0,"enemies":"Jaw Worm","floor":4.0,"turns":2.0},{"damage":27.0,"enemies":"3 Sentries","floor":7.0,"turns":7.0},{"damage":40,"enemies":"Gremlin Nob","floor":10,"turns":5}],"seed_played":"-4041489222215605871","potions_obtained":[{"floor":3.0,"key":"Dexterity Potion"},{"floor":7.0,"key":"Regen Potion"}],"is_trial":false,"path_per_floor":["M","?","M","M","?","R","E","R","T","E"],"character_chosen":"THE_SILENT","items_purchased":[],"campfire_rested":0,"item_purchase_floors":[],"current_hp_per_floor":[54,59,59,58,47,47,20,20,20,0,0],"gold":186,"neow_bonus":"TRANSFORM_CARD","is_daily":false,"chose_seed":false,"campfire_upgraded":2,"win_rate":0.0,"timestamp":1613308680,"path_taken":["M","?","M","M","?","R","E","R","T","E"],"items_purchased_type":[],"build_version":"2020-12-22","purchased_purges":0,"victory":false,"max_hp_per_floor":[66,71,71,71,71,71,71,71,71,71,71],"card_choices":[{"not_picked":["Slice","Bouncing Flask"],"picked":"Backstab","floor":1.0},{"not_picked":["Backflip","Riddle With Holes","Deadly Poison"],"picked":"SKIP","floor":3.0},{"not_picked":["Flying Knee","Bane","Deflect"],"picked":"SKIP","floor":4.0},{"not_picked":["Dagger Throw","Deflect"],"picked":"PiercingWail","floor":7.0}],"player_experience":984730,"relics_obtained":[{"floor":7.0,"key":"Ginger"},{"floor":9.0,"key":"Whetstone"}],"event_choices":[{"damage_healed":0.0,"max_hp_gain":5.0,"max_hp_loss":0.0,"gold_gain":0.0,"event_name":"Big Fish","player_choice":"Donut","floor":2.0,"gold_loss":0.0,"damage_taken":0.0},{"damage_healed":0.0,"max_hp_gain":0.0,"max_hp_loss":0.0,"gold_gain":0.0,"event_name":"Scrap Ooze","player_choice":"Success","floor":5.0,"gold_loss":0.0,"damage_taken":11.0,"relics_obtained":["Akabeko"]}],"is_beta":false,"boss_relics":[],"items_purged_floors":[],"is_endless":false,"potions_floor_spawned":[3,7],"killed_by":"Gremlin Nob","ascension_level":20}}