{"host":"gaqyve1328ta0etl","time":1613268779,"event":{"mods":["BaseMod","Colored Map","Colored Powertips","Duelist Mod","Googly Eyes","Hero for Fun","Minty Spire (QoL Compilation)","Shop Mod","StSLib","SuperFastMode","The Hierophant","The Runesmith"],"gold_per_floor":[145,47,47,63,14,14,32,49,49,59,59,72,88,118,118,216,216,230,230,211,54,54,54,83,83,107,107,118,129,141,141,141,241,241,255,7,24,0,15,15,41,41,41,41,41,66,66,82,82,82],"floor_reached":51,"language":"ENG","playtime":1826,"items_purged":["theDuelist:CastleWalls","theDuelist:LesserDragon"],"score":838,"play_id":"1999aa76-8401-4095-b9f5-f8e35a542df0","local_time":"20210213181259","is_ascension_mode":true,"campfire_choices":[{"data":"theDuelist:CyberTwinDragon","floor":6,"key":"SMITH"},{"floor":11,"key":"REST"},{"floor":15,"key":"REST"},{"data":"theDuelist:Lancephorhynchus","floor":23,"key":"SMITH"},{"floor":25,"key":"REST"},{"data":"theDuelist:DragonMirror","floor":27,"key":"SMITH"},{"floor":32,"key":"REST"},{"data":"theDuelist:DragonMastery","floor":40,"key":"SMITH"},{"floor":47,"key":"REST"},{"data":"theDuelist:BeserkDragon","floor":49,"key":"SMITH"}],"circlet_count":0,"master_deck":["theDuelist:BabyDragon","theDuelist:CaveDragon","theDuelist:CaveDragon","theDuelist:YamataDragon","theDuelist:CyberDinosaur","theDuelist:AncientPixieDragon+1","theDuelist:MirageDragon","theDuelist:CyberTwinDragon+1","theDuelist:Duoterion","theDuelist:BlockGolem","theDuelist:CyberDragonCore","theDuelist:BeserkDragon+1","theDuelist:DragonMirror+1","theDuelist:Lancephorhynchus+1","theDuelist:SeismicShockwave","theDuelist:BerserkScales+1","theDuelist:DragonMastery+1","Parasite","theDuelist:Raigeki+1","theDuelist:JurassicImpact+1"],"relics":["theDuelist:MillenniumPuzzle","theDuelist:CardPoolRelic","theDuelist:CardPoolBasicRelic","theDuelist:BoosterPackPoolRelic","theDuelist:CardPoolAddRelic","theDuelist:CardPoolMinusRelic","theDuelist:CardPoolSaveRelic","theDuelist:CardPoolOptionsRelic","Bottled Flame","theDuelist:DragonRelicC","Empty Cage","theDuelist:NamelessPowerRelicA","ClockworkSouvenir","TungstenRod","Akabeko","SlaversCollar","Red Mask","theDuelist:DuelistTeaSet","Darkstone Periapt","Toy Ornithopter"],"acts_visited":["Exordium","TheCity","TheBeyond"],"potions_floor_usage":[14,24,24,33,50],"damage_taken":[{"damage":1,"enemies":"Cultist","floor":1,"turns":3},{"damage":2,"enemies":"2 Louse","floor":4,"turns":2},{"damage":0,"enemies":"Small Slimes","floor":7,"turns":2},{"damage":8,"enemies":"Exordium Wildlife","floor":8,"turns":3},{"damage":10,"enemies":"Large Slime","floor":10,"turns":2},{"damage":6,"enemies":"Blue Slaver","floor":12,"turns":2},{"damage":0,"enemies":"2 Fungi Beasts","floor":13,"turns":1},{"damage":12,"enemies":"3 Sentries","floor":14,"turns":6},{"damage":10,"enemies":"Hexaghost","floor":16,"turns":7},{"damage":0,"enemies":"3 Byrds","floor":18,"turns":4},{"damage":60,"enemies":"Slavers","floor":24,"turns":8},{"damage":14,"enemies":"Shell Parasite","floor":28,"turns":5},{"damage":0,"enemies":"3 Cultists","floor":29,"turns":3},{"damage":0,"enemies":"Chosen and Byrds","floor":30,"turns":5},{"damage":0,"enemies":"Automaton","floor":33,"turns":10},{"damage":3,"enemies":"3 Shapes","floor":35,"turns":6},{"damage":0,"enemies":"3 Darklings","floor":37,"turns":6},{"damage":12,"enemies":"Writhing Mass","floor":39,"turns":5},{"damage":0,"enemies":"Giant Head","floor":41,"turns":5},{"damage":33,"enemies":"Reptomancer","floor":46,"turns":7},{"damage":3,"enemies":"Spire Growth","floor":48,"turns":5},{"damage":28,"enemies":"Donu and Deca","floor":50,"turns":8}],"seed_played":"6688563766552923860","potions_obtained":[{"floor":1,"key":"Weak Potion"},{"floor":7,"key":"theDuelist:WaterBottle"},{"floor":13,"key":"theDuelist:VampireVial"},{"floor":14,"key":"AttackPotion"},{"floor":28,"key":"theDuelist:SteelBrew"},{"floor":30,"key":"SpeedPotion"},{"floor":37,"key":"theDuelist:SealedPackB"},{"floor":48,"key":"theDuelist:FlamingBottle"}],"is_trial":false,"path_per_floor":["M","$","?","M","$","R","M","M","T","M","R","M","M","E","R","B",null,"M","?","?","$","?","R","E","R","T","R","M","M","M","?","R","B",null,"M","$","M","?","M","R","E","$","T","$","?","E","R","M","R","B",null],"character_chosen":"THE_DUELIST","items_purchased":["theDuelist:MirageDragon","theDuelist:Duoterion","ClockworkSouvenir","theDuelist:DragonMastery"],"campfire_rested":5,"item_purchase_floors":[2,5,21,36],"current_hp_per_floor":[55,55,55,53,53,53,53,45,45,35,59,53,53,41,65,55,80,80,80,97,97,97,97,37,66,66,66,52,52,52,52,79,79,91,88,88,87,87,75,75,75,75,75,75,75,42,66,63,63,40],"gold":82,"neow_bonus":"TRANSFORM_TWO_CARDS","is_daily":false,"chose_seed":false,"campfire_upgraded":5,"win_rate":0.0,"timestamp":1613268779,"path_taken":["M","?","?","?","?","R","M","?","T","M","R","M","M","E","R","BOSS","M","?","?","?","?","R","E","R","T","R","M","M","?","?","R","BOSS","M","$","M","?","M","R","E","$","T","$","?","E","R","M","R","BOSS"],"items_purchased_type":["Card","Card","Relic","Card"],"build_version":"2020-12-22","purchased_purges":2,"victory":true,"max_hp_per_floor":[80,80,80,80,80,80,80,80,80,80,80,80,80,80,80,80,80,80,80,97,97,97,97,97,97,97,97,97,95,93,93,93,91,91,89,89,87,87,85,85,83,83,83,83,83,81,81,79,79,77],"card_choices":[{"not_picked":["theDuelist:YamataDragon","theDuelist:Pyrorex","theDuelist:LesserDragon","theDuelist:BusterBlader","theDuelist:CyberEndDragon"],"picked":"SKIP","floor":1},{"not_picked":["theDuelist:FireDarts","theDuelist:EvolutionBurst","theDuelist:VolcanicEruption","theDuelist:TotemDragon"],"picked":"theDuelist:CyberTwinDragon","floor":4},{"not_picked":["theDuelist:BigFire","theDuelist:RainbowOverdragon","theDuelist:Terraforming","theDuelist:PurplePainOni"],"picked":"theDuelist:BlockGolem","floor":7},{"not_picked":["theDuelist:MadSwordBeast","theDuelist:Beatraptor","theDuelist:Anthrosaurus","theDuelist:BlueEyes"],"picked":"theDuelist:CyberDragonCore","floor":8},{"not_picked":["theDuelist:MadSwordBeast","theDuelist:Earthquake","theDuelist:BusterBlader","theDuelist:Beatraptor"],"picked":"theDuelist:BeserkDragon","floor":10},{"not_picked":["theDuelist:CyberDinosaur","theDuelist:Beatraptor","theDuelist:CyberDragonDrei","theDuelist:CloudianGhost","theDuelist:Sabersaurus"],"picked":"SKIP","floor":12},{"not_picked":["theDuelist:CyberTwinDragon","theDuelist:StarlightRoad","theDuelist:RedHeadedOni","theDuelist:Sabersaurus","theDuelist:AtomicScrapDragon"],"picked":"SKIP","floor":13},{"not_picked":["theDuelist:WhiteHornDragon","theDuelist:TyrantWing","theDuelist:SilverWing"],"picked":"theDuelist:DragonMirror","floor":14},{"not_picked":["theDuelist:WingedDragonRa","theDuelist:SurvivalFittest","theDuelist:Scapegoat","theDuelist:DefensiveTactics"],"picked":"theDuelist:Lancephorhynchus","floor":16},{"not_picked":["theDuelist:LesserDragon","theDuelist:Hydrogeddon","theDuelist:CyberDragonVier","theDuelist:CloudianGhost","theDuelist:CyberDinosaur+1"],"picked":"SKIP","floor":18},{"not_picked":["theDuelist:CyberDinosaur","theDuelist:AncientPixieDragon+1","theDuelist:FrostflameDragon","theDuelist:BusterDrake","theDuelist:Berserking+1"],"picked":"SKIP","floor":24},{"not_picked":["theDuelist:MirageDragon","theDuelist:BlackBrutdrago+1","theDuelist:SafeZone+1","theDuelist:BabyDragon","theDuelist:CyberEndDragon"],"picked":"SKIP","floor":28},{"not_picked":["theDuelist:WingedDragonRa","theDuelist:StardustDragon","theDuelist:LostWorld","theDuelist:BSkullDragon"],"picked":"theDuelist:SeismicShockwave","floor":29},{"not_picked":["theDuelist:Hydrogeddon","theDuelist:DefenseZone","theDuelist:BlackBrachios","theDuelist:FiendSkull","theDuelist:SnowdustDragon"],"picked":"SKIP","floor":30},{"not_picked":["theDuelist:StardustDragon","theDuelist:SeismicShockwave+1","theDuelist:QueenDragunDjinn","theDuelist:BusterBladerDDS"],"picked":"theDuelist:BerserkScales+1","floor":33},{"not_picked":["theDuelist:InfernityDoomDragon+1","theDuelist:CyberValley","theDuelist:CyberneticRevolution","theDuelist:CyberDragonVier","theDuelist:EvolutionBurst+1"],"picked":"SKIP","floor":35},{"not_picked":["theDuelist:DefensiveTactics+1","theDuelist:DefenseDraw","theDuelist:CyberneticRevolution","theDuelist:TyrantWing+1","theDuelist:BackupSoldier"],"picked":"SKIP","floor":37},{"not_picked":["theDuelist:Kabazauls+1","theDuelist:CyberTwinDragon+1","theDuelist:BlackPtera","theDuelist:TrihornedDragon+1","theDuelist:BlackBrachios+1"],"picked":"SKIP","floor":39},{"not_picked":["theDuelist:BigFire","theDuelist:Hinotama","theDuelist:RainbowOverdragon","theDuelist:ForbiddenLance"],"picked":"theDuelist:Raigeki+1","floor":41},{"not_picked":["theDuelist:Mountain+1","theDuelist:MiraculousDescent+1","theDuelist:CastleDragonSouls+1","theDuelist:Berserking+1"],"picked":"theDuelist:JurassicImpact+1","floor":46},{"not_picked":["theDuelist:TailSwipe+1","theDuelist:SeismicShockwave+1","theDuelist:Scapegoat+1","theDuelist:DragonMastery+1","theDuelist:ArmageddonDragonEmp"],"picked":"SKIP","floor":48}],"player_experience":2194473,"relics_obtained":[{"floor":9,"key":"Bottled Flame"},{"floor":14,"key":"theDuelist:DragonRelicC"},{"floor":24,"key":"TungstenRod"},{"floor":26,"key":"Akabeko"},{"floor":41,"key":"theDuelist:DuelistTeaSet"},{"floor":43,"key":"Darkstone Periapt"},{"floor":46,"key":"Toy Ornithopter"}],"event_choices":[{"damage_healed":0,"gold_gain":0,"player_choice":"Upgraded","damage_taken":0,"max_hp_gain":0,"max_hp_loss":0,"event_name":"Upgrade Shrine","floor":3,"gold_loss":0,"cards_upgraded":["theDuelist:AncientPixieDragon"]},{"damage_healed":0,"gold_gain":0,"player_choice":"Ignored","damage_taken":0,"max_hp_gain":0,"max_hp_loss":0,"event_name":"The Mausoleum","floor":19,"gold_loss":0},{"power_reward":2,"total_magic_score":41,"gold_gain":0,"duelist":true,"damage_taken":0,"relics_obtained":["theDuelist:NamelessPowerRelicA"],"points":6,"max_hp_gain":17,"max_hp_loss":0,"spent_points":{"magic":0,"greed":0,"war":0,"power":2,"hunger":4},"event_name":"Nameless Tomb","hunger_reward":4,"floor":20,"gold_loss":19,"cards_obtained":[]},{"damage_healed":0,"gold_gain":0,"player_choice":"Ignored","damage_taken":0,"max_hp_gain":0,"max_hp_loss":0,"event_name":"Vampires","floor":22,"gold_loss":0},{"damage_healed":0,"gold_gain":0,"player_choice":"Ignored","damage_taken":0,"max_hp_gain":0,"max_hp_loss":0,"event_name":"Ghosts","floor":31,"gold_loss":0},{"damage_healed":0,"gold_gain":0,"player_choice":"Paid","damage_taken":0,"relics_obtained":["Red Mask"],"max_hp_gain":0,"max_hp_loss":0,"event_name":"Tomb of Lord Red Mask","floor":38,"gold_loss":24},{"damage_healed":0,"gold_gain":0,"player_choice":"Leave","duelist":true,"damage_taken":0,"max_hp_gain":0,"max_hp_loss":0,"event_name":"Egyptian Village","floor":45,"gold_loss":0}],"is_beta":false,"boss_relics":[{"not_picked":["Runesmith:UraniumAnvil","Sozu"],"picked":"Empty Cage"},{"not_picked":["Philosopher\u0027s Stone","Calling Bell"],"picked":"SlaversCollar"}],"items_purged_floors":[2,36],"is_endless":false,"potions_floor_spawned":[1,7,13,14,18,28,30,37,39,46,48],"ascension_level":1}}