{"host":"cvi30shpqg1ukvbr","time":1613333053,"event":{"mods":["Act Like it!","BaseMod","Better Altar","Better Match","Better Note","Better Sensory Stone","Better Skull","Better Third Choice","Conspire","GifTheSpireLib","Hubris","Infinite Spire","Minty Spire (QoL Compilation)","Relic Stats","Replay The Spire","Shop Mod","Spicy Shops","StSLib","Stuff the Spire"],"gold_per_floor":[113,132,143,156,171,171,150,150,150,178,178,191,191,191,191],"floor_reached":14,"language":"ENG","playtime":408,"items_purged":[],"score":97,"play_id":"053ae7ab-dea5-440d-89c2-b15ffd55d670","local_time":"20210215050413","is_ascension_mode":true,"campfire_choices":[{"data":"Genetic Algorithm","floor":6,"key":"SMITH"},{"data":"Zap","floor":8,"key":"SMITH"},{"floor":13,"key":"REST"}],"circlet_count":0,"master_deck":["Strike_B","Strike_B","Strike_B","Strike_B","Defend_B","Defend_B","Defend_B","Defend_B","Zap+1","Dualcast","Static Discharge","ReplayTheSpireMod:Repulse","StuffTheSpire:NuclearReactor","Genetic Algorithm+1","BootSequence","StuffTheSpire:CleanHardDrive","Go for the Eyes","FTL"],"relics":["SlaversCollar","Dream Catcher"],"acts_visited":["Exordium"],"potions_floor_usage":[12],"damage_taken":[{"damage":1,"enemies":"Jaw Worm","floor":1,"turns":3},{"damage":0,"enemies":"conspire:RoseBush","floor":2,"turns":4},{"damage":7,"enemies":"2 Louse","floor":3,"turns":2},{"damage":6,"enemies":"Exordium Wildlife","floor":4,"turns":4},{"damage":5,"enemies":"Blue Slaver","floor":5,"turns":5},{"damage":29,"enemies":"Lagavulin","floor":10,"turns":8},{"damage":3,"enemies":"Exordium Thugs","floor":12,"turns":4},{"damage":47,"enemies":"Gremlin Nob","floor":14,"turns":5}],"seed_played":"4691159446689474151","potions_obtained":[{"floor":1,"key":"Elixir"},{"floor":5,"key":"BlessingOfTheForge"},{"floor":10,"key":"Languid Potion"}],"is_trial":false,"path_per_floor":["M","M","M","M","M","R","?","R","T","E","?","M","R","E"],"character_chosen":"DEFECT","items_purchased":[],"campfire_rested":1,"item_purchase_floors":[],"current_hp_per_floor":[74,74,67,61,56,56,56,56,56,27,20,17,39,0,0],"gold":191,"neow_bonus":"BOSS_RELIC","is_daily":false,"chose_seed":false,"campfire_upgraded":2,"win_rate":0.0,"timestamp":1613333053,"path_taken":["M","M","M","M","M","R","?","R","T","E","?","M","R","E"],"items_purchased_type":[],"build_version":"2020-12-22","purchased_purges":0,"victory":false,"max_hp_per_floor":[75,75,75,75,75,75,75,75,75,75,75,75,75,75,75],"relic_stats":{"Dream Catcher":1,"counters":[8,35],"obtain_stats":[{"SlaversCollar":0,"Dream Catcher":10,"Cracked Core":0},{"SlaversCollar":0,"Dream Catcher":6,"Cracked Core":0},{"SlaversCollar":0,"Dream Catcher":26,"Cracked Core":0}]},"card_choices":[{"not_picked":["Doom and Gloom","Recycle"],"picked":"Static Discharge","floor":1},{"not_picked":["Rebound","Conserve Battery"],"picked":"ReplayTheSpireMod:Repulse","floor":2},{"not_picked":["Streamline","Rebound"],"picked":"StuffTheSpire:NuclearReactor","floor":3},{"not_picked":["StuffTheSpire:SnapShoot","Static Discharge"],"picked":"Genetic Algorithm","floor":4},{"not_picked":["Hello World","Hyperbeam"],"picked":"BootSequence","floor":5},{"not_picked":["Rebound","ReplayTheSpireMod:Repulse"],"picked":"StuffTheSpire:CleanHardDrive","floor":10},{"not_picked":["ReplayTheSpireMod:GoodbyeWorld","Rebound"],"picked":"Go for the Eyes","floor":12},{"not_picked":["Blizzard","Reinforced Body"],"picked":"FTL","floor":13}],"player_experience":1845813,"relics_obtained":[{"floor":10,"key":"Dream Catcher"}],"event_choices":[{"damage_healed":0,"gold_gain":0,"player_choice":"Left","damage_taken":0,"max_hp_gain":0,"max_hp_loss":0,"event_name":"betterThird:BetterGoop","floor":7,"gold_loss":21},{"damage_healed":0,"gold_gain":1,"player_choice":"LEAVE","damage_taken":7,"max_hp_gain":0,"max_hp_loss":0,"event_name":"betterThird:BetterScrap","floor":11,"gold_loss":0,"cards_obtained":["Dash"]}],"is_beta":false,"boss_relics":[],"items_purged_floors":[],"is_endless":false,"potions_floor_spawned":[1,5,10],"killed_by":"Gremlin Nob","ascension_level":1}}