{"host":"nsc6ozq3atyrdr3m","time":1613335419,"event":{"mods":["BaseMod","Colored Map","Minty Spire (QoL Compilation)"],"gold_per_floor":[110,110,71,81,34,34,66,141,141,176,195,209,209,236,236,337,337,347,347,358,374,154,167,167,181,181,209,221,255,255,56,56,154,154,172,447,465,389,389,421,421,449,449,459,459,83,83,83,83,83,83],"floor_reached":50,"language":"FRA","playtime":1211,"items_purged":["Strike_B","Strike_B","Defend_B","Regret"],"score":807,"play_id":"45bf3017-c9bc-4413-99ca-20f8e61edcc2","local_time":"20210214214339","is_ascension_mode":true,"campfire_choices":[{"data":"Gash","floor":6,"key":"SMITH"},{"floor":13,"key":"REST"},{"data":"Hologram","floor":15,"key":"SMITH"},{"floor":24,"key":"REST"},{"data":"Scrape","floor":30,"key":"SMITH"},{"data":"Reinforced Body","floor":32,"key":"SMITH"},{"data":"BootSequence","floor":41,"key":"SMITH"},{"data":"1","floor":45,"key":"LIFT"},{"floor":49,"key":"REST"}],"circlet_count":0,"master_deck":["Strike_B+1","Defend_B+1","Zap+1","Dualcast+1","Gash+1","Melter+1","Gash+1","Gash+1","Go for the Eyes+1","FTL+1","Gash+1","Hologram+1","Auto Shields+1","Reinforced Body+1","Scrape+1","Gash+1","Sunder+1","BootSequence+1","Gash+1","Sweeping Beam+1","Rebound+1","Flash of Steel+1","Leap+1","Static Discharge+1","Beam Cell+1","Madness+1","Madness+1"],"relics":["Cracked Core","NeowsBlessing","PreservedInsect","Girya","Bronze Scales","Strawberry","Philosopher\u0027s Stone","Membership Card","Singing Bowl","FossilizedHelix","Shuriken","Lee\u0027s Waffle","Akabeko","Empty Cage","Orichalcum","Pocketwatch","Cables","Kunai","Meat on the Bone","Mark of the Bloom"],"acts_visited":["Exordium","TheCity","TheBeyond"],"potions_floor_usage":[10,16,20,27,40,50,50,50],"damage_taken":[{"damage":0,"enemies":"Jaw Worm","floor":1,"turns":1},{"damage":0,"enemies":"Small Slimes","floor":4,"turns":1},{"damage":0,"enemies":"3 Sentries","floor":7,"turns":1},{"damage":15,"enemies":"Lagavulin","floor":10,"turns":5},{"damage":0,"enemies":"Cultist","floor":11,"turns":2},{"damage":5,"enemies":"Gremlin Gang","floor":12,"turns":3},{"damage":10,"enemies":"3 Sentries","floor":14,"turns":4},{"damage":13,"enemies":"Slime Boss","floor":16,"turns":6},{"damage":2,"enemies":"Spheric Guardian","floor":18,"turns":3},{"damage":8,"enemies":"2 Thieves","floor":20,"turns":4},{"damage":23,"enemies":"Chosen and Byrds","floor":21,"turns":6},{"damage":18,"enemies":"Snake Plant","floor":23,"turns":4},{"damage":0,"enemies":"3 Cultists","floor":25,"turns":4},{"damage":12,"enemies":"Slavers","floor":27,"turns":2},{"damage":4,"enemies":"Sentry and Sphere","floor":28,"turns":4},{"damage":0,"enemies":"Book of Stabbing","floor":29,"turns":4},{"damage":5,"enemies":"Collector","floor":33,"turns":5},{"damage":0,"enemies":"Orb Walker","floor":35,"turns":2},{"damage":12,"enemies":"3 Shapes","floor":37,"turns":2},{"damage":21,"enemies":"Nemesis","floor":40,"turns":5},{"damage":0,"enemies":"Giant Head","floor":42,"turns":5},{"damage":0,"enemies":"Jaw Worm Horde","floor":44,"turns":3},{"damage":59,"enemies":"Awakened One","floor":50,"turns":7}],"seed_played":"-2232560178176334415","potions_obtained":[{"floor":4,"key":"Weak Potion"},{"floor":11,"key":"Ancient Potion"},{"floor":12,"key":"GamblersBrew"},{"floor":16,"key":"SneckoOil"},{"floor":20,"key":"Block Potion"},{"floor":21,"key":"PowerPotion"},{"floor":27,"key":"SpeedPotion"},{"floor":40,"key":"Energy Potion"}],"is_trial":false,"path_per_floor":["M","?","$","M","$","R","E","?","T","E","M","M","R","E","R","B",null,"M","?","M","M","$","M","R","M","T","E","M","E","R","$","R","B",null,"M","?","M","$","?","E","R","E","T","M","R","$","?","?","R","B"],"character_chosen":"DEFECT","items_purchased":["Melter","Gash","Membership Card","Scrape","Lee\u0027s Waffle","Akabeko","Rebound","Kunai","Meat on the Bone","Static Discharge","Beam Cell"],"campfire_rested":3,"item_purchase_floors":[3,5,22,22,31,31,38,46,46,46,46],"current_hp_per_floor":[75,60,60,60,60,60,60,49,49,34,34,29,51,48,48,35,82,80,80,72,49,49,31,55,55,55,43,41,41,41,91,91,88,93,93,93,83,83,83,62,62,64,64,66,66,66,54,54,54,0,0],"gold":83,"neow_bonus":"THREE_ENEMY_KILL","is_daily":false,"chose_seed":false,"campfire_upgraded":5,"win_rate":0.0,"timestamp":1613335419,"path_taken":["M","?","$","M","$","R","E","?","T","E","M","M","R","E","R","BOSS","M","?","?","?","$","M","R","M","T","E","M","E","R","$","R","BOSS","M","?","?","$","?","E","R","E","T","M","R","$","?","?","R","BOSS"],"items_purchased_type":["Card","Card","Relic","Card","Relic","Relic","Card","Relic","Relic","Card","Card"],"build_version":"2020-12-22","purchased_purges":4,"victory":false,"max_hp_per_floor":[75,75,75,75,75,75,75,75,75,75,75,75,75,82,82,82,82,82,82,82,82,82,82,82,82,82,82,84,84,84,91,91,93,93,93,93,95,95,95,95,95,97,97,99,99,99,99,99,99,99,99],"card_choices":[{"not_picked":["Leap","Streamline"],"picked":"Gash","floor":1},{"not_picked":["Barrage","Conserve Battery"],"picked":"Gash","floor":4},{"not_picked":["Hello World","Capacitor","Electrodynamics"],"picked":"SKIP","floor":7},{"not_picked":["Darkness","Glacier"],"picked":"Go for the Eyes","floor":10},{"not_picked":["Sweeping Beam","Stack"],"picked":"FTL","floor":11},{"not_picked":["Turbo","Coolheaded"],"picked":"Gash","floor":12},{"not_picked":["Redo","Capacitor"],"picked":"Hologram","floor":14},{"not_picked":["Coolheaded+1","Undo","Barrage"],"picked":"SKIP","floor":18},{"not_picked":["Barrage","Streamline"],"picked":"Auto Shields","floor":20},{"not_picked":["Sweeping Beam+1","Storm"],"picked":"Reinforced Body","floor":21},{"not_picked":["Undo","Rebound+1"],"picked":"Gash+1","floor":23},{"not_picked":["Rebound+1","Barrage+1"],"picked":"Sunder","floor":25},{"not_picked":["Cold Snap","Undo+1"],"picked":"BootSequence","floor":27},{"not_picked":["Coolheaded","Stack","Sweeping Beam"],"picked":"Singing Bowl","floor":28},{"not_picked":["Hello World","Undo"],"picked":"Gash","floor":29},{"not_picked":["Core Surge","Thunder Strike","Creative AI"],"picked":"Singing Bowl","floor":33},{"not_picked":["Genetic Algorithm+1","Turbo"],"picked":"Sweeping Beam+1","floor":35},{"not_picked":["Cold Snap+1","Steam","Rebound+1"],"picked":"Singing Bowl","floor":37},{"not_picked":["Chrysalis","Impatience"],"picked":"Flash of Steel","floor":39},{"not_picked":["BootSequence+1","Sunder+1"],"picked":"Leap+1","floor":40},{"not_picked":["Double Energy+1","Compile Driver+1","Sunder+1"],"picked":"Singing Bowl","floor":42},{"not_picked":["Turbo","Compile Driver+1","Ball Lightning"],"picked":"Singing Bowl","floor":44}],"player_experience":417053,"relics_obtained":[{"floor":7,"key":"PreservedInsect"},{"floor":9,"key":"Girya"},{"floor":10,"key":"Bronze Scales"},{"floor":14,"key":"Strawberry"},{"floor":26,"key":"Singing Bowl"},{"floor":27,"key":"FossilizedHelix"},{"floor":29,"key":"Shuriken"},{"floor":40,"key":"Orichalcum"},{"floor":42,"key":"Pocketwatch"},{"floor":43,"key":"Cables"}],"event_choices":[{"damage_healed":0,"gold_gain":0,"player_choice":"Entered Light","damage_taken":15,"max_hp_gain":0,"max_hp_loss":0,"event_name":"Shining Light","floor":2,"gold_loss":0,"cards_upgraded":["Defend_B","Strike_B"]},{"damage_healed":0,"gold_gain":75,"player_choice":"Gather Gold","damage_taken":11,"max_hp_gain":0,"max_hp_loss":0,"event_name":"World of Goop","floor":8,"gold_loss":0},{"cards_removed":["Strike_B"],"damage_healed":0,"gold_gain":0,"player_choice":"Offered Basic","damage_taken":0,"max_hp_gain":0,"max_hp_loss":0,"event_name":"Bonfire Elementals","floor":19,"gold_loss":0},{"damage_healed":0,"gold_gain":275,"player_choice":"Desecrate","damage_taken":0,"max_hp_gain":0,"max_hp_loss":0,"event_name":"Golden Shrine","floor":36,"gold_loss":0,"cards_obtained":["Regret"]},{"damage_healed":0,"gold_gain":0,"player_choice":"Memory 1","damage_taken":0,"max_hp_gain":0,"max_hp_loss":0,"event_name":"SensoryStone","floor":39,"gold_loss":0},{"damage_healed":0,"gold_gain":0,"player_choice":"Embrace Madness","damage_taken":12,"max_hp_gain":0,"max_hp_loss":0,"event_name":"Winding Halls","floor":47,"gold_loss":0,"cards_obtained":["Madness","Madness"]},{"damage_healed":0,"gold_gain":0,"player_choice":"Upgrade","damage_taken":0,"relics_obtained":["Mark of the Bloom"],"max_hp_gain":0,"max_hp_loss":0,"event_name":"MindBloom","floor":48,"gold_loss":0,"cards_upgraded":["Zap","Dualcast","Melter","Gash","Gash","Go for the Eyes","FTL","Gash","Auto Shields","Sunder","Gash","Rebound","Flash of Steel","Static Discharge","Beam Cell","Madness","Madness"]}],"is_beta":false,"boss_relics":[{"not_picked":["Velvet Choker","Black Star"],"picked":"Philosopher\u0027s Stone"},{"not_picked":["Astrolabe","FrozenCore"],"picked":"Empty Cage"}],"items_purged_floors":[22,31,38,46],"is_endless":false,"potions_floor_spawned":[4,11,12,16,20,21,27,33,40,42],"killed_by":"Awakened One","ascension_level":4}}