{"host":"jwpp8hxpigr0nknu","time":1613268615,"event":{"mods":["BaseMod","BetterRewards","Colored Map","Colored Powertips","Minty Spire (QoL Compilation)","Rare Cards Sparkle","Shop Mod","StSLib"],"gold_per_floor":[110,110,128,26,46,72,83,113,182,215,215,230,230,245,245,348,348,361,209,226,243,243,269,269,302,355,388,407,407,435,435,435],"floor_reached":31,"language":"ENG","playtime":2261,"items_purged":["Terror"],"score":572,"play_id":"f4c6163d-8f2b-4282-b0bc-3c232b0dfcc8","local_time":"20210213201015","daily_mods":["Draft"],"is_ascension_mode":true,"campfire_choices":[{"data":"Crippling Poison","floor":11.0,"key":"SMITH"},{"data":"Noxious Fumes","floor":13.0,"key":"SMITH"},{"data":"Backflip","floor":15.0,"key":"SMITH"},{"data":"Corpse Explosion","floor":24.0,"key":"SMITH"}],"circlet_count":0,"master_deck":["Escape Plan","Leg Sweep","Catalyst","Backflip","Outmaneuver","Crippling Poison+1","Blur","Choke","Backflip+1","Outmaneuver","Well Laid Plans","Slice","Deadly Poison","Acrobatics","Crippling Poison","Noxious Fumes+1","Deflect","Footwork","Escape Plan","Deadly Poison","Corpse Explosion+1","Footwork+1","Bouncing Flask+1","Footwork+1","Flying Knee+1","Escape Plan"],"relics":["Ring of the Snake","FaceOfCleric","Centennial Puzzle","TungstenRod","Frozen Egg 2","Ancient Tea Set","Black Star","MutagenicStrength","Bottled Tornado","Strawberry","Ice Cream","Question Card","Potion Belt","Pear","Smiling Mask","Bag of Preparation","Turnip"],"acts_visited":["Exordium","TheCity"],"potions_floor_usage":[28,30],"damage_taken":[{"damage":4.0,"enemies":"Jaw Worm","floor":1.0,"turns":4.0},{"damage":0.0,"enemies":"Cultist","floor":3.0,"turns":3.0},{"damage":1.0,"enemies":"Small Slimes","floor":5.0,"turns":4.0},{"damage":7.0,"enemies":"Lagavulin","floor":6.0,"turns":7.0},{"damage":6.0,"enemies":"Blue Slaver","floor":7.0,"turns":4.0},{"damage":22.0,"enemies":"Gremlin Nob","floor":8.0,"turns":5.0},{"damage":0.0,"enemies":"Lagavulin","floor":10.0,"turns":5.0},{"damage":0.0,"enemies":"2 Fungi Beasts","floor":12.0,"turns":3.0},{"damage":0.0,"enemies":"Lots of Slimes","floor":14.0,"turns":3.0},{"damage":0.0,"enemies":"Slime Boss","floor":16.0,"turns":7.0},{"damage":4.0,"enemies":"Shell Parasite","floor":18.0,"turns":5.0},{"damage":5.0,"enemies":"Spheric Guardian","floor":20.0,"turns":4.0},{"damage":15.0,"enemies":"Centurion and Healer","floor":21.0,"turns":6.0},{"damage":23.0,"enemies":"Gremlin Leader","floor":23.0,"turns":6.0},{"damage":8.0,"enemies":"Book of Stabbing","floor":25.0,"turns":6.0},{"damage":2.0,"enemies":"Gremlin Leader","floor":27.0,"turns":5.0},{"damage":3,"enemies":"3 Cultists","floor":28,"turns":4},{"damage":22,"enemies":"Slavers","floor":30,"turns":3},{"damage":28,"enemies":"Cultist and Chosen","floor":31,"turns":4}],"seed_played":"3438789635485044479","potions_obtained":[{"floor":3.0,"key":"AttackPotion"},{"floor":7.0,"key":"FearPotion"},{"floor":8.0,"key":"ColorlessPotion"},{"floor":10.0,"key":"DistilledChaos"},{"floor":14.0,"key":"GhostInAJar"},{"floor":18.0,"key":"SteroidPotion"},{"floor":21.0,"key":"Fire Potion"},{"floor":25.0,"key":"Energy Potion"},{"floor":27.0,"key":"PowerPotion"},{"floor":28,"key":"SkillPotion"}],"is_trial":true,"path_per_floor":["M","?","M","$","M","E","M","E","T","E","R","M","R","M","R","B",null,"M","$","M","M","?","E","R","E","T","E","M","?","E","M"],"character_chosen":"THE_SILENT","items_purchased":["Noxious Fumes","Deflect","Footwork+1"],"campfire_rested":0,"item_purchase_floors":[4,4,19],"current_hp_per_floor":[66,66,67,67,67,61,56,35,35,36,36,37,37,38,38,39,79,76,76,72,58,58,43,43,36,36,45,43,43,22,0,0],"gold":435,"neow_bonus":"","is_daily":false,"chose_seed":true,"campfire_upgraded":4,"win_rate":0.0,"timestamp":1613268615,"path_taken":["M","?","?","?","M","E","M","E","T","E","R","M","R","M","R","BOSS","M","$","M","M","?","E","R","E","T","E","M","?","E","M"],"items_purchased_type":["Card","Card","Card"],"build_version":"2020-12-22","purchased_purges":1,"victory":false,"max_hp_per_floor":[70,70,71,71,72,73,74,75,75,76,76,77,77,78,78,79,79,80,80,81,82,82,90,90,91,91,102,103,103,104,104,104],"card_choices":[{"not_picked":["PiercingWail","Prepared"],"picked":"Escape Plan","floor":0.0},{"not_picked":["Dagger Throw","Quick Slash"],"picked":"Terror","floor":0.0},{"not_picked":["Quick Slash","Bane"],"picked":"Leg Sweep","floor":0.0},{"not_picked":["Prepared","Quick Slash"],"picked":"Catalyst","floor":0.0},{"not_picked":["Bane","Tactician"],"picked":"Backflip","floor":0.0},{"not_picked":["Slice","Quick Slash"],"picked":"Outmaneuver","floor":0.0},{"not_picked":["Eviscerate","Catalyst"],"picked":"Crippling Poison","floor":0.0},{"not_picked":["Poisoned Stab","Slice"],"picked":"Blur","floor":0.0},{"not_picked":["Underhanded Strike","Dagger Spray"],"picked":"Choke","floor":0.0},{"not_picked":["Flying Knee","Eviscerate"],"picked":"Backflip","floor":0.0},{"not_picked":["Bane","Blade Dance"],"picked":"Outmaneuver","floor":0.0},{"not_picked":["Endless Agony","PiercingWail"],"picked":"Well Laid Plans","floor":0.0},{"not_picked":["Calculated Gamble","Terror"],"picked":"Slice","floor":0.0},{"not_picked":["Slice","Dagger Spray"],"picked":"Deadly Poison","floor":0.0},{"not_picked":["Dagger Spray","Prepared"],"picked":"Acrobatics","floor":0.0},{"not_picked":["Prepared","Skewer"],"picked":"Crippling Poison","floor":1.0},{"not_picked":["Cloak And Dagger","Outmaneuver","Slice"],"picked":"SKIP","floor":3.0},{"not_picked":["Cloak And Dagger","Backstab"],"picked":"Footwork","floor":5.0},{"not_picked":["Calculated Gamble","Die Die Die","Glass Knife"],"picked":"SKIP","floor":6.0},{"not_picked":["Blade Dance","Cloak And Dagger","Dagger Spray"],"picked":"SKIP","floor":7.0},{"not_picked":["Tactician","Flechettes"],"picked":"Escape Plan","floor":8.0},{"not_picked":["Bane","Calculated Gamble","Eviscerate"],"picked":"SKIP","floor":10.0},{"not_picked":["Infinite Blades+1","Quick Slash","Blade Dance"],"picked":"SKIP","floor":12.0},{"not_picked":["PiercingWail","Acrobatics"],"picked":"Deadly Poison","floor":14.0},{"not_picked":["Tools of the Trade+1","Wraith Form v2+1"],"picked":"Corpse Explosion","floor":16.0},{"not_picked":["Leg Sweep","Reflex","Riddle With Holes+1"],"picked":"SKIP","floor":18.0},{"not_picked":["Choke+1","Quick Slash","Calculated Gamble"],"picked":"SKIP","floor":20.0},{"not_picked":["Slice","Deflect","Poisoned Stab"],"picked":"SKIP","floor":21.0},{"not_picked":["Predator","Deflect","Terror"],"picked":"SKIP","floor":23.0},{"not_picked":["Prepared","Reflex"],"picked":"Bouncing Flask+1","floor":25.0},{"not_picked":["Underhanded Strike","Cloak And Dagger","Bane"],"picked":"Footwork+1","floor":27.0},{"not_picked":["Quick Slash+1","Leg Sweep","Wraith Form v2+1"],"picked":"Flying Knee+1","floor":28},{"not_picked":["Dagger Spray","Infinite Blades+1","PiercingWail"],"picked":"Escape Plan","floor":30}],"player_experience":340085,"relics_obtained":[{"floor":6.0,"key":"Centennial Puzzle"},{"floor":8.0,"key":"TungstenRod"},{"floor":9.0,"key":"Frozen Egg 2"},{"floor":10.0,"key":"Ancient Tea Set"},{"floor":23.0,"key":"Bottled Tornado"},{"floor":23.0,"key":"Strawberry"},{"floor":25.0,"key":"Ice Cream"},{"floor":25.0,"key":"Question Card"},{"floor":26.0,"key":"Potion Belt"},{"floor":27.0,"key":"Pear"},{"floor":27.0,"key":"Smiling Mask"},{"floor":30,"key":"Bag of Preparation"},{"floor":30,"key":"Turnip"}],"event_choices":[{"damage_healed":0.0,"max_hp_gain":0.0,"max_hp_loss":0.0,"gold_gain":0.0,"event_name":"FaceTrader","player_choice":"Trade","floor":2.0,"gold_loss":0.0,"damage_taken":0.0,"relics_obtained":["FaceOfCleric"]},{"damage_healed":0.0,"max_hp_gain":0.0,"max_hp_loss":0.0,"gold_gain":0.0,"event_name":"Drug Dealer","player_choice":"Inject Mutagens","floor":22.0,"gold_loss":0.0,"damage_taken":0.0,"relics_obtained":["MutagenicStrength"]},{"damage_healed":0,"gold_gain":0,"player_choice":"Ignored","damage_taken":0,"max_hp_gain":0,"max_hp_loss":0,"event_name":"Ghosts","floor":29,"gold_loss":0}],"is_beta":false,"boss_relics":[{"not_picked":["Fusion Hammer","Coffee Dripper"],"picked":"Black Star"}],"items_purged_floors":[19],"is_endless":false,"potions_floor_spawned":[3,7,8,10,14,18,21,25,27,28],"killed_by":"Cultist and Chosen","ascension_level":4}}