{"host":"l9d4bclu8pwa3q15","time":1613296212,"event":{"mods":["Act Like it!","Arknights","BaseMod","Better Altar","Better Match","Better Note","Better Sensory Stone","Better Skull","BetterRewards","Colored Map","Colored Powertips","Downfall","Emptier Cage","Gensokyo","GifTheSpireLib","Keyboard Shortcuts","Koishi","KomeijiMod","Lobotomy","LobotomyExtend","Minty Spire (QoL Compilation)","Quick Restart","Rare Cards Sparkle","Relic Sorter","Remilia_Scarlet Moed（蕾米莉亚・斯卡雷特）3.3.5","Replay The Spire","Spicy Shops","StSLib","UnlockEverythingMod","Waifu the Spire","WarShipGirlsR/战舰少女R mod","Yakumo Yukari mod","Youmu（魂魄妖梦）","Yuyuko"],"gold_per_floor":[111,129,304,320,320,320,320],"floor_reached":6,"language":"ZHS","playtime":727,"items_purged":[],"score":36,"play_id":"23debad2-7b91-4735-b782-fe6e6fe3b3ae","local_time":"20210214175012","is_ascension_mode":false,"campfire_choices":[],"circlet_count":0,"master_deck":["Strike_Komeiji","Strike_Komeiji","Strike_Komeiji","Strike_Komeiji","Defend_Komeiji","Defend_Komeiji","Defend_Komeiji","Defend_Komeiji","Dash_Komeiji","HagoromoMizu","SpiderBud","NarrowSpark","Doubt","Laetitia","NingyouFukuhei+1","Dramatic Entrance"],"relics":["KomeijisEye","SpellCardsRule","MusicBox","CogitoBucket","RabbitCall","LetterFromLob"],"acts_visited":["Exordium"],"potions_floor_usage":[],"damage_taken":[{"damage":2,"enemies":"Small Slimes","floor":1,"turns":5},{"damage":0,"enemies":"2 Louse","floor":2,"turns":5},{"damage":9,"enemies":"Cultist","floor":4,"turns":4},{"damage":41,"enemies":"Gremlin Nob","floor":6,"turns":5}],"seed_played":"9164526893758797120","potions_obtained":[{"floor":2,"key":"FearPotion"}],"is_trial":false,"path_per_floor":["M","M","?","M","?","E"],"character_chosen":"KomeijiSatori","items_purchased":[],"campfire_rested":0,"item_purchase_floors":[],"current_hp_per_floor":[48,48,48,39,39,0,0],"gold":320,"neow_bonus":"","is_daily":false,"chose_seed":false,"campfire_upgraded":0,"win_rate":0.0,"timestamp":1613296212,"path_taken":["M","M","?","M","?","E"],"items_purchased_type":[],"build_version":"2020-12-22","purchased_purges":0,"victory":false,"max_hp_per_floor":[50,50,50,50,50,50,50],"card_choices":[{"not_picked":["SuitokuNoKyoryu","MusuNoYume"],"picked":"HagoromoMizu","floor":1},{"not_picked":["VoidDream","Freischutz"],"picked":"SpiderBud","floor":2},{"not_picked":["NingyouKisou+1","ShyakuBuku"],"picked":"NarrowSpark","floor":2},{"not_picked":["FairyFestival","PunishingBird"],"picked":"Laetitia","floor":4},{"not_picked":["NingyouSousou+1","NingyouSP+1"],"picked":"NingyouFukuhei+1","floor":4},{"not_picked":["Mind Blast","Jack Of All Trades"],"picked":"Dramatic Entrance","floor":5}],"player_experience":127336,"relics_obtained":[{"floor":1,"key":"LetterFromLob"}],"event_choices":[{"damage_healed":0,"gold_gain":175,"player_choice":"AGREE","damage_taken":0,"max_hp_gain":0,"max_hp_loss":0,"event_name":"Liars Game","floor":3,"gold_loss":0,"cards_obtained":["Doubt"]},{"damage_healed":0,"gold_gain":1,"player_choice":"1","damage_taken":0,"max_hp_gain":0,"max_hp_loss":0,"event_name":"betterStone:BetterStone","floor":5,"gold_loss":0}],"is_beta":false,"boss_relics":[],"items_purged_floors":[],"is_endless":false,"potions_floor_spawned":[2],"killed_by":"Gremlin Nob","ascension_level":0}}