{"host":"z8k0b1oqxoiri7b9","time":1613316374,"event":{"mods":["AchievementEnabler","BaseMod","Downfall","Minty Spire (QoL Compilation)","Quick Restart","StSLib"],"gold_per_floor":[99,117,117,131,281,293,293,293,293,303,303,320,334,244,256,358,358,358,343,362,376,376,376,376,387,398,132,132,132,132],"floor_reached":28,"language":"ENG","playtime":9300,"items_purged":["downfall:Icky"],"score":212,"play_id":"ebabdc46-7a98-40c3-9914-2bb71052e419","local_time":"20210214232614","is_ascension_mode":false,"campfire_choices":[{"data":"hexamod:Sear","floor":1,"key":"SMITH"},{"data":"hexamod:Float","floor":8,"key":"SMITH"},{"data":"hexamod:ChargedBarrage","floor":18,"key":"SMITH"},{"floor":23,"key":"REST"}],"circlet_count":0,"master_deck":["hexamod:Strike+1","hexamod:Strike","hexamod:Strike+1","hexamod:Defend","hexamod:Defend+1","hexamod:Defend+1","hexamod:Defend+1","hexamod:Sear+1","hexamod:Float+1","hexamod:ChargedBarrage+1","hexamod:StepThrough+1","hexamod:TimeWarp","hexamod:SixthSeal"],"relics":["hexamod:SpiritBrand","Velvet Choker","Nloth\u0027s Gift","Vajra","hexamod:InflammatoryLetter"],"acts_visited":["Exordium","TheCity"],"potions_floor_usage":[16,16,16,28],"damage_taken":[{"damage":0,"enemies":"Small Slimes","floor":2,"turns":3},{"damage":0,"enemies":"2 Louse","floor":4,"turns":4},{"damage":1,"enemies":"Jaw Worm","floor":6,"turns":3},{"damage":8,"enemies":"Large Slime","floor":10,"turns":4},{"damage":13,"enemies":"Exordium Wildlife","floor":12,"turns":6},{"damage":35,"enemies":"Gremlin Gang","floor":13,"turns":6},{"damage":5,"enemies":"downfall:FleeingMerchant","floor":14,"turns":4},{"damage":0,"enemies":"downfall:LooterAlt","floor":15,"turns":3},{"damage":18,"enemies":"SI_SHIV_ARCHETYPE","floor":16,"turns":10},{"damage":5,"enemies":"downfall:FleeingMerchant","floor":19,"turns":4},{"damage":30,"enemies":"downfall:LooterAlt2","floor":20,"turns":5},{"damage":25,"enemies":"3 Byrds","floor":21,"turns":4},{"damage":14,"enemies":"Centurion and Healer","floor":25,"turns":5},{"damage":21,"enemies":"Shelled Parasite and Fungi","floor":26,"turns":6},{"damage":0,"enemies":"downfall:FleeingMerchant","floor":27,"turns":4},{"damage":11,"enemies":"Slavers","floor":28,"turns":2}],"seed_played":"-7334186026940162028","potions_obtained":[{"floor":2,"key":"Guardian:BlockOnCardUsePotion"},{"floor":10,"key":"Guardian:BlockOnCardUsePotion"},{"floor":12,"key":"SpeedPotion"},{"floor":21,"key":"SteroidPotion"},{"floor":26,"key":"Block Potion"}],"is_trial":false,"path_per_floor":["R","M","?","M","?","M","T","R","?","M","?","M","M","$","M","B",null,"R","$","M","M","?","R","T","M","M","$","E"],"character_chosen":"THE_SPIRIT","items_purchased":["hexamod:InflammatoryLetter"],"campfire_rested":1,"item_purchase_floors":[27],"current_hp_per_floor":[77,77,77,77,77,76,76,76,76,68,73,60,25,20,20,2,82,82,77,47,22,22,46,46,32,11,11,0,0,0],"gold":132,"neow_bonus":"TEN_PERCENT_HP_BONUS","is_daily":false,"chose_seed":false,"campfire_upgraded":3,"win_rate":0.0,"timestamp":1613316374,"path_taken":["R","M","?","M","?","M","T","R","?","M","?","?","M","$","M","BOSS","R","$","?","M","?","R","T","M","?","$","E"],"items_purchased_type":["Relic"],"build_version":"2020-12-22","purchased_purges":1,"victory":false,"max_hp_per_floor":[77,77,77,77,77,77,77,77,77,77,82,82,82,82,82,82,82,82,82,82,82,82,82,82,82,82,82,82,82,82],"card_choices":[{"not_picked":["hexamod:GhostflameBarrier","hexamod:SwordOfDarkness","hexamod:AdvancingGuard"],"picked":"SKIP","floor":2},{"not_picked":["hexamod:EtherealExpedition","hexamod:BacktrackSmack","hexamod:CatchUp"],"picked":"SKIP","floor":4},{"not_picked":["hexamod:PhantomFireball","hexamod:Firestarter"],"picked":"hexamod:ChargedBarrage","floor":6},{"not_picked":["hexamod:ThermalTransfer","hexamod:AdvancingGuard","hexamod:HeatMetal"],"picked":"SKIP","floor":10},{"not_picked":["hexamod:AdvancingGuard","hexamod:SwordOfDarkness"],"picked":"hexamod:StepThrough","floor":12},{"not_picked":["hexamod:ExtraCrispy","hexamod:RetreatToShadows","hexamod:PhantomFireball"],"picked":"SKIP","floor":13},{"not_picked":["hexamod:BacktrackSmack","hexamod:GhostLash"],"picked":"hexamod:TimeWarp","floor":14},{"not_picked":["hexamod:HauntingEcho","hexamod:BacktrackSmack","hexamod:HeatShield"],"picked":"SKIP","floor":15},{"not_picked":["hexamod:ParanormalForm","hexamod:GiftsFromTheDead"],"picked":"hexamod:SixthSeal","floor":16},{"not_picked":["hexamod:TimeOfNeed","hexamod:Hexaguard","hexamod:ThermalTransfer"],"picked":"SKIP","floor":19},{"not_picked":["hexamod:Hexaguard","hexamod:Incineration+1","hexamod:SkipABeat"],"picked":"SKIP","floor":20},{"not_picked":["hexamod:DynamicBlow","hexamod:Firestarter","hexamod:AdvancingGuard"],"picked":"SKIP","floor":21},{"not_picked":["hexamod:ThermalTransfer","hexamod:ExtraCrispy","hexamod:NightmareStrike"],"picked":"SKIP","floor":25},{"not_picked":["hexamod:Hexaguard","hexamod:SwordOfDarkness","hexamod:HauntingEcho"],"picked":"SKIP","floor":26},{"not_picked":["hexamod:FastForward","hexamod:SkipABeat","hexamod:RecurringNightmare"],"picked":"SKIP","floor":27}],"player_experience":249159,"relics_obtained":[{"floor":7,"key":"Art of War"},{"floor":24,"key":"Vajra"}],"event_choices":[{"damage_healed":0,"gold_gain":0,"player_choice":"Donut","damage_taken":0,"max_hp_gain":5,"max_hp_loss":0,"event_name":"Big Fish","floor":11,"gold_loss":0}],"is_beta":false,"boss_relics":[{"not_picked":["Pandora\u0027s Box","Busted Crown"],"picked":"Velvet Choker"}],"items_purged_floors":[14],"is_endless":false,"potions_floor_spawned":[2,10,12,21,26],"killed_by":"Slavers","ascension_level":0}}