{"host":"i0avyit1s6jb1siw","time":1613262235,"event":{"mods":["BaseMod","DeckTracker","Dota2Spire","Highlight Path","Minty Spire (QoL Compilation)","Quick Restart","StSLib","SuperFastMode"],"gold_per_floor":[110,121,46,61,61,61,94,106,106,158,158,106,125,153,213,213,213,291,291,305,305,318,330,344,378,378,407,407,77,77,95,95,127,127,202,202,202,275,275,295,295,311,336,352,379,407,444,479,491,531,543,295,306,306,306,306,306],"floor_reached":56,"language":"ENG","playtime":1303,"items_purged":["Dropkick","Strike_R"],"score":2085,"play_id":"c111e141-918a-4266-b863-05cd3ea7fe30","local_time":"20210214012355","is_ascension_mode":true,"campfire_choices":[{"data":"Bash","floor":6.0,"key":"SMITH"},{"data":"Perfected Strike","floor":11,"key":"SMITH"},{"data":"Evolve","floor":16,"key":"SMITH"},{"data":"Inflame","floor":17,"key":"SMITH"},{"data":"Disarm","floor":26,"key":"SMITH"},{"data":"Limit Break","floor":30,"key":"SMITH"},{"data":"Shockwave","floor":32,"key":"SMITH"},{"data":"Shrug It Off","floor":34,"key":"SMITH"},{"data":"Demon Form","floor":37,"key":"SMITH"},{"floor":49,"key":"REST"},{"floor":51,"key":"RECALL"},{"floor":54,"key":"REST"}],"circlet_count":0,"master_deck":["AscendersBane","Strike_R+1","Strike_R+1","Strike_R","Strike_R","Defend_R","Defend_R","Defend_R","Defend_R","Bash+1","Inflame+1","Cleave","Evolve+1","Wild Strike","Perfected Strike+1","Shrug It Off+1","Limit Break+1","Immolate+1","Disarm+1","Shockwave+1","Perfected Strike+1","Wild Strike","Battle Trance+1","Demon Form+1","CurseOfTheBell","Impervious","Offering","True Grit+1","Fire Breathing","Flame Barrier","Burning Pact+1","Shrug It Off"],"relics":["Burning Blood","NeowsBlessing","Dota2Spire:Desolator","Calipers","Dota2Spire:Vanguard","Torii","InkBottle","Velvet Choker","Boot","Paper Frog","Lizard Tail","Membership Card","Dota2Spire:BattleFury","Dream Catcher","Calling Bell","Dota2Spire:ShadowBlade","StrikeDummy","Dead Branch","Black Star","Magic Flower","MawBank","Question Card","Anchor","Dota2Spire:BladeMail","Whetstone","Medical Kit","Strawberry"],"acts_visited":["Exordium","TheCity","TheBeyond"],"potions_floor_usage":[14,18,31,35,47,47,56],"damage_taken":[{"damage":0.0,"enemies":"Cultist","floor":1.0,"turns":1.0},{"damage":0.0,"enemies":"Small Slimes","floor":2.0,"turns":1.0},{"damage":0.0,"enemies":"2 Louse","floor":4.0,"turns":1.0},{"damage":8.0,"enemies":"Gremlin Nob","floor":7.0,"turns":3.0},{"damage":21,"enemies":"Gremlin Gang","floor":8,"turns":4},{"damage":7,"enemies":"3 Louse","floor":13,"turns":3},{"damage":30,"enemies":"3 Sentries","floor":14,"turns":6},{"damage":4,"enemies":"3 Sentries","floor":15,"turns":6},{"damage":18,"enemies":"Slime Boss","floor":18,"turns":5},{"damage":1,"enemies":"Chosen","floor":20,"turns":3},{"damage":11,"enemies":"2 Thieves","floor":22,"turns":3},{"damage":0,"enemies":"Centurion and Healer","floor":23,"turns":5},{"damage":1,"enemies":"3 Cultists","floor":24,"turns":3},{"damage":28,"enemies":"Book of Stabbing","floor":25,"turns":5},{"damage":10,"enemies":"Gremlin Leader","floor":27,"turns":6},{"damage":2,"enemies":"Snecko","floor":31,"turns":4},{"damage":18,"enemies":"Slavers","floor":33,"turns":2},{"damage":83,"enemies":"Champ","floor":35,"turns":7},{"damage":2,"enemies":"Champ","floor":38,"turns":8},{"damage":0,"enemies":"Orb Walker","floor":40,"turns":3},{"damage":0,"enemies":"3 Darklings","floor":42,"turns":4},{"damage":8,"enemies":"Mind Bloom Boss Battle","floor":43,"turns":7},{"damage":8,"enemies":"Maw","floor":44,"turns":6},{"damage":35,"enemies":"Reptomancer","floor":45,"turns":6},{"damage":25,"enemies":"Spire Growth","floor":46,"turns":4},{"damage":57,"enemies":"Nemesis","floor":47,"turns":6},{"damage":19,"enemies":"Giant Head","floor":50,"turns":5},{"damage":8,"enemies":"Writhing Mass","floor":53,"turns":7},{"damage":39,"enemies":"Time Eater","floor":55,"turns":9},{"damage":28,"enemies":"Donu and Deca","floor":56,"turns":4}],"seed_played":"6380699610417529438","potions_obtained":[{"floor":1.0,"key":"Dota2Spire:Clarity"},{"floor":2.0,"key":"Dota2Spire:Clarity"},{"floor":13,"key":"SkillPotion"},{"floor":15,"key":"FearPotion"},{"floor":23,"key":"BlessingOfTheForge"},{"floor":27,"key":"BloodPotion"},{"floor":31,"key":"BloodPotion"},{"floor":38,"key":"AttackPotion"},{"floor":40,"key":"EntropicBrew"},{"floor":45,"key":"FairyPotion"},{"floor":47,"key":"Energy Potion"}],"is_trial":false,"path_per_floor":["M","M","$","M","$","R","E","M","T","T","R","$","M","E","?","R","R","B",null,"M","?","M","M","M","E","R","E","T","$","R","M","R","E","R","B",null,"R","B",null,"M","?","M","?","M","E","M","E","T","R","E","R","$","M","R","B","B"],"character_chosen":"IRONCLAD","items_purchased":["Evolve","Shrug It Off","Membership Card","Dota2Spire:BattleFury","Medical Kit","Strawberry","Flame Barrier"],"campfire_rested":2,"item_purchase_floors":[3,12,29,29,52,52,52],"current_hp_per_floor":[74,75,75,75,75,75,73,58,58,58,58,58,57,33,35,35,35,23,62,67,67,62,68,73,51,51,47,47,47,47,66,66,54,54,43,43,43,47,68,74,71,71,69,70,44,28,12,12,33,23,23,30,31,54,24,0,0],"gold":306,"neow_bonus":"THREE_ENEMY_KILL","is_daily":false,"chose_seed":false,"campfire_upgraded":9,"win_rate":0.0,"timestamp":1613262235,"path_taken":["M","M","$","?","$","R","E","M","T","T","R","?","M","E","?","R","R","BOSS","M","?","?","M","M","E","R","E","T","$","R","M","R","E","R","BOSS","R","BOSS","M","?","M","?","M","E","M","E","T","R","E","R","$","M","R","BOSS","BOSS"],"items_purchased_type":["Card","Card","Relic","Relic","Relic","Relic","Card"],"build_version":"2020-12-22","purchased_purges":2,"victory":false,"max_hp_per_floor":[75,75,75,75,75,75,75,75,75,75,75,75,75,75,75,75,75,75,75,75,75,75,75,75,75,75,75,75,75,75,75,75,75,75,75,75,75,75,75,75,71,71,71,71,71,71,71,71,71,71,71,78,78,78,78,78,78],"card_choices":[{"not_picked":["Entrench","Infernal Blade"],"picked":"Inflame","floor":1.0},{"not_picked":["Sever Soul","Bloodletting"],"picked":"Cleave","floor":2.0},{"not_picked":["Warcry","Metallicize"],"picked":"Wild Strike","floor":4.0},{"not_picked":["Flex","Body Slam"],"picked":"Dropkick","floor":7.0},{"not_picked":["Thunderclap","Metallicize"],"picked":"Perfected Strike","floor":8},{"not_picked":["Iron Wave","Thunderclap"],"picked":"Limit Break","floor":13},{"not_picked":["Sword Boomerang","Clothesline","Headbutt"],"picked":"SKIP","floor":14},{"not_picked":["Reaper","Exhume"],"picked":"Immolate","floor":18},{"not_picked":["Rupture","Perfected Strike"],"picked":"Disarm","floor":20},{"not_picked":["True Grit","Wild Strike+1"],"picked":"Shockwave","floor":22},{"not_picked":["Metallicize","Body Slam","Warcry"],"picked":"SKIP","floor":23},{"not_picked":["Searing Blow","Shrug It Off"],"picked":"Perfected Strike+1","floor":24},{"not_picked":["Iron Wave","Flex","Intimidate"],"picked":"SKIP","floor":25},{"not_picked":["Havoc","Blood for Blood","Hemokinesis"],"picked":"SKIP","floor":27},{"not_picked":["Blood for Blood","Infernal Blade"],"picked":"Wild Strike","floor":31},{"not_picked":["Anger","Double Tap"],"picked":"Battle Trance+1","floor":33},{"not_picked":["Juggernaut","Brutality"],"picked":"Demon Form","floor":35},{"not_picked":["Bludgeon","Feed"],"picked":"Impervious","floor":38},{"not_picked":["Rampage","Anger","Flex"],"picked":"SKIP","floor":40},{"not_picked":["Flex","Rupture+1","Wild Strike+1"],"picked":"SKIP","floor":42},{"not_picked":["Cleave","Warcry","Thunderclap"],"picked":"SKIP","floor":44},{"not_picked":["Sword Boomerang","Rage"],"picked":"Offering","floor":45},{"not_picked":["Thunderclap+1","Perfected Strike","Heavy Blade+1"],"picked":"True Grit+1","floor":46},{"not_picked":["Brutality","Shockwave","Headbutt+1","Entrench"],"picked":"SKIP","floor":47},{"not_picked":["Iron Wave+1","Clash","Sword Boomerang"],"picked":"Fire Breathing","floor":50},{"not_picked":["Reckless Charge","Headbutt+1","Perfected Strike"],"picked":"Burning Pact+1","floor":53},{"not_picked":["Blood for Blood","Flex","Offering"],"picked":"Shrug It Off","floor":54}],"player_experience":2437453,"relics_obtained":[{"floor":7.0,"key":"Dota2Spire:Desolator"},{"floor":9,"key":"Calipers"},{"floor":10,"key":"Dota2Spire:Vanguard"},{"floor":14,"key":"Torii"},{"floor":15,"key":"InkBottle"},{"floor":25,"key":"Boot"},{"floor":27,"key":"Paper Frog"},{"floor":28,"key":"Lizard Tail"},{"floor":33,"key":"Dream Catcher"},{"floor":36,"key":"Dota2Spire:ShadowBlade"},{"floor":36,"key":"StrikeDummy"},{"floor":36,"key":"Dead Branch"},{"floor":43,"key":"Magic Flower"},{"floor":45,"key":"MawBank"},{"floor":45,"key":"Question Card"},{"floor":47,"key":"Anchor"},{"floor":47,"key":"Dota2Spire:BladeMail"},{"floor":50,"key":"Whetstone"}],"event_choices":[{"damage_healed":0,"gold_gain":0,"player_choice":"Searched \u00271\u0027 times","damage_taken":0,"max_hp_gain":0,"max_hp_loss":0,"event_name":"Dead Adventurer","floor":15,"gold_loss":0},{"damage_healed":0,"gold_gain":0,"player_choice":"Upgraded","damage_taken":0,"max_hp_gain":0,"max_hp_loss":0,"event_name":"Upgrade Shrine","floor":21,"gold_loss":0,"cards_upgraded":["Immolate"]},{"damage_healed":0,"gold_gain":0,"player_choice":"Max HP","damage_taken":0,"max_hp_gain":0,"max_hp_loss":4,"event_name":"Winding Halls","floor":41,"gold_loss":0},{"damage_healed":0,"gold_gain":0,"player_choice":"Fight","damage_taken":0,"max_hp_gain":0,"max_hp_loss":0,"event_name":"MindBloom","floor":43,"gold_loss":0}],"is_beta":false,"boss_relics":[{"not_picked":["Busted Crown","Empty Cage"],"picked":"Velvet Choker"},{"not_picked":["SlaversCollar","Cursed Key"],"picked":"Calling Bell"},{"not_picked":["Runic Pyramid","Sozu"],"picked":"Black Star"}],"items_purged_floors":[29,52],"is_endless":false,"potions_floor_spawned":[1,2,13,15,23,27,31,33,38,40,45,46,47],"killed_by":"Donu and Deca","ascension_level":20}}