{"host":"37ccm3d17clopct7","time":1613306300,"event":{"mods":["BaseMod","GungeonMod","Hermit","Lobotomy","Minty Spire (QoL Compilation)","StSLib","The Bug Knight","The Cursed","The Hierophant","The Jungle","The Runesmith"],"gold_per_floor":[114,130,130,143,218,249,249,264,264,264,264,277,312,329,329,439,439,449,481,77,176,200,200,55,73,73,73,96,6,6,30,30,139,139,149,196,196,238,238,238,262,280,280,280,33,33,54,71,71,83,83],"floor_reached":50,"language":"KOR","playtime":2467,"items_purged":["hermit:Strike_Hermit"],"score":481,"play_id":"bec13b27-aa55-4439-9e84-f5d4c311706c","local_time":"20210214213820","is_ascension_mode":false,"campfire_choices":[{"floor":10,"key":"REST"},{"floor":15,"key":"REST"},{"floor":23,"key":"REST"},{"floor":27,"key":"REST"},{"floor":32,"key":"REST"},{"floor":40,"key":"REST"},{"floor":46,"key":"REST"},{"floor":49,"key":"REST"}],"circlet_count":0,"master_deck":["hermit:Defend_Hermit","hermit:Snapshot+1","hermit:Covet","hermit:Coalescence","hermit:GhostlyPresence","hermit:TrackingShot","hermit:TakeAim","hermit:CalledShot+1","hermit:WideOpen+1","hermit:Scavenge","hermit:Determination","hermit:BlackWind+1","hermit:HighCaliber+1","hermit:Ricochet+1","hermit:Deadeye+1","hermit:BodyArmor+1","hermit:GhostlyPresence","HandOfGreed+1","hermit:Glare","hermit:CalledShot+1","hermit:Quickdraw+1","hermit:Magnum+1","hermit:Headshot+1","hermit:GoldenBullet+1","hermit:EyeOfTheStorm+1","hermit:Scavenge","hermit:Glare","hermit:Dive","hermit:BigShot+1"],"relics":["hermit:Momento","WarpedTongs","Molten Egg 2","MealTicket","Ancient Tea Set","Astrolabe","Red Mask","Strawberry","Regal Pillow","hermit:Horseshoe","Empty Cage","Letter Opener","Runesmith:Nanobots"],"acts_visited":["Exordium","TheCity","TheBeyond"],"potions_floor_usage":[19,50,50],"damage_taken":[{"damage":0,"enemies":"Small Slimes","floor":1,"turns":2},{"damage":1,"enemies":"Cultist","floor":2,"turns":4},{"damage":0,"enemies":"2 Louse","floor":4,"turns":2},{"damage":19,"enemies":"Gremlin Nob","floor":6,"turns":4},{"damage":2,"enemies":"Blue Slaver","floor":8,"turns":4},{"damage":1,"enemies":"3 Louse","floor":12,"turns":3},{"damage":36,"enemies":"Lagavulin","floor":13,"turns":7},{"damage":3,"enemies":"Exordium Wildlife","floor":14,"turns":4},{"damage":32,"enemies":"Slime Boss","floor":16,"turns":10},{"damage":48,"enemies":"3 Byrds","floor":18,"turns":7},{"damage":25,"enemies":"Masked Bandits","floor":19,"turns":4},{"damage":4,"enemies":"Cultist and Chosen","floor":22,"turns":6},{"damage":30,"enemies":"3 Cultists","floor":25,"turns":6},{"damage":17,"enemies":"Snake Plant","floor":28,"turns":4},{"damage":22,"enemies":"Cultist and Chosen","floor":31,"turns":8},{"damage":61,"enemies":"Automaton","floor":33,"turns":12},{"damage":43,"enemies":"3 Darklings","floor":35,"turns":7},{"damage":10,"enemies":"Orb Walker","floor":36,"turns":4},{"damage":20,"enemies":"Sphere and 2 Shapes","floor":38,"turns":4},{"damage":21,"enemies":"4 Shapes","floor":41,"turns":4},{"damage":8,"enemies":"Spire Growth","floor":42,"turns":4},{"damage":34,"enemies":"4 Shapes","floor":47,"turns":4},{"damage":39,"enemies":"Writhing Mass","floor":48,"turns":5},{"damage":74,"enemies":"Time Eater","floor":50,"turns":12}],"seed_played":"9185807161152320663","potions_obtained":[{"floor":2,"key":"DemoMod:LeadSkinPotion"},{"floor":8,"key":"FairyPotion"},{"floor":12,"key":"Fire Potion"},{"floor":22,"key":"GamblersBrew"},{"floor":48,"key":"Weak Potion"}],"is_trial":false,"path_per_floor":["M","M","?","M","?","E","?","M","T","R","T","M","E","M","R","B",null,"M","?","$","?","M","R","$","M","T","R","M","?","$","M","R","B",null,"M","M","?","M","?","R","M","M","T","?","$","R","M","M","R","B"],"character_chosen":"HERMIT","items_purchased":["HandOfGreed+1","Strawberry","Regal Pillow","Runesmith:Nanobots"],"campfire_rested":8,"item_purchase_floors":[20,20,24,45],"current_hp_per_floor":[75,74,74,74,63,44,44,42,42,64,64,63,27,24,46,14,75,27,2,24,24,20,44,59,29,29,68,51,51,66,44,82,21,82,39,29,29,9,9,48,27,19,19,19,34,73,39,24,63,0,0],"gold":83,"neow_bonus":"UPGRADE_CARD","is_daily":false,"chose_seed":false,"campfire_upgraded":0,"win_rate":0.0,"timestamp":1613306300,"path_taken":["M","M","?","?","?","E","?","M","T","R","?","M","E","M","R","BOSS","M","?","$","?","?","R","?","M","T","R","M","?","$","M","R","BOSS","M","?","?","M","?","R","?","M","T","?","$","R","M","?","R","BOSS"],"items_purchased_type":["Card","Relic","Relic","Relic"],"build_version":"2020-12-22","purchased_purges":1,"victory":false,"max_hp_per_floor":[75,75,75,75,75,75,75,75,75,75,75,75,75,75,75,75,75,75,75,82,82,82,82,82,82,82,82,82,82,82,82,82,82,82,82,82,82,82,82,82,82,82,82,82,82,82,82,82,82,82,82],"card_choices":[{"not_picked":["hermit:Roulette","hermit:NoHoldsBarred"],"picked":"hermit:Coalescence","floor":1},{"not_picked":["hermit:HighCaliber","hermit:Roulette"],"picked":"hermit:GhostlyPresence","floor":2},{"not_picked":["hermit:HeroicBravado","hermit:Grudge"],"picked":"hermit:TrackingShot","floor":4},{"not_picked":["hermit:Manifest","hermit:Roulette+1"],"picked":"hermit:TakeAim","floor":6},{"not_picked":["hermit:Feint","hermit:Midnight"],"picked":"hermit:CalledShot+1","floor":8},{"not_picked":["hermit:Coalescence","hermit:Feint"],"picked":"hermit:WideOpen+1","floor":12},{"not_picked":["hermit:LoneWolf","hermit:Gestalt"],"picked":"hermit:Scavenge","floor":13},{"not_picked":["hermit:Feint","hermit:NoHoldsBarred+1"],"picked":"hermit:Determination","floor":14},{"not_picked":["hermit:EternalForm","hermit:HighNoon"],"picked":"hermit:BlackWind+1","floor":16},{"not_picked":["hermit:Dive","hermit:Grudge+1"],"picked":"hermit:BodyArmor+1","floor":18},{"not_picked":["hermit:FullyLoaded","hermit:TrackingShot+1"],"picked":"hermit:GhostlyPresence","floor":19},{"not_picked":["hermit:Virtue","hermit:TakeCover","hermit:Desperado+1"],"picked":"SKIP","floor":22},{"not_picked":["hermit:BodyArmor","hermit:CalledShot+1"],"picked":"hermit:Glare","floor":25},{"not_picked":["hermit:OverwhelmingPower","hermit:Determination"],"picked":"hermit:CalledShot+1","floor":28},{"not_picked":["hermit:ItchyTrigger+1","hermit:SprayPray+1"],"picked":"hermit:Quickdraw+1","floor":31},{"not_picked":["hermit:Dissolve","hermit:HeroicBravado"],"picked":"hermit:Magnum+1","floor":33},{"not_picked":["hermit:Glare","hermit:NoHoldsBarred+1"],"picked":"hermit:Headshot+1","floor":35},{"not_picked":["hermit:BodyArmor+1","hermit:PistolWhip+1"],"picked":"hermit:GoldenBullet+1","floor":36},{"not_picked":["hermit:Manifest+1","hermit:Grudge+1"],"picked":"hermit:EyeOfTheStorm+1","floor":38},{"not_picked":["hermit:HighCaliber+1","hermit:ItchyTrigger+1"],"picked":"hermit:Scavenge","floor":41},{"not_picked":["hermit:Ricochet+1","hermit:TrackingShot+1"],"picked":"hermit:Glare","floor":42},{"not_picked":["hermit:DeadMansHand","hermit:Manifest+1"],"picked":"hermit:Dive","floor":47},{"not_picked":["hermit:HoleUp+1","hermit:Cheat+1"],"picked":"hermit:BigShot+1","floor":48}],"player_experience":208069,"relics_obtained":[{"floor":6,"key":"Molten Egg 2"},{"floor":9,"key":"MealTicket"},{"floor":13,"key":"Ancient Tea Set"},{"floor":19,"key":"Red Mask"},{"floor":26,"key":"hermit:Horseshoe"},{"floor":43,"key":"Letter Opener"}],"event_choices":[{"damage_healed":0,"gold_gain":0,"player_choice":"Rummage","damage_taken":0,"relics_obtained":["WarpedTongs"],"max_hp_gain":0,"max_hp_loss":0,"event_name":"Accursed Blacksmith","floor":3,"gold_loss":0,"cards_obtained":["Pain"]},{"damage_healed":0,"gold_gain":75,"player_choice":"Gather Gold","damage_taken":11,"max_hp_gain":0,"max_hp_loss":0,"event_name":"World of Goop","floor":5,"gold_loss":0},{"damage_healed":0,"gold_gain":0,"player_choice":"Ignored","damage_taken":0,"max_hp_gain":0,"max_hp_loss":0,"event_name":"Liars Game","floor":7,"gold_loss":0},{"damage_healed":0,"gold_gain":0,"player_choice":"Fought Bandits","damage_taken":0,"max_hp_gain":0,"max_hp_loss":0,"event_name":"Masked Bandits","floor":19,"gold_loss":0},{"damage_healed":0,"gold_gain":99,"player_choice":"Stole From Cult","damage_taken":0,"max_hp_gain":0,"max_hp_loss":0,"event_name":"Nest","floor":21,"gold_loss":0},{"cards_removed":["Pain"],"damage_healed":0,"gold_gain":0,"player_choice":"Upgrade and Remove","damage_taken":0,"max_hp_gain":0,"max_hp_loss":0,"event_name":"Designer","floor":29,"gold_loss":90,"cards_upgraded":["hermit:Defend_Hermit"]},{"cards_removed":["hermit:Defend_Hermit"],"damage_healed":0,"gold_gain":0,"player_choice":"Removed Skill","damage_taken":0,"max_hp_gain":0,"max_hp_loss":0,"event_name":"Falling","floor":37,"gold_loss":0},{"damage_healed":0,"gold_gain":0,"player_choice":"Bought 0 Potions","damage_taken":0,"max_hp_gain":0,"max_hp_loss":0,"event_name":"The Woman in Blue","floor":39,"gold_loss":0},{"damage_healed":0,"gold_gain":0,"player_choice":"Ignored","damage_taken":0,"max_hp_gain":0,"max_hp_loss":0,"event_name":"SecretPortal","floor":44,"gold_loss":0}],"is_beta":false,"boss_relics":[{"not_picked":["Sozu","Runic Dome"],"picked":"Astrolabe"},{"not_picked":["SacredBark","Runic Pyramid"],"picked":"Empty Cage"}],"items_purged_floors":[20],"is_endless":false,"potions_floor_spawned":[2,8,12,16,18,22,25,36,38,41,48],"killed_by":"Time Eater","ascension_level":0}}