{"host":"1c17lcvl7acx821p","time":1613347074,"event":{"mods":["AchievementEnabler","BaseMod","Bestiary","Colored Map","Minty Spire (QoL Compilation)","Quick Restart","Relic Sorter","StSLib","ojb\u0027s Better Paths Mod","ojb\u0027s Info Mod"],"gold_per_floor":[119,136,156,174,194,194,220,220,246,246,246,27,42,42,42,117,117,133,133,115,131,148,148,165,165,165,199,199,199,213,242,242,319,319,334,334,389,389,404,434,434,466,493,510,254,282,298,316,316,316,316,316,72,104,104],"floor_reached":56,"language":"ENG","playtime":3664,"items_purged":["Strike_B","Zap"],"score":2051,"play_id":"f305ee22-1b44-4b50-ba81-9b9ca3282d4b","local_time":"20210215015754","is_ascension_mode":true,"campfire_choices":[{"data":"Consume","floor":6.0,"key":"SMITH"},{"data":"Chaos","floor":8.0,"key":"SMITH"},{"floor":10.0,"key":"REST"},{"floor":15.0,"key":"REST"},{"data":"Hologram","floor":23.0,"key":"SMITH"},{"data":"Seek","floor":29.0,"key":"SMITH"},{"data":"Defragment","floor":32.0,"key":"SMITH"},{"data":"Chill","floor":41.0,"key":"SMITH"},{"floor":49.0,"key":"RECALL"},{"data":"Go for the Eyes","floor":52.0,"key":"SMITH"}],"circlet_count":0,"master_deck":["AscendersBane","Strike_B+1","Strike_B+1","Strike_B+1","Defend_B+1","Defend_B+1","Defend_B+1","Defend_B+1","Dualcast","Consume+1","Chaos+1","Chill+1","Go for the Eyes+1","Cold Snap","All For One+1","FTL+1","Undo","Conserve Battery","Seek+1","Force Field+1","Self Repair+1","Hologram+1","Defragment+1","Machine Learning","All For One+1","The Bomb","Apotheosis","Creative AI","Storm","White Noise"],"relics":["Cracked Core","NeowsBlessing","Anchor","Dream Catcher","Medical Kit","Snecko Eye","Question Card","Omamori","Bag of Preparation","Lantern","Philosopher\u0027s Stone","Bird Faced Urn","Pen Nib","Darkstone Periapt","ClockworkSouvenir","Eternal Feather","Bottled Lightning","Whetstone"],"acts_visited":["Exordium","TheCity","TheBeyond","TheEnding"],"potions_floor_usage":[55],"damage_taken":[{"damage":0.0,"enemies":"Jaw Worm","floor":1.0,"turns":1.0},{"damage":0.0,"enemies":"2 Louse","floor":2.0,"turns":1.0},{"damage":0.0,"enemies":"Small Slimes","floor":3.0,"turns":1.0},{"damage":7.0,"enemies":"Blue Slaver","floor":4.0,"turns":3.0},{"damage":9.0,"enemies":"3 Louse","floor":5.0,"turns":2.0},{"damage":16.0,"enemies":"Lagavulin","floor":7.0,"turns":9.0},{"damage":4.0,"enemies":"Looter","floor":13.0,"turns":3.0},{"damage":5.0,"enemies":"The Guardian","floor":16.0,"turns":11.0},{"damage":0.0,"enemies":"Spheric Guardian","floor":18.0,"turns":4.0},{"damage":16.0,"enemies":"2 Thieves","floor":20.0,"turns":5.0},{"damage":12.0,"enemies":"Cultist and Chosen","floor":21.0,"turns":8.0},{"damage":5.0,"enemies":"Centurion and Healer","floor":22.0,"turns":6.0},{"damage":0.0,"enemies":"Snecko","floor":24.0,"turns":6.0},{"damage":13.0,"enemies":"Gremlin Leader","floor":27.0,"turns":6.0},{"damage":0.0,"enemies":"3 Cultists","floor":30.0,"turns":6.0},{"damage":26.0,"enemies":"Book of Stabbing","floor":31.0,"turns":6.0},{"damage":28.0,"enemies":"Champ","floor":33.0,"turns":10.0},{"damage":0.0,"enemies":"3 Darklings","floor":35.0,"turns":6.0},{"damage":15.0,"enemies":"2 Orb Walkers","floor":37.0,"turns":8.0},{"damage":1.0,"enemies":"3 Shapes","floor":39.0,"turns":5.0},{"damage":0.0,"enemies":"Giant Head","floor":40.0,"turns":5.0},{"damage":28.0,"enemies":"Nemesis","floor":42.0,"turns":9.0},{"damage":1.0,"enemies":"Writhing Mass","floor":44.0,"turns":5.0},{"damage":0.0,"enemies":"Reptomancer","floor":46.0,"turns":2.0},{"damage":0.0,"enemies":"Maw","floor":47.0,"turns":4.0},{"damage":21.0,"enemies":"Sphere and 2 Shapes","floor":48.0,"turns":6.0},{"damage":47.0,"enemies":"Time Eater","floor":50.0,"turns":11.0},{"damage":60.0,"enemies":"Shield and Spear","floor":54.0,"turns":7.0},{"damage":30,"enemies":"The Heart","floor":55,"turns":9}],"seed_played":"5658187540838196132","potions_obtained":[{"floor":3.0,"key":"Explosive Potion"},{"floor":7.0,"key":"BlessingOfTheForge"},{"floor":13.0,"key":"Fire Potion"},{"floor":18.0,"key":"FairyPotion"},{"floor":21.0,"key":"CultistPotion"},{"floor":24.0,"key":"AttackPotion"},{"floor":31.0,"key":"DuplicationPotion"},{"floor":35.0,"key":"Strength Potion"},{"floor":42.0,"key":"AttackPotion"},{"floor":48.0,"key":"ColorlessPotion"}],"is_trial":false,"path_per_floor":["M","M","M","M","M","R","E","R","T","R","?","$","M","?","R","B",null,"M","?","M","M","M","R","M","?","T","E","T","R","M","E","R","B",null,"M","?","?","?","M","E","R","E","T","M","$","E","M","M","R","B",null,"R","$","E","B",null],"character_chosen":"DEFECT","items_purchased":["Medical Kit","ClockworkSouvenir","Bottled Lightning"],"campfire_rested":2,"item_purchase_floors":[12,45,53],"current_hp_per_floor":[64,64,64,57,48,48,32,32,32,53,32,32,28,28,49,44,64,64,64,48,46,51,51,51,51,51,48,48,48,48,32,32,14,57,67,67,62,52,67,71,71,57,57,71,71,71,71,62,71,54,67,71,71,39,45],"gold":104,"neow_bonus":"THREE_ENEMY_KILL","is_daily":false,"chose_seed":false,"campfire_upgraded":7,"win_rate":0.0,"timestamp":1613347074,"path_taken":["M","M","M","M","M","R","E","R","T","R","?","$","M","?","R","BOSS","M","?","M","M","M","R","M","?","T","E","?","R","M","E","R","BOSS","M","?","?","?","M","E","R","E","T","M","$","E","M","M","R","BOSS","R","$","E","BOSS"],"items_purchased_type":["Relic","Relic","Relic"],"build_version":"2020-12-22","purchased_purges":2,"victory":true,"max_hp_per_floor":[71,71,71,71,71,71,71,71,71,71,71,71,71,71,71,71,71,71,71,71,71,71,71,71,71,71,71,71,71,71,71,71,71,71,71,71,71,71,71,71,71,71,71,71,71,71,71,71,71,71,71,71,71,71,71],"card_choices":[{"not_picked":["Hologram","Barrage"],"picked":"Consume","floor":1.0},{"not_picked":["Barrage","Consume"],"picked":"Chaos","floor":2.0},{"not_picked":["Stack","Redo"],"picked":"Chill","floor":3.0},{"not_picked":["Heatsinks","Ball Lightning"],"picked":"Go for the Eyes","floor":4.0},{"not_picked":["White Noise","Hologram"],"picked":"Cold Snap","floor":5.0},{"not_picked":["Leap","Redo"],"picked":"All For One","floor":7.0},{"not_picked":["Compile Driver","Chill"],"picked":"FTL","floor":10.0},{"not_picked":["White Noise","Sweeping Beam"],"picked":"Undo","floor":13.0},{"not_picked":["Redo","Barrage"],"picked":"Conserve Battery","floor":15.0},{"not_picked":["Multi-Cast","All For One"],"picked":"Seek","floor":16.0},{"not_picked":["Hologram","Compile Driver"],"picked":"Force Field+1","floor":18.0},{"not_picked":["Gash","Scrape"],"picked":"Self Repair+1","floor":20.0},{"not_picked":["Leap","Gash","Amplify"],"picked":"SKIP","floor":21.0},{"not_picked":["Undo","Cold Snap"],"picked":"Hologram","floor":22.0},{"not_picked":["Turbo","Darkness","Lockon"],"picked":"SKIP","floor":24.0},{"not_picked":["Recycle","Turbo","Force Field","Go for the Eyes"],"picked":"SKIP","floor":27.0},{"not_picked":["Stack","Hello World","Loop"],"picked":"Defragment","floor":30.0},{"not_picked":["Ball Lightning","Redo","Steam"],"picked":"Machine Learning","floor":31.0},{"not_picked":["Multi-Cast","Amplify","Echo Form"],"picked":"All For One","floor":33.0},{"not_picked":["Sweeping Beam","Beam Cell+1","Melter+1","Rebound+1"],"picked":"SKIP","floor":35.0},{"not_picked":["Flash of Steel","Swift Strike","PanicButton"],"picked":"The Bomb","floor":38.0},{"not_picked":["Metamorphosis","Mayhem","Forethought"],"picked":"Apotheosis","floor":38.0},{"not_picked":["Redo+1","Turbo","Consume","Sweeping Beam+1"],"picked":"SKIP","floor":39.0},{"not_picked":["Consume","Rebound","Stack+1","Turbo"],"picked":"SKIP","floor":40.0},{"not_picked":["Hologram","Rip and Tear","Chill","Force Field+1"],"picked":"SKIP","floor":42.0},{"not_picked":["Reprogram","Cold Snap","Sunder","Lockon"],"picked":"SKIP","floor":44.0},{"not_picked":["Gash+1","Sweeping Beam","Machine Learning"],"picked":"Creative AI","floor":46.0},{"not_picked":["Auto Shields","Melter","Go for the Eyes","Rebound"],"picked":"SKIP","floor":47.0},{"not_picked":["Steam Power","Streamline","Ball Lightning+1"],"picked":"Storm","floor":48.0},{"not_picked":["Ball Lightning","Leap","Go for the Eyes+1"],"picked":"White Noise","floor":54.0}],"player_experience":324842,"relics_obtained":[{"floor":7.0,"key":"Anchor"},{"floor":9.0,"key":"Dream Catcher"},{"floor":26.0,"key":"Question Card"},{"floor":27.0,"key":"Omamori"},{"floor":28.0,"key":"Bag of Preparation"},{"floor":31.0,"key":"Lantern"},{"floor":37.0,"key":"Bird Faced Urn"},{"floor":40.0,"key":"Pen Nib"},{"floor":42.0,"key":"Darkstone Periapt"},{"floor":46.0,"key":"Eternal Feather"},{"floor":54.0,"key":"Whetstone"}],"event_choices":[{"damage_healed":0.0,"max_hp_gain":0.0,"max_hp_loss":0.0,"gold_gain":0.0,"event_name":"Shining Light","player_choice":"Entered Light","floor":11.0,"gold_loss":0.0,"damage_taken":21.0,"cards_upgraded":["FTL","Defend_B"]},{"damage_healed":0.0,"max_hp_gain":0.0,"max_hp_loss":0.0,"gold_gain":0.0,"event_name":"Liars Game","player_choice":"Ignored","floor":14.0,"gold_loss":0.0,"damage_taken":0.0},{"damage_healed":0.0,"max_hp_gain":0.0,"max_hp_loss":0.0,"gold_gain":0.0,"event_name":"Ghosts","player_choice":"Ignored","floor":19.0,"gold_loss":0.0,"damage_taken":0.0},{"damage_healed":0.0,"max_hp_gain":0.0,"max_hp_loss":0.0,"gold_gain":0.0,"event_name":"Back to Basics","player_choice":"Simplicity","floor":25.0,"gold_loss":0.0,"damage_taken":0.0,"cards_upgraded":["Strike_B","Strike_B","Strike_B","Defend_B","Defend_B","Defend_B"]},{"damage_healed":0.0,"max_hp_gain":0.0,"max_hp_loss":0.0,"gold_gain":0.0,"event_name":"Tomb of Lord Red Mask","player_choice":"Ignored","floor":36.0,"gold_loss":0.0,"damage_taken":0.0},{"damage_healed":0.0,"max_hp_gain":0.0,"max_hp_loss":0.0,"gold_gain":0.0,"event_name":"Mysterious Sphere","player_choice":"Fight","floor":37.0,"gold_loss":0.0,"damage_taken":0.0},{"damage_healed":0.0,"max_hp_gain":0.0,"max_hp_loss":0.0,"gold_gain":0.0,"event_name":"SensoryStone","player_choice":"Memory 3","floor":38.0,"gold_loss":0.0,"damage_taken":10.0}],"is_beta":false,"boss_relics":[{"not_picked":["Ectoplasm","Nuclear Battery"],"picked":"Snecko Eye"},{"not_picked":["FrozenCore","Coffee Dripper"],"picked":"Philosopher\u0027s Stone"}],"items_purged_floors":[12,45],"is_endless":false,"potions_floor_spawned":[3,7,13,16,18,21,24,31,35,42,48],"ascension_level":15}}