{"host":"c83fcgyuu74iknko","time":1613272814,"event":{"mods":["BaseMod","Colored Map","Colored Powertips","Minty Spire (QoL Compilation)","Quick Restart","StSLib","The Animator","The Senshi"],"gold_per_floor":[118,118,132,57,76,94,94,111,111,111,121,134,159,170,170,265,265,277,56,56,74,84,84,84,84,84],"floor_reached":25,"language":"ENG","playtime":1207,"items_purged":["theSenshi:SailorBlock"],"score":217,"play_id":"196592a7-fc4d-49a0-b022-4de38130d5e4","local_time":"20210213192014","is_ascension_mode":true,"campfire_choices":[{"data":"theSenshi:SailorStarHealerAssists","floor":10,"key":"SMITH"},{"data":"theSenshi:TallSilhouette","floor":15,"key":"SMITH"},{"data":"theSenshi:MoonPower","floor":23,"key":"SMITH"}],"circlet_count":0,"master_deck":["theSenshi:SailorKick","theSenshi:SailorKick","theSenshi:SailorKick","theSenshi:SailorKick","theSenshi:SailorBlock","theSenshi:SailorBlock","theSenshi:RoseThrow","theSenshi:MoonPrismPowerMakeUp","theSenshi:TallSilhouette+1","theSenshi:TuxedoSmokingBomber","theSenshi:SailorStarHealerAssists+1","theSenshi:MoonPower+1","theSenshi:MoonlightKnight","theSenshi:InTheNickOfTime","theSenshi:TuxedoSmokingBomber"],"relics":["theSenshi:TransformationBroochRelic","NeowsBlessing","Anchor","Omamori","theSenshi:TransformationPenRelic","Cursed Key","Oddly Smooth Stone","Meat on the Bone"],"acts_visited":["Exordium","TheCity"],"potions_floor_usage":[12,13,13,16],"damage_taken":[{"damage":0,"enemies":"2 Louse","floor":1,"turns":1},{"damage":0,"enemies":"Cultist","floor":3,"turns":1},{"damage":0,"enemies":"Jaw Worm","floor":5,"turns":1},{"damage":34,"enemies":"Gremlin Gang","floor":6,"turns":8},{"damage":0,"enemies":"3 Louse","floor":8,"turns":3},{"damage":4,"enemies":"Blue Slaver","floor":11,"turns":4},{"damage":7,"enemies":"Exordium Wildlife","floor":12,"turns":8},{"damage":14,"enemies":"Lagavulin","floor":13,"turns":10},{"damage":3,"enemies":"Exordium Thugs","floor":14,"turns":7},{"damage":37,"enemies":"The Guardian","floor":16,"turns":13},{"damage":4,"enemies":"Spheric Guardian","floor":18,"turns":6},{"damage":5,"enemies":"Chosen","floor":21,"turns":7},{"damage":16,"enemies":"Snecko","floor":22,"turns":8},{"damage":73,"enemies":"Slavers","floor":25,"turns":4}],"seed_played":"3589754161084850383","potions_obtained":[{"floor":5,"key":"Regen Potion"},{"floor":6,"key":"ColorlessPotion"},{"floor":8,"key":"Ancient Potion"},{"floor":13,"key":"LiquidMemories"},{"floor":16,"key":"Ancient Potion"}],"is_trial":false,"path_per_floor":["M","?","M","$","M","M","?","M","T","R","M","M","E","M","R","B",null,"M","$","?","M","M","R","?","E"],"character_chosen":"THE_SENSHI","items_purchased":["theSenshi:InTheNickOfTime","Oddly Smooth Stone"],"campfire_rested":0,"item_purchase_floors":[19,19],"current_hp_per_floor":[75,75,75,75,75,41,41,41,41,41,42,40,46,48,48,16,75,71,71,71,70,54,54,54,0,0],"gold":84,"neow_bonus":"THREE_ENEMY_KILL","is_daily":false,"chose_seed":false,"campfire_upgraded":3,"win_rate":0.0,"timestamp":1613272814,"path_taken":["M","?","?","$","M","M","?","M","T","R","M","?","E","M","R","BOSS","M","$","?","M","M","R","?","E"],"items_purchased_type":["Card","Relic"],"build_version":"2020-12-22","purchased_purges":1,"victory":false,"max_hp_per_floor":[75,75,75,75,75,75,75,75,75,75,75,75,75,75,75,75,75,75,75,75,75,75,75,75,75,75],"card_choices":[{"not_picked":["theSenshi:Sidestep","theSenshi:MoonTiaraMagic"],"picked":"theSenshi:MoonlightKnight","floor":1},{"not_picked":["theSenshi:SailorPlanetAttack","theSenshi:SailorV"],"picked":"theSenshi:TallSilhouette","floor":3},{"not_picked":["theSenshi:LateForSchool","theSenshi:SailorMarsAssists"],"picked":"theSenshi:TuxedoSmokingBomber","floor":5},{"not_picked":["theSenshi:SailorPlanetPower","theSenshi:Sidestep","theSenshi:MoonPrincessHalation"],"picked":"SKIP","floor":6},{"not_picked":["theSenshi:TallSilhouette","theSenshi:SailorMarsAssists"],"picked":"theSenshi:SailorStarHealerAssists","floor":8},{"not_picked":["theSenshi:SchoolBag","theSenshi:SailorJupiterAssists","theSenshi:SailorPlanetPower"],"picked":"SKIP","floor":11},{"not_picked":["theSenshi:LunasBite","theSenshi:SchoolBag","theSenshi:VenusGlamour"],"picked":"SKIP","floor":12},{"not_picked":["theSenshi:SchoolBag","theSenshi:DramaticEntrance"],"picked":"theSenshi:MoonPower","floor":13},{"not_picked":["theSenshi:SailorMarsAssists","theSenshi:MoonKick","theSenshi:MoonTiaraMagic"],"picked":"SKIP","floor":14},{"not_picked":["theSenshi:MoonPunch","theSenshi:MoonPrincessHalation"],"picked":"theSenshi:MoonlightKnight","floor":18},{"not_picked":["theSenshi:SailorUranusAssists","theSenshi:CrisisMakeUp","theSenshi:SailorPlanetPower"],"picked":"SKIP","floor":21},{"not_picked":["theSenshi:SailorVenusAssists","theSenshi:SailorV"],"picked":"theSenshi:TuxedoSmokingBomber","floor":22}],"player_experience":254409,"relics_obtained":[{"floor":9,"key":"Omamori"},{"floor":13,"key":"theSenshi:TransformationPenRelic"}],"event_choices":[{"cards_removed":["theSenshi:MoonlightKnight"],"damage_healed":0,"gold_gain":0,"player_choice":"Gave Card","damage_taken":0,"relics_obtained":["Anchor"],"max_hp_gain":0,"max_hp_loss":0,"event_name":"WeMeetAgain","floor":2,"gold_loss":0},{"cards_removed":["theSenshi:SailorBlock"],"damage_healed":0,"gold_gain":0,"player_choice":"Offered Basic","damage_taken":0,"max_hp_gain":0,"max_hp_loss":0,"event_name":"Bonfire Elementals","floor":7,"gold_loss":0},{"damage_healed":0,"gold_gain":0,"player_choice":"Opened","damage_taken":0,"relics_obtained":["Meat on the Bone"],"max_hp_gain":0,"max_hp_loss":0,"event_name":"The Mausoleum","floor":20,"gold_loss":0}],"is_beta":false,"boss_relics":[{"not_picked":["Fusion Hammer","Philosopher\u0027s Stone"],"picked":"Cursed Key"}],"items_purged_floors":[4],"is_endless":false,"potions_floor_spawned":[5,6,8,13,16],"killed_by":"Slavers","ascension_level":1}}