{"host":"r6lqs70fdfl5jnjl","time":1613291911,"event":{"mods":["Act Like it!","BaseMod","Minty Spire (QoL Compilation)","StSLib"],"gold_per_floor":[113,113,15,15,15,15,50,66,120,134,134,194,226,451,451,552,552,565,615,665,715,765,765,865,876,876,895,895,956,118,168,168,269,269,286,299,349,360,375,402,452,502,526,27,45,75,87,100,100,100,100],"floor_reached":50,"language":"ZHS","playtime":3348,"items_purged":["Writhe","Doubt"],"score":730,"play_id":"2920af19-2247-455c-9a3d-a5e9f56dcd18","local_time":"20210214163831","is_ascension_mode":false,"campfire_choices":[{"floor":6.0,"key":"RECALL"},{"floor":11.0,"key":"REST"},{"floor":15.0,"key":"REST"},{"data":"Demon Form","floor":23.0,"key":"SMITH"},{"data":"Spot Weakness","floor":28.0,"key":"SMITH"},{"floor":32.0,"key":"REST"},{"floor":49.0,"key":"REST"}],"circlet_count":0,"master_deck":["Strike_R","Strike_R","Strike_R","Strike_R","Strike_R","Defend_R","Defend_R+1","Defend_R","Defend_R","Bash","Battle Trance+1","Cleave","Hemokinesis","Warcry","Spot Weakness+1","Twin Strike","Sword Boomerang","Demon Form+1","Shrug It Off","Thunderclap","Twin Strike","Warcry+1","Inflame","Hemokinesis","Heavy Blade","Double Tap","Inflame","Pommel Strike","Madness","Madness","Armaments+1","Clash+1","Battle Trance+1","Metamorphosis","Combust+1","Shrug It Off"],"relics":["Black Blood","Lizard Tail","War Paint","SsserpentHead","Paper Frog","Thread and Needle","Velvet Choker","Enchiridion","Pear","Bottled Flame","Mango","Regal Pillow","Sling","Eternal Feather","Bag of Marbles","Pantograph","PreservedInsect"],"acts_visited":["Exordium","TheCity","TheBeyond"],"potions_floor_usage":[50],"damage_taken":[{"damage":2.0,"enemies":"2 Louse","floor":1.0,"turns":3.0},{"damage":65.0,"enemies":"Lagavulin","floor":7.0,"turns":8.0},{"damage":2.0,"enemies":"Cultist","floor":8.0,"turns":4.0},{"damage":4.0,"enemies":"Small Slimes","floor":10.0,"turns":2.0},{"damage":2.0,"enemies":"3 Louse","floor":12.0,"turns":3.0},{"damage":16.0,"enemies":"Gremlin Nob","floor":13.0,"turns":3.0},{"damage":52.0,"enemies":"Hexaghost","floor":16.0,"turns":6.0},{"damage":14.0,"enemies":"3 Byrds","floor":18.0,"turns":4.0},{"damage":29.0,"enemies":"2 Thieves","floor":25.0,"turns":4.0},{"damage":7.0,"enemies":"Cultist and Chosen","floor":27.0,"turns":5.0},{"damage":23.0,"enemies":"Snake Plant","floor":29.0,"turns":4.0},{"damage":89.0,"enemies":"Collector","floor":33.0,"turns":6.0},{"damage":10.0,"enemies":"3 Shapes","floor":35.0,"turns":5.0},{"damage":16.0,"enemies":"Orb Walker","floor":36.0,"turns":3.0},{"damage":25.0,"enemies":"Jaw Worm Horde","floor":38.0,"turns":3.0},{"damage":22.0,"enemies":"Maw","floor":39.0,"turns":5.0},{"damage":65.0,"enemies":"Reptomancer","floor":40.0,"turns":5.0},{"damage":18.0,"enemies":"Sphere and 2 Shapes","floor":45.0,"turns":6.0},{"damage":8.0,"enemies":"4 Shapes","floor":47.0,"turns":3.0},{"damage":40.0,"enemies":"Writhing Mass","floor":48.0,"turns":4.0},{"damage":138,"enemies":"Awakened One","floor":50,"turns":7}],"seed_played":"3900050908055469122","potions_obtained":[{"floor":7.0,"key":"DistilledChaos"},{"floor":10.0,"key":"FairyPotion"},{"floor":16.0,"key":"AttackPotion"},{"floor":25.0,"key":"Fire Potion"},{"floor":36.0,"key":"Explosive Potion"},{"floor":45.0,"key":"Energy Potion"},{"floor":46.0,"key":"SkillPotion"},{"floor":47.0,"key":"SneckoOil"}],"is_trial":false,"path_per_floor":["M","?","$","?","?","R","E","M","T","M","R","M","E","?","R","B",null,"M","?","?","?","T","R","?","M","T","M","R","M","$","?","R","B",null,"M","M","?","M","M","E","?","?","T","$","M","?","M","M","R","B"],"character_chosen":"IRONCLAD","items_purchased":["Cleave","Mango","Regal Pillow","Sling","Inflame","Hemokinesis","Pantograph","PreservedInsect","Block Potion","Weak Potion"],"campfire_rested":4,"item_purchase_floors":[3,30,30,30,30,30,44,44,44,44],"current_hp_per_floor":[80,80,80,73,73,73,14,18,18,20,44,48,38,38,62,16,80,72,57,41,41,51,51,51,28,28,27,27,10,24,24,71,38,109,109,105,91,78,68,15,15,15,15,15,63,63,67,39,107,0,0],"gold":100,"neow_bonus":"ONE_RARE_RELIC","is_daily":false,"chose_seed":false,"campfire_upgraded":2,"win_rate":0.0,"timestamp":1613291911,"path_taken":["M","?","?","?","?","R","E","M","T","M","R","?","E","?","R","BOSS","M","?","?","?","?","R","?","M","T","M","R","?","$","?","R","BOSS","M","M","?","M","M","E","?","?","T","$","M","?","M","M","R","BOSS"],"items_purchased_type":["Card","Relic","Relic","Relic","Card","Card","Relic","Relic","Potion","Potion"],"build_version":"2020-12-22","purchased_purges":2,"victory":false,"max_hp_per_floor":[80,80,80,80,80,80,80,80,80,80,80,80,80,80,80,80,80,80,85,85,85,95,95,95,95,95,95,95,95,109,109,109,109,109,109,109,109,109,109,109,109,109,109,109,109,109,109,109,109,109,109],"card_choices":[{"not_picked":["Reckless Charge","True Grit"],"picked":"Battle Trance","floor":1.0},{"not_picked":["Dark Embrace","Clash"],"picked":"Hemokinesis","floor":7.0},{"not_picked":["Battle Trance","Cleave"],"picked":"Warcry","floor":8.0},{"not_picked":["Twin Strike","Body Slam"],"picked":"Spot Weakness","floor":10.0},{"not_picked":["Anger","Clothesline"],"picked":"Twin Strike","floor":12.0},{"not_picked":["Reckless Charge","Clothesline"],"picked":"Sword Boomerang","floor":13.0},{"not_picked":["Berserk","Barricade"],"picked":"Demon Form","floor":16.0},{"not_picked":["Sword Boomerang","Perfected Strike+1"],"picked":"Shrug It Off","floor":18.0},{"not_picked":["Rage","Clash+1"],"picked":"Thunderclap","floor":25.0},{"not_picked":["Intimidate+1","Shockwave"],"picked":"Twin Strike","floor":27.0},{"not_picked":["Searing Blow","Anger"],"picked":"Warcry+1","floor":29.0},{"not_picked":["Offering","Demon Form"],"picked":"Double Tap","floor":33.0},{"not_picked":["Clash+1","Cleave+1"],"picked":"Inflame","floor":35.0},{"not_picked":["Whirlwind","Body Slam+1"],"picked":"Pommel Strike","floor":36.0},{"not_picked":["Feel No Pain","Twin Strike"],"picked":"Armaments+1","floor":38.0},{"not_picked":["Anger","Sword Boomerang"],"picked":"Clash+1","floor":39.0},{"not_picked":["Barricade","Fiend Fire"],"picked":"Battle Trance+1","floor":40.0},{"not_picked":["Secret Weapon","PanicButton"],"picked":"Metamorphosis","floor":42.0},{"not_picked":["Combust","Shrug It Off","Clash"],"picked":"SKIP","floor":45.0},{"not_picked":["Dark Embrace","Armaments+1"],"picked":"Combust+1","floor":47.0},{"not_picked":["Clash","Shockwave"],"picked":"Shrug It Off","floor":48.0}],"player_experience":25999,"relics_obtained":[{"floor":7.0,"key":"Paper Frog"},{"floor":13.0,"key":"Thread and Needle"},{"floor":20.0,"key":"Enchiridion"},{"floor":22.0,"key":"Pear"},{"floor":26.0,"key":"Bottled Flame"},{"floor":40.0,"key":"Eternal Feather"},{"floor":43.0,"key":"Bag of Marbles"}],"event_choices":[{"damage_healed":0.0,"max_hp_gain":0.0,"max_hp_loss":0.0,"gold_gain":0.0,"event_name":"WeMeetAgain","player_choice":"Ignored","floor":2.0,"gold_loss":0.0,"damage_taken":0.0},{"damage_healed":0.0,"max_hp_gain":0.0,"max_hp_loss":0.0,"gold_gain":0.0,"event_name":"Scrap Ooze","player_choice":"Success","floor":4.0,"gold_loss":0.0,"damage_taken":7.0,"relics_obtained":["War Paint"]},{"damage_healed":0.0,"max_hp_gain":0.0,"max_hp_loss":0.0,"gold_gain":0.0,"event_name":"FaceTrader","player_choice":"Trade","floor":5.0,"gold_loss":0.0,"damage_taken":0.0,"relics_obtained":["SsserpentHead"]},{"damage_healed":0.0,"max_hp_gain":0.0,"max_hp_loss":0.0,"gold_gain":175.0,"event_name":"Liars Game","player_choice":"AGREE","floor":14.0,"gold_loss":0.0,"damage_taken":0.0,"cards_obtained":["Doubt"]},{"damage_healed":0.0,"max_hp_gain":5.0,"max_hp_loss":0.0,"gold_gain":0.0,"event_name":"Forgotten Altar","player_choice":"Shed Blood","floor":19.0,"gold_loss":0.0,"damage_taken":20.0},{"damage_healed":0.0,"max_hp_gain":0.0,"max_hp_loss":0.0,"gold_gain":0.0,"event_name":"Cursed Tome","player_choice":"Obtained Book","floor":20.0,"gold_loss":0.0,"damage_taken":16.0},{"damage_healed":0.0,"max_hp_gain":0.0,"max_hp_loss":0.0,"gold_gain":0.0,"event_name":"Ghosts","player_choice":"Ignored","floor":21.0,"gold_loss":0.0,"damage_taken":0.0},{"damage_healed":0.0,"max_hp_gain":0.0,"max_hp_loss":0.0,"gold_gain":100.0,"event_name":"The Joust","player_choice":"Bet on Murderer","floor":24.0,"gold_loss":50.0,"damage_taken":0.0},{"damage_healed":0.0,"max_hp_gain":0.0,"max_hp_loss":0.0,"gold_gain":0.0,"event_name":"The Library","player_choice":"Read","floor":31.0,"gold_loss":0.0,"damage_taken":0.0,"cards_obtained":["Heavy Blade"]},{"damage_healed":0.0,"max_hp_gain":0.0,"max_hp_loss":0.0,"gold_gain":0.0,"event_name":"Winding Halls","player_choice":"Embrace Madness","floor":37.0,"gold_loss":0.0,"damage_taken":14.0,"cards_obtained":["Madness","Madness"]},{"damage_healed":0.0,"max_hp_gain":0.0,"max_hp_loss":0.0,"gold_gain":0.0,"event_name":"Mysterious Sphere","player_choice":"Ignored","floor":41.0,"gold_loss":0.0,"damage_taken":0.0},{"damage_healed":0.0,"max_hp_gain":0.0,"max_hp_loss":0.0,"gold_gain":0.0,"event_name":"SensoryStone","player_choice":"Memory 1","floor":42.0,"gold_loss":0.0,"damage_taken":0.0},{"damage_healed":0.0,"max_hp_gain":0.0,"max_hp_loss":0.0,"gold_gain":0.0,"event_name":"The Woman in Blue","player_choice":"Bought 1 Potion","floor":46.0,"gold_loss":0.0,"damage_taken":0.0}],"is_beta":false,"boss_relics":[{"not_picked":["Runic Dome","Philosopher\u0027s Stone"],"picked":"Velvet Choker"},{"not_picked":["Cursed Key","Runic Cube"],"picked":"Black Blood"}],"items_purged_floors":[3,30],"is_endless":false,"potions_floor_spawned":[7,10,16,25,36,45,47],"killed_by":"Awakened One","ascension_level":0}}