{"host":"5oe6e4b9xi36nq9o","time":1613264538,"event":{"mods":["2.2 Compatiblity","AchievementEnabler","Aspiration","Bard","BaseMod","Better Altar","Better Match","Better Note","Better Sensory Stone","Better Skull","Better Third Choice","BetterRewards","Block Reminder","Colored Powertips","Conspire","Downfall","Energized Spire","Hermit","Highlight Path","Hubris","Infinite Spire","Ironclad Rager","Jedi Mod","Minty Spire (QoL Compilation)","Permanent Neow","Quick Restart","Random Character Button","Random Character Mod","Rare Cards Sparkle","Relic Stats","Replay The Spire","StSLib","The Construct","The Hierophant"],"gold_per_floor":[112,112,112,131,209,235,235,261,261,295,312,312,312,312,312,342,342,439,439,457,477,392,392,392,392,112,112,182,195,95,195,208,235,235,330,330,348,362,362,21,21,50,50,77,102,130,130,149,162,182,182,182,182,182,407,437,437,437],"floor_reached":57,"language":"ENG","playtime":4723,"items_purged":["Replay:Battleflow+1","Strike_P+1","ClearTheMind+1","Prostrate+1"],"score":1406,"play_id":"fb1e69c6-f769-43e6-92d0-cb6573395be3","local_time":"20210213230218","is_ascension_mode":true,"campfire_choices":[{"floor":7.0,"key":"REST"},{"floor":14.0,"key":"REST"},{"data":"Perseverance","floor":17.0,"key":"SMITH"},{"data":"Replay:AtTheReady","floor":25.0,"key":"PURGE"},{"data":"Strike_P+1","floor":34.0,"key":"PURGE"},{"data":"Defend_P+1","floor":43.0,"key":"PURGE"},{"floor":47.0,"key":"RECALL"},{"data":"Eruption+1","floor":51.0,"key":"PURGE"},{"data":"Defend_P+1","floor":54.0,"key":"PURGE"}],"circlet_count":0,"master_deck":["AscendersBane","Defend_P+1","Vigilance+1","LessonLearned+1","Study+1","Perseverance+1","Prostrate+1","Replay:ManipulateFuture+1","Establishment+1","hubris:InfiniteBlow+41","Protect+1","hubris:Fate+1","Evaluate+1","hubris:NaturalOne","DevaForm+1","EmptyMind+1","Fasting2","Omniscience"],"relics":["PureWater","HornCleat","infinitespire:Beetle Shell","FossilizedHelix","infinitespire:Bottled Soul","hubris:Icosahedron","hubris:TenFootPole","Sozu","jedi:HeartOfTheCards","Philosopher\u0027s Stone","Peace Pipe","Lee\u0027s Waffle","Mummified Hand","hubris:GlazedTorus","jedi:archwizardhat","hubris:FunFungus","jedi:hotpepper","Membership Card","hubris:CrystalStatue","Eternal Feather","Dream Catcher","Gambling Chip","hubris:NiceRug","hubris:MobiusCoin","Pantograph","TheAbacus","jedi:bottledfury"],"acts_visited":["Exordium","TheCity","TheBeyond","TheEnding"],"potions_floor_usage":[],"damage_taken":[{"damage":1.0,"enemies":"Cultist","floor":1.0,"turns":5.0},{"damage":0.0,"enemies":"2 Louse","floor":4.0,"turns":2.0},{"damage":36.0,"enemies":"Lagavulin","floor":6.0,"turns":6.0},{"damage":11.0,"enemies":"3 Sentries","floor":8.0,"turns":15.0},{"damage":0.0,"enemies":"Lagavulin","floor":10.0,"turns":7.0},{"damage":0.0,"enemies":"Jaw Worm","floor":11.0,"turns":5.0},{"damage":0.0,"enemies":"Gremlin Nob","floor":16.0,"turns":6.0},{"damage":35.0,"enemies":"Slime Boss","floor":18.0,"turns":21.0},{"damage":33.0,"enemies":"Chosen","floor":20.0,"turns":11.0},{"damage":0.0,"enemies":"Spheric Guardian","floor":21.0,"turns":7.0},{"damage":0.0,"enemies":"Chosen and Byrds","floor":29.0,"turns":6.0},{"damage":0.0,"enemies":"Colosseum Slavers","floor":31.0,"turns":3.0},{"damage":0.0,"enemies":"Colosseum Nobs","floor":31.0,"turns":2.0},{"damage":0.0,"enemies":"Shelled Parasite and Fungi","floor":32.0,"turns":5.0},{"damage":15.0,"enemies":"Slavers","floor":33.0,"turns":6.0},{"damage":0.0,"enemies":"Champ","floor":35.0,"turns":6.0},{"damage":0.0,"enemies":"3 Shapes","floor":37.0,"turns":7.0},{"damage":0.0,"enemies":"Orb Walker","floor":38.0,"turns":2.0},{"damage":0.0,"enemies":"Giant Head","floor":42.0,"turns":5.0},{"damage":0.0,"enemies":"R_Hoarder","floor":44.0,"turns":2.0},{"damage":0.0,"enemies":"Nemesis","floor":46.0,"turns":3.0},{"damage":0.0,"enemies":"3 Darklings","floor":48.0,"turns":4.0},{"damage":0.0,"enemies":"Sphere and 2 Shapes","floor":49.0,"turns":7.0},{"damage":0.0,"enemies":"4 Shapes","floor":50.0,"turns":3.0},{"damage":0.0,"enemies":"Donu and Deca","floor":52.0,"turns":1.0},{"damage":0.0,"enemies":"hubris:Merchant","floor":55.0,"turns":2.0},{"damage":0,"enemies":"Shield and Spear","floor":56,"turns":1},{"damage":101,"enemies":"The Heart","floor":57,"turns":5}],"seed_played":"-5828871865699367964","potions_obtained":[{"floor":1.0,"key":"FearPotion"},{"floor":3.0,"key":"bronze:BurnAndBuffPotion"},{"floor":3.0,"key":"Explosive Potion"},{"floor":6.0,"key":"jedi:wingpotion"},{"floor":11.0,"key":"PowerPotion"},{"floor":16.0,"key":"Energy Potion"}],"is_trial":false,"path_per_floor":["M","?","?","M","?","E","R","E","T","E","M","PTL","PTL","R","?","E","R","B",null,"M","M","?","?","AVR","R","$","?","T","M","$","?","M","E","R","B",null,"M","M","?","$","?","E","R","E","T","E","R","M","M","M","R","B",null,"R","$","E","B"],"character_chosen":"WATCHER","items_purchased":["Lee\u0027s Waffle","Protect","Membership Card","hubris:CrystalStatue"],"campfire_rested":2,"item_purchase_floors":[26,26,40,40],"current_hp_per_floor":[64,50,50,50,50,14,35,24,24,24,24,24,24,45,45,45,45,10,57,24,24,24,24,24,24,79,70,70,70,70,70,70,55,55,65,59,59,59,59,59,59,59,59,59,59,59,59,59,59,59,59,59,59,59,59,59,0,0],"gold":437,"neow_bonus":"TRANSFORM_CARD","is_daily":false,"chose_seed":false,"campfire_upgraded":1,"win_rate":0.0,"timestamp":1613264538,"path_taken":["M","?","?","?","?","E","R","E","T","E","M","PTL","PTL","R","?","E","R","BOSS","M","M","?","?","AVR","R","$","?","T","M","?","?","M","E","R","BOSS","M","M","?","$","?","E","R","E","T","E","R","M","?","M","R","BOSS","R","$","E","BOSS"],"items_purchased_type":["Relic","Card","Relic","Relic"],"build_version":"2020-12-22","purchased_purges":4,"victory":false,"max_hp_per_floor":[72,72,72,72,72,72,72,72,72,72,72,72,72,72,72,72,72,72,72,72,72,72,72,72,72,79,79,79,79,79,79,79,79,79,79,59,59,59,59,59,59,59,59,59,59,59,59,59,59,59,59,59,59,59,59,59,59,59],"relic_stats":{"Sozu":8,"Peace Pipe":6,"Lee\u0027s Waffle":55,"Dream Catcher":0,"TheAbacus":[6],"counters":[28,155],"Mummified Hand":[53],"Gambling Chip":[16],"Pantograph":0,"Eternal Feather":0,"obtain_stats":[{"hubris:CrystalStatue":40,"jedi:bottledfury":56,"jedi:archwizardhat":31,"Sozu":19,"Dream Catcher":44,"HornCleat":6,"hubris:Icosahedron":15,"TheAbacus":55,"infinitespire:Bottled Soul":10,"Mummified Hand":28,"Gambling Chip":46,"Pantograph":55,"Philosopher\u0027s Stone":24,"hubris:FunFungus":33,"hubris:GlazedTorus":31,"hubris:MobiusCoin":55,"Lee\u0027s Waffle":26,"Eternal Feather":42,"infinitespire:Beetle Shell":8,"jedi:HeartOfTheCards":22,"Peace Pipe":24,"jedi:hotpepper":36,"hubris:TenFootPole":16,"Membership Card":40,"PureWater":0,"FossilizedHelix":9,"hubris:NiceRug":55},{"hubris:CrystalStatue":18,"jedi:bottledfury":27,"jedi:archwizardhat":13,"Sozu":8,"Dream Catcher":20,"HornCleat":3,"hubris:Icosahedron":6,"TheAbacus":26,"infinitespire:Bottled Soul":5,"Mummified Hand":10,"Gambling Chip":21,"Pantograph":26,"Philosopher\u0027s Stone":10,"hubris:FunFungus":15,"hubris:GlazedTorus":13,"hubris:MobiusCoin":26,"Lee\u0027s Waffle":10,"Eternal Feather":19,"infinitespire:Beetle Shell":4,"jedi:HeartOfTheCards":10,"Peace Pipe":10,"jedi:hotpepper":16,"hubris:TenFootPole":7,"Membership Card":18,"PureWater":0,"FossilizedHelix":4,"hubris:NiceRug":26},{"hubris:CrystalStatue":122,"jedi:bottledfury":150,"jedi:archwizardhat":96,"Sozu":67,"Dream Catcher":129,"HornCleat":13,"hubris:Icosahedron":40,"TheAbacus":149,"infinitespire:Bottled Soul":35,"Mummified Hand":85,"Gambling Chip":132,"Pantograph":149,"Philosopher\u0027s Stone":85,"hubris:FunFungus":107,"hubris:GlazedTorus":96,"hubris:MobiusCoin":149,"Lee\u0027s Waffle":85,"Eternal Feather":127,"infinitespire:Beetle Shell":28,"jedi:HeartOfTheCards":85,"Peace Pipe":85,"jedi:hotpepper":113,"hubris:TenFootPole":46,"Membership Card":122,"PureWater":0,"FossilizedHelix":28,"hubris:NiceRug":149}]},"card_choices":[{"not_picked":["Sanctity","SashWhip"],"picked":"ClearTheMind","floor":1.0},{"not_picked":["Crescendo","JustLucky"],"picked":"Study","floor":4.0},{"not_picked":["FollowUp","Collect"],"picked":"Perseverance","floor":6.0},{"not_picked":["EmptyFist","DeceiveReality"],"picked":"Replay:AtTheReady","floor":8.0},{"not_picked":["Vengeance","FlyingSleeves"],"picked":"Prostrate","floor":10.0},{"not_picked":["Worship","SashWhip"],"picked":"Replay:ManipulateFuture","floor":11.0},{"not_picked":["MasterReality","EmptyBody"],"picked":"Replay:Battleflow","floor":16.0},{"not_picked":["Blasphemy","Replay:AllIn"],"picked":"Establishment","floor":18.0},{"not_picked":["Halt","ThirdEye"],"picked":"Prostrate","floor":20.0},{"not_picked":["Replay:ManipulateFuture","ThirdEye","InnerPeace"],"picked":"SKIP","floor":21.0},{"not_picked":["infinitespire:Collect","infinitespire:Gouge"],"picked":"hubris:Fate","floor":27.0},{"not_picked":["EmptyMind","ThirdEye"],"picked":"Evaluate+1","floor":29.0},{"not_picked":["Worship","FlyingSleeves+1","Replay:Anticipation"],"picked":"SKIP","floor":32.0},{"not_picked":["Replay:BluntJabs","LessonLearned","FlurryOfBlows"],"picked":"SKIP","floor":33.0},{"not_picked":["PathToVictory","ThirdEye","Replay:ManipulateFuture+1"],"picked":"SKIP","floor":37.0},{"not_picked":["Protect","Nirvana"],"picked":"DevaForm","floor":38.0},{"not_picked":["Collect","Meditate"],"picked":"EmptyMind+1","floor":42.0},{"not_picked":["Prostrate","WheelKick","TalkToTheHand+1"],"picked":"SKIP","floor":44.0},{"not_picked":["Halt+1","LikeWater+1","PathToVictory"],"picked":"SKIP","floor":46.0},{"not_picked":["EmptyMind","BowlingBash+1"],"picked":"Fasting2","floor":48.0},{"not_picked":["Evaluate+1","Replay:ManipulateFuture","ReachHeaven+1"],"picked":"SKIP","floor":49.0},{"not_picked":["JustLucky","PathToVictory"],"picked":"Omniscience","floor":50.0},{"not_picked":["SignatureMove"],"picked":"SKIP","floor":55},{"not_picked":["SandsOfTime"],"picked":"SKIP","floor":55},{"not_picked":["EmptyBody"],"picked":"SKIP","floor":55},{"not_picked":["ClearTheMind"],"picked":"SKIP","floor":55},{"not_picked":["MentalFortress"],"picked":"SKIP","floor":55},{"not_picked":["Enlightenment"],"picked":"SKIP","floor":55},{"not_picked":["HandOfGreed"],"picked":"SKIP","floor":55},{"not_picked":["Nirvana","CarveReality+1","PathToVictory"],"picked":"SKIP","floor":56}],"player_experience":1207168,"relics_obtained":[{"floor":6.0,"key":"HornCleat"},{"floor":8.0,"key":"infinitespire:Beetle Shell"},{"floor":9.0,"key":"FossilizedHelix"},{"floor":10.0,"key":"infinitespire:Bottled Soul"},{"floor":16.0,"key":"hubris:TenFootPole"},{"floor":28.0,"key":"Mummified Hand"},{"floor":31.0,"key":"hubris:GlazedTorus"},{"floor":31.0,"key":"jedi:archwizardhat"},{"floor":33.0,"key":"hubris:FunFungus"},{"floor":42.0,"key":"Eternal Feather"},{"floor":44.0,"key":"Dream Catcher"},{"floor":46.0,"key":"Gambling Chip"},{"floor":55,"key":"hubris:MobiusCoin"},{"floor":55,"key":"Pantograph"},{"floor":55,"key":"TheAbacus"},{"floor":56,"key":"jedi:bottledfury"}],"event_choices":[{"damage_healed":64.0,"max_hp_gain":0.0,"max_hp_loss":72.0,"gold_gain":0.0,"event_name":"betterThird:BetterShining","player_choice":"Upgrade","floor":2.0,"gold_loss":0.0,"damage_taken":14.0,"cards_upgraded":["Strike_P","LessonLearned"]},{"damage_healed":0.0,"max_hp_gain":0.0,"max_hp_loss":0.0,"gold_gain":0.0,"event_name":"Lab","player_choice":"Got Potions","floor":3.0,"gold_loss":0.0,"damage_taken":0.0},{"damage_healed":0.0,"max_hp_gain":0.0,"max_hp_loss":0.0,"gold_gain":78.0,"event_name":"Golden Wing","player_choice":"Gained Gold","floor":5.0,"gold_loss":0.0,"damage_taken":0.0},{"damage_healed":0.0,"max_hp_gain":0.0,"max_hp_loss":0.0,"gold_gain":0.0,"event_name":"Addict","player_choice":"Obtained Relic","floor":22.0,"gold_loss":85.0,"damage_taken":0.0,"relics_obtained":["jedi:HeartOfTheCards"]},{"cards_removed":["Strike_P"],"damage_healed":0.0,"max_hp_gain":0.0,"max_hp_loss":0.0,"gold_gain":0.0,"event_name":"betterThird:BetterWriting","player_choice":"Elegance","floor":23.0,"gold_loss":0.0,"damage_taken":0.0},{"damage_healed":0.0,"max_hp_gain":0.0,"max_hp_loss":0.0,"gold_gain":0.0,"event_name":"Colosseum","player_choice":"Fight","floor":31.0,"gold_loss":0.0,"damage_taken":0.0},{"damage_healed":0.0,"max_hp_gain":0.0,"max_hp_loss":0.0,"gold_gain":0.0,"event_name":"Colosseum","player_choice":"Fought Nobs","floor":31.0,"gold_loss":0.0,"damage_taken":0.0},{"damage_healed":0.0,"max_hp_gain":0.0,"max_hp_loss":0.0,"gold_gain":0.0,"event_name":"Tomb of Lord Red Mask","player_choice":"Ignored","floor":39.0,"gold_loss":0.0,"damage_taken":0.0},{"cards_removed":["Defend_P"],"damage_healed":0.0,"max_hp_gain":0.0,"max_hp_loss":0.0,"gold_gain":0.0,"event_name":"Wheel of Change","player_choice":"Card Removal","floor":41.0,"gold_loss":0.0,"damage_taken":0.0}],"is_beta":false,"boss_relics":[{"not_picked":["energizedSpire:CrystalSphere","energizedSpire:StickyHand"],"picked":"Sozu"},{"not_picked":["hubris:BlackHole","conspire:RoyalGoblet"],"picked":"jedi:hotpepper"}],"items_purged_floors":[26,30,40,55],"is_endless":false,"potions_floor_spawned":[1,6,11,16,31,31,35,44,48,50],"killed_by":"The Heart","ascension_level":11}}