{"host":"gobyjzz6xbwq9f9i","time":1613288363,"event":{"mods":["AchievementEnabler","BaseMod","Bestiary","Colored Map","Minty Spire (QoL Compilation)","Relic Stats","ojb\u0027s Info Mod"],"gold_per_floor":[117,47,58,69,85,85,99,112,412,412,412],"floor_reached":10,"language":"ENG","playtime":438,"items_purged":[],"score":93,"play_id":"5e6f746e-1c16-43dc-8b28-a85f1f91480b","local_time":"20210213233923","is_ascension_mode":true,"campfire_choices":[{"data":"Defragment","floor":6.0,"key":"SMITH"}],"circlet_count":0,"master_deck":["AscendersBane","Strike_B","Strike_B","Strike_B","Strike_B","Defend_B","Defend_B","Defend_B","Defend_B","Zap","Dualcast","Defragment","Ball Lightning","Steam","Ball Lightning","Defragment+1","Turbo","Barrage","Skim"],"relics":["Cracked Core","Old Coin"],"acts_visited":["Exordium"],"potions_floor_usage":[10],"damage_taken":[{"damage":0.0,"enemies":"Cultist","floor":1.0,"turns":4.0},{"damage":2.0,"enemies":"Jaw Worm","floor":3.0,"turns":3.0},{"damage":12.0,"enemies":"Small Slimes","floor":4.0,"turns":3.0},{"damage":24.0,"enemies":"Exordium Wildlife","floor":5.0,"turns":4.0},{"damage":12.0,"enemies":"Lots of Slimes","floor":7.0,"turns":3.0},{"damage":8.0,"enemies":"3 Louse","floor":8.0,"turns":3.0},{"damage":18,"enemies":"Gremlin Nob","floor":10,"turns":2}],"seed_played":"-4942352672905951774","potions_obtained":[{"floor":5.0,"key":"SneckoOil"},{"floor":7.0,"key":"Dexterity Potion"}],"is_trial":false,"path_per_floor":["M","$","M","M","M","R","M","M","T","E"],"character_chosen":"DEFECT","items_purchased":["Ball Lightning","Steam"],"campfire_rested":0,"item_purchase_floors":[2,2],"current_hp_per_floor":[75,75,73,61,37,37,25,17,17,0,0],"gold":412,"neow_bonus":"TEN_PERCENT_HP_BONUS","is_daily":false,"chose_seed":false,"campfire_upgraded":1,"win_rate":0.0,"timestamp":1613288363,"path_taken":["M","?","M","M","M","R","M","M","T","E"],"items_purchased_type":["Card","Card"],"build_version":"2020-12-22","purchased_purges":0,"victory":false,"max_hp_per_floor":[82,82,82,82,82,82,82,82,82,82,82],"relic_stats":{"counters":[7,22],"obtain_stats":[{"Cracked Core":0,"Old Coin":9},{"Cracked Core":0,"Old Coin":6},{"Cracked Core":0,"Old Coin":20}]},"card_choices":[{"not_picked":["Sweeping Beam","Hello World"],"picked":"Defragment","floor":1.0},{"not_picked":["Streamline","Redo"],"picked":"Ball Lightning","floor":3.0},{"not_picked":["Scrape","BootSequence"],"picked":"Defragment","floor":4.0},{"not_picked":["Gash","Sweeping Beam"],"picked":"Turbo","floor":5.0},{"not_picked":["Turbo","Sweeping Beam"],"picked":"Barrage","floor":7.0},{"not_picked":["Storm","Chaos"],"picked":"Skim","floor":8.0}],"player_experience":1358727,"relics_obtained":[{"floor":9.0,"key":"Old Coin"}],"event_choices":[],"is_beta":false,"boss_relics":[],"items_purged_floors":[],"is_endless":false,"potions_floor_spawned":[5,7],"killed_by":"Gremlin Nob","ascension_level":10}}