{"host":"b2j09bgckbzjrujr","time":1613304366,"event":{"mods":["AchievementEnabler","Aspiration","BaseMod","BetterRewards","Colored Map","Colored Powertips","Conspire","Friendly Minions","Infinite Spire","Marisa£®ÏF”Í°°ƒß¿Ì…≥£©","Minty Spire (QoL Compilation)","Quick Restart","Rare Cards Sparkle","Reimu£®≤©¿ˆ¡È√Œ£©","Remilia£®¿Ÿ√◊¿Ú—«£©","Replay The Spire","Shop Mod","StSLib","SuperFastMode","TestMod","The Cursed","The Jungle","The Servant 0.9.4","Waifu the Spire","Youmu£®ªÍ∆«—˝√Œ£©","Yuyuko","[IsaacMod]“‘»ˆº‚À˛","°æπ¶ƒ‹Mod°øªÏ„Á÷Æª∑–ﬁ∏¥≤π∂°"],"gold_per_floor":[111,126,126,144,158,184,198,216,269,269,287,304,318,343,343,343,343],"floor_reached":16,"language":"ZHS","playtime":1352,"items_purged":[],"score":177,"play_id":"b1aefdc2-0b6d-4773-ab57-1716f79249fb","local_time":"20210214200606","is_ascension_mode":true,"campfire_choices":[{"floor":15,"key":"REST"}],"circlet_count":0,"master_deck":["AscendersBane","Strike_R","Strike_R","Strike_R","Strike_R","Strike_R","Defend_R","Defend_R","Defend_R","Defend_R","Bash"],"relics":["Burning Blood","testmod-TestBox","HushsDoor","testmod-CardMagician","DeadEye","aspiration:Nostalgia","m_SpellCore","HornCleat","Pet Ghost","conspire:TopHat","DoctorsRemote"],"acts_visited":["Exordium"],"potions_floor_usage":[6,6,16,16],"damage_taken":[{"damage":1,"enemies":"Cultist","floor":1,"turns":3},{"damage":12,"enemies":"Small Slimes","floor":2,"turns":3},{"damage":5,"enemies":"infinitespire:Voidling","floor":4,"turns":3},{"damage":9,"enemies":"Exordium Thugs","floor":5,"turns":4},{"damage":18,"enemies":"Gremlin Nob","floor":6,"turns":3},{"damage":26,"enemies":"Gremlin Gang","floor":7,"turns":5},{"damage":11,"enemies":"Looter","floor":8,"turns":2},{"damage":4,"enemies":"Red Slaver","floor":11,"turns":3},{"damage":7,"enemies":"Lots of Slimes","floor":12,"turns":5},{"damage":0,"enemies":"Blue Slaver","floor":13,"turns":3},{"damage":25,"enemies":"Lagavulin","floor":14,"turns":6},{"damage":49,"enemies":"The Guardian","floor":16,"turns":10}],"seed_played":"4515944630778902005","potions_obtained":[{"floor":1,"key":"SpeedPotion"},{"floor":4,"key":"CultistPotion"},{"floor":5,"key":"DistilledChaos"},{"floor":12,"key":"Strength Potion"},{"floor":14,"key":"LifebloodPotion"}],"is_trial":false,"path_per_floor":["M","M","?","M","M","E","M","M","T","?","M","M","M","E","R_BF","B"],"character_chosen":"IRONCLAD","items_purchased":[],"campfire_rested":1,"item_purchase_floors":[],"current_hp_per_floor":[77,71,71,77,74,62,42,37,37,37,39,38,44,25,49,0,0],"gold":343,"neow_bonus":"NOSTALGIA","is_daily":false,"chose_seed":false,"campfire_upgraded":0,"win_rate":0.0,"timestamp":1613304366,"path_taken":["M","?","?","M","?","E","M","?","T","?","M","M","M","E","R_BF","BOSS"],"items_purchased_type":[],"build_version":"2020-12-22","purchased_purges":0,"victory":false,"max_hp_per_floor":[80,80,80,80,80,80,80,80,80,80,80,80,80,80,80,80,80],"card_choices":[{"not_picked":["Twin Strike","ReplayTheSpireMod:Strike From Hell","ReplayTheSpireMod:Calculation Training"],"picked":"SKIP","floor":1},{"not_picked":["Power Through","Searing Blow","ReplayTheSpireMod:LeadingStrike"],"picked":"SKIP","floor":2},{"not_picked":["Feel No Pain","Iron Wave","ReplaySolidLightProjector"],"picked":"SKIP","floor":4},{"not_picked":["Rampage","Havoc","Iron Wave"],"picked":"SKIP","floor":5},{"not_picked":["Warcry","Armaments","Double Tap"],"picked":"SKIP","floor":6},{"not_picked":["Sever Soul","Shrug It Off","Barrage"],"picked":"SKIP","floor":7},{"not_picked":["Cleave","ReplayTheSpireMod:GoodbyeWorld","Shockwave"],"picked":"SKIP","floor":8},{"not_picked":["Warcry","Rebound","Ghostly Armor"],"picked":"SKIP","floor":11},{"not_picked":["Heavy Blade","Armaments","Beam Cell"],"picked":"SKIP","floor":12},{"not_picked":["Gash","Twin Strike","Machine Learning"],"picked":"SKIP","floor":13},{"not_picked":["ReplaySolidLightProjector","Blood for Blood","Defragment"],"picked":"SKIP","floor":14}],"player_experience":101314,"relics_obtained":[{"floor":6,"key":"HornCleat"},{"floor":9,"key":"Pet Ghost"},{"floor":14,"key":"DoctorsRemote"}],"event_choices":[{"damage_healed":0,"gold_gain":0,"player_choice":"Gave Potion","damage_taken":0,"relics_obtained":["conspire:TopHat"],"max_hp_gain":0,"max_hp_loss":0,"event_name":"WeMeetAgain","floor":10,"gold_loss":0}],"is_beta":false,"boss_relics":[],"items_purged_floors":[],"is_endless":false,"potions_floor_spawned":[1,4,5,12,14],"killed_by":"The Guardian","ascension_level":10}}