{"host":"e8rlfedn69rz2s07","time":1613318801,"event":{"mods":["AchievementEnabler","BaseMod","Minty Spire (QoL Compilation)","Permanent Neow","Relic Stats"],"gold_per_floor":[111,131,131,146,163,163,198,198,222,222,222,261,311,311,311],"floor_reached":14,"language":"ENG","playtime":425,"items_purged":[],"score":196,"play_id":"dc6b3ed4-ca56-43f7-b9bc-b1dbdc1548b6","local_time":"20210214180641","is_ascension_mode":true,"campfire_choices":[{"floor":6,"key":"REST"},{"floor":8,"key":"REST"}],"circlet_count":0,"master_deck":["AscendersBane","Strike_B","Strike_B","Strike_B+1","Strike_B","Defend_B","Defend_B","Defend_B+1","Defend_B","Zap","Dualcast","Rebound","Doom and Gloom","Self Repair","Cold Snap","Seek"],"relics":["Philosopher\u0027s Stone","Boot","Dream Catcher","Golden Idol","Potion Belt"],"acts_visited":["Exordium"],"potions_floor_usage":[5,12,14],"damage_taken":[{"damage":5,"enemies":"2 Louse","floor":1,"turns":4},{"damage":5,"enemies":"Small Slimes","floor":2,"turns":3},{"damage":2,"enemies":"Cultist","floor":4,"turns":3},{"damage":16,"enemies":"3 Louse","floor":5,"turns":2},{"damage":26,"enemies":"3 Sentries","floor":7,"turns":5},{"damage":21,"enemies":"Lagavulin","floor":12,"turns":8},{"damage":37,"enemies":"Gremlin Nob","floor":14,"turns":3}],"seed_played":"5675953425314810470","potions_obtained":[{"floor":1,"key":"Energy Potion"},{"floor":2,"key":"Dexterity Potion"},{"floor":5,"key":"SteroidPotion"},{"floor":7,"key":"Block Potion"}],"is_trial":false,"path_per_floor":["M","M","?","M","M","R","E","R","T","?","?","E","?","E"],"character_chosen":"DEFECT","items_purchased":[],"campfire_rested":2,"item_purchase_floors":[],"current_hp_per_floor":[59,54,33,31,15,36,17,38,38,38,38,24,24,0,0],"gold":311,"neow_bonus":"BOSS_RELIC","is_daily":false,"chose_seed":false,"campfire_upgraded":0,"win_rate":0.0,"timestamp":1613318801,"path_taken":["M","M","?","M","M","R","E","R","T","?","?","E","?","E"],"items_purchased_type":[],"build_version":"2020-12-22","purchased_purges":0,"victory":false,"max_hp_per_floor":[71,71,71,71,71,71,71,71,71,64,64,64,64,64,64],"relic_stats":{"Dream Catcher":0,"counters":[7,28],"Golden Idol":8,"Boot":[2],"obtain_stats":[{"Potion Belt":12,"Dream Catcher":9,"Golden Idol":10,"Philosopher\u0027s Stone":0,"Cracked Core":0,"Boot":7},{"Potion Belt":6,"Dream Catcher":5,"Golden Idol":5,"Philosopher\u0027s Stone":0,"Cracked Core":0,"Boot":5},{"Potion Belt":25,"Dream Catcher":17,"Golden Idol":17,"Philosopher\u0027s Stone":0,"Cracked Core":0,"Boot":17}]},"card_choices":[{"not_picked":["Force Field","Barrage"],"picked":"Rebound","floor":1},{"not_picked":["Genetic Algorithm","Hello World"],"picked":"Doom and Gloom","floor":2},{"not_picked":["Turbo","Chill"],"picked":"Self Repair","floor":4},{"not_picked":["Stack","Reprogram"],"picked":"Cold Snap","floor":5},{"not_picked":["Double Energy","White Noise"],"picked":"Seek","floor":7},{"not_picked":["Double Energy","Barrage","Compile Driver"],"picked":"SKIP","floor":12}],"player_experience":1079465,"relics_obtained":[{"floor":7,"key":"Boot"},{"floor":9,"key":"Dream Catcher"},{"floor":12,"key":"Potion Belt"}],"event_choices":[{"damage_healed":0,"gold_gain":0,"player_choice":"Entered Light","damage_taken":21,"max_hp_gain":0,"max_hp_loss":0,"event_name":"Shining Light","floor":3,"gold_loss":0,"cards_upgraded":["Defend_B","Strike_B"]},{"damage_healed":0,"gold_gain":0,"player_choice":"Lose Max HP","damage_taken":0,"relics_obtained":["Golden Idol"],"max_hp_gain":0,"max_hp_loss":7,"event_name":"Golden Idol","floor":10,"gold_loss":0},{"damage_healed":0,"gold_gain":0,"player_choice":"Ignored","damage_taken":0,"max_hp_gain":0,"max_hp_loss":0,"event_name":"Liars Game","floor":11,"gold_loss":0},{"damage_healed":0,"gold_gain":50,"player_choice":"Pray","damage_taken":0,"max_hp_gain":0,"max_hp_loss":0,"event_name":"Golden Shrine","floor":13,"gold_loss":0}],"is_beta":false,"boss_relics":[],"items_purged_floors":[],"is_endless":false,"potions_floor_spawned":[1,2,5,7],"killed_by":"Gremlin Nob","ascension_level":20}}