{"host":"fj5i6t4nkss7815d","time":1613336937,"event":{"mods":["AchievementEnabler","BaseMod","Minty Spire (QoL Compilation)","Quick Restart","Relic Stats"],"gold_per_floor":[218,218,234,251,6,32,32,48,48,48,48,77,97,114,114,186,186,201,214,234,251,2,2,33,33,33,65,80,106,120,136,136,210,210,230,230,241,259,272,272,272,302,302,313,313,323,84,84,84,84,84],"floor_reached":52,"language":"ENG","playtime":5607,"items_purged":["Strike_B"],"score":1916,"play_id":"316a420a-0bee-4328-b65f-5d3615550854","local_time":"20210214130857","is_ascension_mode":true,"campfire_choices":[{"data":"Apotheosis","floor":7.0,"key":"SMITH"},{"data":"Defragment","floor":15.0,"key":"SMITH"},{"floor":23.0,"key":"REST"},{"floor":25.0,"key":"REST"},{"floor":32.0,"key":"REST"},{"floor":40.0,"key":"REST"},{"floor":45.0,"key":"REST"},{"floor":49.0,"key":"REST"}],"circlet_count":0,"master_deck":["AscendersBane","Defend_B","Defend_B","Zap","Dualcast","Sweeping Beam","Zap","Leap","White Noise","Apotheosis+1","Steam","Self Repair","Barrage","Redo","Scrape","Defragment+1","Fission","Doom and Gloom","Coolheaded+1","Compile Driver","Loop","Skim+1","Defragment+1","Gash","Static Discharge","Skim","Electrodynamics","Biased Cognition+1","Static Discharge+1","Hyperbeam+1","Aggregate","Barrage","Go for the Eyes+1","Glacier+1","Blizzard"],"relics":["Cracked Core","HornCleat","Mango","TungstenRod","Fusion Hammer","DataDisk","Omamori","Juzu Bracelet","Strawberry","Nunchaku","Astrolabe","White Beast Statue","Toxic Egg 2","Toy Ornithopter","WarpedTongs"],"acts_visited":["Exordium","TheCity","TheBeyond"],"potions_floor_usage":[],"damage_taken":[{"damage":7.0,"enemies":"2 Louse","floor":1.0,"turns":3.0},{"damage":2.0,"enemies":"Cultist","floor":3.0,"turns":4.0},{"damage":1.0,"enemies":"Small Slimes","floor":4.0,"turns":3.0},{"damage":14.0,"enemies":"3 Sentries","floor":6.0,"turns":6.0},{"damage":3.0,"enemies":"Gremlin Gang","floor":8.0,"turns":3.0},{"damage":4.0,"enemies":"Lagavulin","floor":12.0,"turns":5.0},{"damage":0.0,"enemies":"Looter","floor":13.0,"turns":3.0},{"damage":0.0,"enemies":"2 Fungi Beasts","floor":14.0,"turns":3.0},{"damage":10.0,"enemies":"Hexaghost","floor":16.0,"turns":8.0},{"damage":20.0,"enemies":"Shell Parasite","floor":18.0,"turns":4.0},{"damage":2.0,"enemies":"3 Byrds","floor":19.0,"turns":4.0},{"damage":17.0,"enemies":"Shelled Parasite and Fungi","floor":20.0,"turns":3.0},{"damage":14.0,"enemies":"Sentry and Sphere","floor":21.0,"turns":5.0},{"damage":0.0,"enemies":"Gremlin Leader","floor":24.0,"turns":5.0},{"damage":35.0,"enemies":"Slavers","floor":27.0,"turns":5.0},{"damage":16.0,"enemies":"Snake Plant","floor":28.0,"turns":3.0},{"damage":32.0,"enemies":"Book of Stabbing","floor":29.0,"turns":6.0},{"damage":11.0,"enemies":"Centurion and Healer","floor":30.0,"turns":3.0},{"damage":7.0,"enemies":"3 Cultists","floor":31.0,"turns":5.0},{"damage":11.0,"enemies":"Automaton","floor":33.0,"turns":6.0},{"damage":17.0,"enemies":"3 Darklings","floor":35.0,"turns":2.0},{"damage":16.0,"enemies":"3 Shapes","floor":37.0,"turns":3.0},{"damage":19.0,"enemies":"Writhing Mass","floor":38.0,"turns":5.0},{"damage":0.0,"enemies":"Maw","floor":39.0,"turns":6.0},{"damage":30.0,"enemies":"Nemesis","floor":42.0,"turns":7.0},{"damage":12.0,"enemies":"3 Darklings","floor":44.0,"turns":3.0},{"damage":8.0,"enemies":"Spire Growth","floor":46.0,"turns":5.0},{"damage":73.0,"enemies":"Awakened One","floor":50.0,"turns":14.0},{"damage":24,"enemies":"Donu and Deca","floor":51,"turns":7}],"seed_played":"-4456931930029516479","potions_obtained":[{"floor":6.0,"key":"Explosive Potion"},{"floor":8.0,"key":"PotionOfCapacity"},{"floor":13.0,"key":"AttackPotion"},{"floor":19.0,"key":"Explosive Potion"},{"floor":20.0,"key":"FearPotion"},{"floor":31.0,"key":"FearPotion"},{"floor":33.0,"key":"ColorlessPotion"},{"floor":35.0,"key":"Explosive Potion"},{"floor":38.0,"key":"LiquidBronze"},{"floor":39.0,"key":"LiquidMemories"},{"floor":42.0,"key":"Dexterity Potion"},{"floor":44.0,"key":"Fire Potion"},{"floor":46.0,"key":"LiquidMemories"}],"is_trial":false,"path_per_floor":["M","?","M","M","$","E","R","M","T","?","?","E","M","M","R","B",null,"M","M","M","M","$","R","E","R","T","E","M","E","M","M","R","B",null,"M","?","M","M","M","R","?","E","T","M","R","M","$","?","R","B","B",null],"character_chosen":"DEFECT","items_purchased":["Apotheosis","Steam","Loop","DataDisk","Toy Ornithopter"],"campfire_rested":6,"item_purchase_floors":[5,5,22,22,47],"current_hp_per_floor":[57,57,55,54,54,40,40,47,61,61,61,67,77,77,77,67,81,71,69,52,48,48,73,83,85,85,57,48,23,12,15,42,31,77,60,60,44,25,35,62,62,39,39,37,64,63,63,63,90,27,13],"gold":84,"neow_bonus":"HUNDRED_GOLD","is_daily":false,"chose_seed":false,"campfire_upgraded":2,"win_rate":0.0,"timestamp":1613336937,"path_taken":["M","?","?","M","$","E","R","M","T","?","?","E","M","M","R","BOSS","M","M","M","?","$","R","E","R","T","E","M","E","M","M","R","BOSS","M","?","M","M","M","R","?","E","T","M","R","M","$","?","R","BOSS","BOSS"],"items_purchased_type":["Card","Card","Card","Relic","Relic"],"build_version":"2020-12-22","purchased_purges":1,"victory":true,"max_hp_per_floor":[71,71,71,71,71,71,71,71,85,85,85,85,85,85,85,85,85,85,85,85,85,85,85,85,85,85,92,92,92,92,92,92,92,92,92,92,92,92,92,92,92,92,92,92,92,92,92,92,92,92,92],"relic_stats":{"Nunchaku":[10],"counters":[29,137],"Astrolabe":["Biased Cognition","Static Discharge","Hyperbeam"],"Juzu Bracelet":1,"obtain_stats":[{"Astrolabe":34,"Mango":9,"Omamori":24,"Juzu Bracelet":26,"White Beast Statue":42,"WarpedTongs":48,"DataDisk":22,"Nunchaku":29,"HornCleat":6,"Strawberry":27,"Fusion Hammer":17,"Toxic Egg 2":43,"Cracked Core":0,"TungstenRod":12,"Toy Ornithopter":47},{"Astrolabe":20,"Mango":5,"Omamori":14,"Juzu Bracelet":14,"White Beast Statue":25,"WarpedTongs":27,"DataDisk":13,"Nunchaku":17,"HornCleat":4,"Strawberry":15,"Fusion Hammer":9,"Toxic Egg 2":25,"Cracked Core":0,"TungstenRod":6,"Toy Ornithopter":27},{"Astrolabe":87,"Mango":19,"Omamori":59,"Juzu Bracelet":59,"White Beast Statue":109,"WarpedTongs":116,"DataDisk":54,"Nunchaku":73,"HornCleat":16,"Strawberry":64,"Fusion Hammer":38,"Toxic Egg 2":109,"Cracked Core":0,"TungstenRod":24,"Toy Ornithopter":116}],"TungstenRod":65,"Toy Ornithopter":10,"WarpedTongs":[7]},"card_choices":[{"not_picked":["Beam Cell","Storm"],"picked":"Sweeping Beam","floor":1.0},{"not_picked":["Sweeping Beam","Ball Lightning"],"picked":"Leap","floor":3.0},{"not_picked":["Darkness","Stack"],"picked":"White Noise","floor":4.0},{"not_picked":["Redo","Auto Shields"],"picked":"Self Repair","floor":6.0},{"not_picked":["Reprogram","Streamline"],"picked":"Barrage","floor":8.0},{"not_picked":["Stack","Heatsinks"],"picked":"Redo","floor":12.0},{"not_picked":["Steam","Streamline"],"picked":"Scrape","floor":13.0},{"not_picked":["Turbo","Cold Snap"],"picked":"Defragment","floor":14.0},{"not_picked":["Seek","Buffer"],"picked":"Fission","floor":16.0},{"not_picked":["Sweeping Beam+1","Cold Snap"],"picked":"Doom and Gloom","floor":18.0},{"not_picked":["Lockon","Go for the Eyes"],"picked":"Coolheaded+1","floor":19.0},{"not_picked":["Coolheaded","Turbo"],"picked":"Compile Driver","floor":20.0},{"not_picked":["Rebound+1","Leap","Redo"],"picked":"SKIP","floor":21.0},{"not_picked":["Buffer","Conserve Battery+1"],"picked":"Skim+1","floor":24.0},{"not_picked":["Cold Snap","Ball Lightning"],"picked":"Defragment+1","floor":27.0},{"not_picked":["Ball Lightning","Steam"],"picked":"Gash","floor":28.0},{"not_picked":["Meteor Strike","Coolheaded"],"picked":"Static Discharge","floor":29.0},{"not_picked":["Turbo","Go for the Eyes","Streamline"],"picked":"SKIP","floor":30.0},{"not_picked":["Turbo","Gash"],"picked":"Skim","floor":31.0},{"not_picked":["Buffer","Fission"],"picked":"Electrodynamics","floor":33.0},{"not_picked":["Steam","Sunder","Melter"],"picked":"SKIP","floor":35.0},{"not_picked":["Static Discharge+1","Turbo","Streamline"],"picked":"SKIP","floor":37.0},{"not_picked":["Machine Learning","Conserve Battery","Rip and Tear"],"picked":"SKIP","floor":38.0},{"not_picked":["Barrage","Sweeping Beam"],"picked":"Aggregate","floor":39.0},{"not_picked":["Darkness","Coolheaded+1"],"picked":"Go for the Eyes+1","floor":42.0},{"not_picked":["Gash","Chill+1"],"picked":"Glacier+1","floor":44.0},{"not_picked":["Redo+1","Cold Snap+1"],"picked":"Blizzard","floor":46.0}],"player_experience":1050880,"relics_obtained":[{"floor":6.0,"key":"HornCleat"},{"floor":9.0,"key":"Mango"},{"floor":12.0,"key":"TungstenRod"},{"floor":24.0,"key":"Omamori"},{"floor":26.0,"key":"Juzu Bracelet"},{"floor":27.0,"key":"Strawberry"},{"floor":29.0,"key":"Nunchaku"},{"floor":42.0,"key":"White Beast Statue"},{"floor":43.0,"key":"Toxic Egg 2"}],"event_choices":[{"damage_healed":0.0,"max_hp_gain":0.0,"max_hp_loss":0.0,"gold_gain":0.0,"event_name":"Match and Keep!","player_choice":"1 cards matched","floor":2.0,"gold_loss":0.0,"damage_taken":0.0,"cards_obtained":["Zap"]},{"damage_healed":0.0,"max_hp_gain":0.0,"max_hp_loss":0.0,"gold_gain":0.0,"event_name":"Liars Game","player_choice":"Ignored","floor":10.0,"gold_loss":0.0,"damage_taken":0.0},{"cards_removed":["Defend_B"],"damage_healed":0.0,"max_hp_gain":0.0,"max_hp_loss":0.0,"gold_gain":0.0,"event_name":"Purifier","player_choice":"Purged","floor":11.0,"gold_loss":0.0,"damage_taken":0.0},{"damage_healed":0.0,"max_hp_gain":0.0,"max_hp_loss":0.0,"gold_gain":0.0,"event_name":"Tomb of Lord Red Mask","player_choice":"Ignored","floor":36.0,"gold_loss":0.0,"damage_taken":0.0},{"damage_healed":0.0,"max_hp_gain":0.0,"max_hp_loss":0.0,"gold_gain":0.0,"cards_transformed":["Strike_B"],"event_name":"Transmorgrifier","player_choice":"Transformed","floor":41.0,"gold_loss":0.0,"damage_taken":0.0,"cards_obtained":["Barrage"]},{"damage_healed":0.0,"max_hp_gain":0.0,"max_hp_loss":0.0,"gold_gain":0.0,"event_name":"Accursed Blacksmith","player_choice":"Rummage","floor":48.0,"gold_loss":0.0,"damage_taken":0.0,"relics_obtained":["WarpedTongs"],"cards_obtained":["Pain"]}],"is_beta":false,"boss_relics":[{"not_picked":["Busted Crown","Black Star"],"picked":"Fusion Hammer"},{"not_picked":["Coffee Dripper","SlaversCollar"],"picked":"Astrolabe"}],"items_purged_floors":[47],"is_endless":false,"potions_floor_spawned":[6,8,13,14,19,20,31,33,35,38,39,42,44,46],"ascension_level":20}}