{"host":"y4fuci1jk2rsxnep","time":1613324041,"event":{"mods":["AchievementEnabler","BaseMod","Colored Powertips","Custom Start","Defuse TimeMaze Blight","Dio Mod","Downfall","Hermit","Hero for Fun","Hubris","Hunter ??","Infinite Spire","Minty Spire (QoL Compilation)","Quick Restart","Reliquary","Remove Card Discount Mod","Replay The Spire","StSLib","The Blackbeard","The Bug Knight","The Mystic","The Runesmith"],"gold_per_floor":[214,133,148,323,323,323,323],"floor_reached":6,"language":"ENG","playtime":310,"items_purged":[],"score":34,"play_id":"b6f8f4f4-6544-4dc9-830f-a88782d7d79c","local_time":"20210214183401","is_ascension_mode":false,"campfire_choices":[],"circlet_count":0,"master_deck":["hermit:Strike_Hermit","hermit:Strike_Hermit","hermit:Strike_Hermit","hermit:Strike_Hermit","hermit:Defend_Hermit","hermit:Defend_Hermit","hermit:Defend_Hermit","hermit:Snapshot","hermit:Covet","hermit:Showdown","hermit:Determination","Doubt","hermit:FlashPowder"],"relics":["hermit:Momento"],"acts_visited":["Exordium"],"potions_floor_usage":[],"damage_taken":[{"damage":5,"enemies":"Small Slimes","floor":1,"turns":4},{"damage":7,"enemies":"2 Louse","floor":3,"turns":2},{"damage":2,"enemies":"3 Sentries","floor":6,"turns":2}],"seed_played":"73317186072671819","potions_obtained":[{"floor":3,"key":"hexamod:SoulburnPotion"}],"is_trial":false,"path_per_floor":["M","$","M","?","?","E"],"character_chosen":"HERMIT","items_purchased":["hermit:Determination"],"campfire_rested":0,"item_purchase_floors":[2],"current_hp_per_floor":[70,70,63,63,63,61,61],"gold":323,"neow_bonus":"HUNDRED_GOLD","is_daily":false,"chose_seed":false,"campfire_upgraded":0,"win_rate":0.0,"timestamp":1613324041,"path_taken":["M","$","M","?","?","E"],"items_purchased_type":["Card"],"build_version":"2020-12-22","purchased_purges":0,"victory":false,"max_hp_per_floor":[75,75,75,75,75,75,75],"card_choices":[{"not_picked":["hermit:Roulette","sneckomod:UnknownCommonAttack"],"picked":"hermit:Showdown","floor":1},{"not_picked":["hermit:Horror","sneckomod:UnknownClassMYSTIC_PURPLE","sneckomod:UnknownClassHEXA_GHOST_PURPLE"],"picked":"SKIP","floor":3},{"not_picked":["hermit:Horror","sneckomod:UnknownClassMYSTIC_PURPLE","sneckomod:UnknownClassHEXA_GHOST_PURPLE"],"picked":"SKIP","floor":3}],"player_experience":566941,"relics_obtained":[],"event_choices":[{"damage_healed":0,"gold_gain":175,"player_choice":"AGREE","damage_taken":0,"max_hp_gain":0,"max_hp_loss":0,"event_name":"Liars Game","floor":4,"gold_loss":0,"cards_obtained":["Doubt"]},{"damage_healed":0,"gold_gain":0,"cards_transformed":["hermit:Defend_Hermit"],"player_choice":"Change","damage_taken":0,"max_hp_gain":0,"max_hp_loss":0,"event_name":"Living Wall","floor":5,"gold_loss":0,"cards_obtained":["hermit:FlashPowder"]}],"is_beta":false,"boss_relics":[],"items_purged_floors":[],"is_endless":false,"potions_floor_spawned":[3],"killed_by":"3 Sentries","ascension_level":0}}