{"host":"3yynf0dn84873kbr","time":1613284765,"event":{"mods":["Act Like it!","Arknights","BaseMod","CapriCore","Gensokyo","Lobotomy","Minty Spire (QoL Compilation)","StSLib","WarShipGirlsR/战舰少女R mod","[IsaacMod]以撒尖塔","残留之物"],"gold_per_floor":[113,62,62,74,93,93,93,93,93,135,135,159,225,278,278,370,370],"floor_reached":16,"language":"ZHS","playtime":763,"items_purged":[],"score":110,"play_id":"ae6d9821-875c-4958-945f-cd67f2385792","local_time":"20210214143925","is_ascension_mode":false,"campfire_choices":[{"data":"ats:Shell Defense","floor":6,"key":"SMITH"},{"data":"ats:Powerful Strike","floor":11,"key":"SMITH"},{"floor":15,"key":"REST"}],"circlet_count":0,"master_deck":["ats:Strike C","ats:Strike G","ats:Strike S","ats:Strike V","ats:Armor Crushing Shot","ats:Defend","ats:Defend","ats:Defend","ats:Emotion Absorption+1","BettingIsNotGood","UniverseFragment","ats:Shell Defense+1","ats:Apocalypse","OSAHOGD","ats:Ignite","ShyLook","ats:Guard Mode","ats:Hammer On","ats:Consecutive Shot Auto","ats:Poison Spread"],"relics":["ats:Sanity","HushsDoor","CogitoBucket","BookOfRevelations","Prayer Wheel","SalivaCoin","Frozen Egg 2","ats:Originium","MoneyPower","DoctorsRemote","SkinProphecy"],"acts_visited":["Exordium"],"potions_floor_usage":[16,16],"damage_taken":[{"damage":6,"enemies":"Small Slimes","floor":1,"turns":4},{"damage":1,"enemies":"ats:Genji","floor":4,"turns":7},{"damage":0,"enemies":"Jaw Worm","floor":5,"turns":5},{"damage":2,"enemies":"Gremlin Nob","floor":10,"turns":4},{"damage":5,"enemies":"Looter","floor":12,"turns":3},{"damage":25,"enemies":"3 Sentries","floor":13,"turns":9},{"damage":39,"enemies":"3 Louse","floor":14,"turns":4},{"damage":53,"enemies":"The Guardian","floor":16,"turns":13}],"seed_played":"8841307708289770117","potions_obtained":[{"floor":1,"key":"Fire Potion"},{"floor":10,"key":"SkillPotion"},{"floor":13,"key":"DuplicationPotion"}],"is_trial":false,"path_per_floor":["M","$","?","M","M","R","?","?","T","E","R","M","E","M","R","B"],"character_chosen":"DOCTOR_CLASS","items_purchased":["ats:Apocalypse"],"campfire_rested":1,"item_purchase_floors":[2],"current_hp_per_floor":[66,66,66,71,72,72,69,69,69,67,67,64,46,14,35,0,0],"gold":370,"neow_bonus":"","is_daily":false,"chose_seed":false,"campfire_upgraded":2,"win_rate":0.0,"timestamp":1613284765,"path_taken":["M","$","?","M","M","R","?","?","T","E","R","M","E","M","R","BOSS"],"items_purchased_type":["Card"],"build_version":"2020-12-22","purchased_purges":0,"victory":false,"max_hp_per_floor":[72,72,72,72,72,72,72,72,72,72,72,72,72,72,72,74,74],"card_choices":[{"not_picked":[],"picked":"BettingIsNotGood","floor":0},{"not_picked":["LaLuna","WallGazer"],"picked":"UniverseFragment","floor":1},{"not_picked":["ats:Hammer On","Bomb"],"picked":"ats:Shell Defense","floor":1},{"not_picked":["PunishingBird","QueenOfHatred","Murderer"],"picked":"Singing Bowl","floor":4},{"not_picked":["LittlePrince","BigBird"],"picked":"OSAHOGD","floor":4},{"not_picked":["ats:Automatic Cover","ats:Guardian Obelisk"],"picked":"ats:Powerful Strike","floor":4},{"not_picked":["Mercenary","Woodsman","PunishingBird"],"picked":"Singing Bowl","floor":5},{"not_picked":["ats:Guard Mode","ats:Dogmatic Field","ats:Revitalization"],"picked":"SKIP","floor":5},{"not_picked":["ats:Mental Burst","ats:Guardian Obelisk"],"picked":"ats:Ignite","floor":10},{"not_picked":["FairyFestival","WallGazer"],"picked":"ShyLook","floor":10},{"not_picked":["ats:Mental Burst","ats:Curse Doll"],"picked":"ats:Guard Mode","floor":12},{"not_picked":["ats:Cat Scratch","ats:Apocalypse"],"picked":"ats:Hammer On","floor":12},{"not_picked":["VoidDream","QueenOfHatred","MHz"],"picked":"Singing Bowl","floor":12},{"not_picked":["Murderer","CherryBlossoms","LaLuna"],"picked":"Singing Bowl","floor":13},{"not_picked":["ats:Curse Doll","ats:Beaten Up"],"picked":"ats:Consecutive Shot Auto","floor":13},{"not_picked":["ats:Flexible Camouflage","ats:Absolute Focus"],"picked":"ats:Poison Spread","floor":14},{"not_picked":["Wellcheers","GalaxyChild","CherryBlossoms"],"picked":"Singing Bowl","floor":14},{"not_picked":["ats:Closed Bolt Burst Fire","ats:Leaping Hammer","ats:Cat Scratch"],"picked":"SKIP","floor":14}],"player_experience":166279,"relics_obtained":[{"floor":9,"key":"Frozen Egg 2"},{"floor":10,"key":"ats:Originium"},{"floor":10,"key":"MoneyPower"},{"floor":13,"key":"ats:Originium"},{"floor":13,"key":"DoctorsRemote"}],"event_choices":[{"damage_healed":0,"gold_gain":0,"player_choice":"Grow","damage_taken":0,"max_hp_gain":0,"max_hp_loss":0,"event_name":"Living Wall","floor":3,"gold_loss":0,"cards_upgraded":["ats:Emotion Absorption"]},{"damage_healed":0,"gold_gain":0,"player_choice":"Success","damage_taken":3,"relics_obtained":["Prayer Wheel"],"max_hp_gain":0,"max_hp_loss":0,"event_name":"Scrap Ooze","floor":7,"gold_loss":0},{"damage_healed":0,"gold_gain":0,"player_choice":"Searched \u00271\u0027 times","damage_taken":0,"relics_obtained":["SalivaCoin"],"max_hp_gain":0,"max_hp_loss":0,"event_name":"Dead Adventurer","floor":8,"gold_loss":0}],"is_beta":false,"boss_relics":[],"items_purged_floors":[],"is_endless":false,"potions_floor_spawned":[1,10,13],"killed_by":"The Guardian","ascension_level":0}}