{"host":"c83fcgyuu74iknko","time":1613292848,"event":{"mods":["BaseMod","BetterRewards","Colored Map","Colored Powertips","Minty Spire (QoL Compilation)","Quick Restart","StSLib","The Animator","The Senshi"],"gold_per_floor":[114,114,114,132,32,60,60,60,142,156,31,61,73,73,73,175,175,193,55,66,66,66,66,66],"floor_reached":23,"language":"ENG","playtime":1058,"items_purged":["Strike_B","Strike_B","Strike_B"],"score":428,"play_id":"8c25105a-5192-47fa-ade3-7415cc732375","local_time":"20210214005408","is_ascension_mode":true,"campfire_choices":[{"data":"Defragment","floor":7,"key":"SMITH"},{"data":"Loop","floor":15,"key":"SMITH"}],"circlet_count":0,"master_deck":["Defend_B+1","Defend_B","Defend_B+1","Defend_B","Zap","Dualcast","Capacitor","Defragment+1","Conserve Battery","Static Discharge","Redo","Conserve Battery","Loop+1","Machine Learning+1","Reinforced Body","BootSequence","Self Repair","Redo+1"],"relics":["Cracked Core","Boot","CaptainsWheel","Molten Egg 2","Girya","Coffee Dripper","Nilry\u0027s Codex"],"acts_visited":["Exordium","TheCity"],"potions_floor_usage":[6,16,23,23],"damage_taken":[{"damage":6,"enemies":"2 Louse","floor":1,"turns":3},{"damage":0,"enemies":"Cultist","floor":4,"turns":5},{"damage":25,"enemies":"3 Sentries","floor":6,"turns":16},{"damage":1,"enemies":"Small Slimes","floor":10,"turns":4},{"damage":0,"enemies":"Lagavulin","floor":12,"turns":7},{"damage":0,"enemies":"2 Fungi Beasts","floor":13,"turns":4},{"damage":0,"enemies":"The Guardian","floor":16,"turns":10},{"damage":4,"enemies":"Spheric Guardian","floor":18,"turns":4},{"damage":20,"enemies":"2 Thieves","floor":20,"turns":4},{"damage":50,"enemies":"Gremlin Leader","floor":23,"turns":5}],"seed_played":"4195904056995633062","potions_obtained":[{"floor":4,"key":"Swift Potion"},{"floor":6,"key":"SpeedPotion"},{"floor":8,"key":"Explosive Potion"},{"floor":8,"key":"LiquidMemories"},{"floor":13,"key":"ColorlessPotion"},{"floor":16,"key":"LiquidBronze"}],"is_trial":false,"path_per_floor":["M","?","?","M","$","E","R","?","T","M","$","E","M","?","R","B",null,"M","$","M","?","?","E"],"character_chosen":"DEFECT","items_purchased":["Boot","Capacitor","BootSequence","Self Repair"],"campfire_rested":0,"item_purchase_floors":[0,0,19,19],"current_hp_per_floor":[69,54,54,54,54,29,29,29,29,28,28,28,28,33,33,33,80,76,76,63,47,47,0,0],"gold":66,"neow_bonus":"","is_daily":false,"chose_seed":false,"campfire_upgraded":2,"win_rate":0.0,"timestamp":1613292848,"path_taken":["M","?","?","?","$","E","R","?","T","M","?","E","M","?","R","BOSS","M","$","M","?","?","E"],"items_purchased_type":["Relic","Card","Card","Card"],"build_version":"2020-12-22","purchased_purges":3,"victory":false,"max_hp_per_floor":[75,75,75,75,75,75,75,75,75,75,75,75,75,80,80,80,80,80,80,80,80,80,80,80],"card_choices":[{"not_picked":["FTL","Gash"],"picked":"Defragment","floor":1},{"not_picked":["Steam","Sweeping Beam"],"picked":"Conserve Battery","floor":4},{"not_picked":["Steam","Reinforced Body"],"picked":"Static Discharge","floor":6},{"not_picked":["Stack","Scrape+1"],"picked":"Redo","floor":10},{"not_picked":["Sunder+1","All For One+1"],"picked":"Conserve Battery","floor":12},{"not_picked":["Go for the Eyes+1","Gash+1"],"picked":"Loop","floor":13},{"not_picked":["Seek","Amplify"],"picked":"Machine Learning","floor":16},{"not_picked":["Go for the Eyes+1","Hologram"],"picked":"Reinforced Body","floor":18},{"not_picked":["Steam","Streamline+1"],"picked":"Redo+1","floor":20}],"player_experience":265071,"relics_obtained":[{"floor":6,"key":"CaptainsWheel"},{"floor":9,"key":"Molten Egg 2"},{"floor":12,"key":"Girya"},{"floor":21,"key":"Nilry\u0027s Codex"}],"event_choices":[{"damage_healed":0,"gold_gain":0,"player_choice":"Entered Light","damage_taken":15,"max_hp_gain":0,"max_hp_loss":0,"event_name":"Shining Light","floor":2,"gold_loss":0,"cards_upgraded":["Defend_B","Defend_B"]},{"cards_removed":["Strike_B"],"damage_healed":0,"gold_gain":0,"player_choice":"Offered Basic","damage_taken":0,"max_hp_gain":0,"max_hp_loss":0,"event_name":"Bonfire Elementals","floor":3,"gold_loss":0},{"damage_healed":0,"gold_gain":0,"player_choice":"Got Potions","damage_taken":0,"max_hp_gain":0,"max_hp_loss":0,"event_name":"Lab","floor":8,"gold_loss":0},{"damage_healed":0,"gold_gain":0,"player_choice":"Donut","damage_taken":0,"max_hp_gain":5,"max_hp_loss":0,"event_name":"Big Fish","floor":14,"gold_loss":0},{"damage_healed":0,"gold_gain":0,"player_choice":"Obtained Book","damage_taken":16,"max_hp_gain":0,"max_hp_loss":0,"event_name":"Cursed Tome","floor":21,"gold_loss":0},{"damage_healed":0,"gold_gain":0,"player_choice":"Forge","damage_taken":0,"max_hp_gain":0,"max_hp_loss":0,"event_name":"Accursed Blacksmith","floor":22,"gold_loss":0,"cards_upgraded":["Machine Learning"]}],"is_beta":false,"boss_relics":[{"not_picked":["Philosopher\u0027s Stone","Astrolabe"],"picked":"Coffee Dripper"}],"items_purged_floors":[0,5,11],"is_endless":false,"potions_floor_spawned":[4,6,13,16],"killed_by":"Gremlin Leader","ascension_level":3}}