{"host":"btkahjvw3wdsn6lk","time":1613301135,"event":{"mods":["ATMod(°¢èªMod)","Act Like it!","Astrologer","BaseMod","CapriCore","Conspire","Dota2Spire","Gensokyo","Highlight Path","Minty Spire (QoL Compilation)","Quick Restart","Replay The Spire","RumiaBox-Â¶Ã×æ«µÄÉñÃØºÐ×Ó","Spicy Shops","StSLib","¡¾ÒÅÎï¿¨ÅÆ¡¿REMEMod"],"gold_per_floor":[118,133,133,151,170,170,199,199,199,210,210,226,258,149,149,263,263,582,191,426,736,745,745,979,979,979,1027,317,317,73,105,105,216,216,262,271,58,583,836,863,863,889,889,889,920,920,929,941,941,941,941,941,173,207,207],"floor_reached":56,"language":"ZHS","playtime":3614,"items_purged":["astrologer:Strike","astrologer:Strike","Looming Evil","Pot Of Greed"],"score":1671,"play_id":"8d84211c-a358-46d8-aadf-604646201616","local_time":"20210214191215","is_ascension_mode":true,"campfire_choices":[{"data":"AT_FamilyPortrait","floor":6.0,"key":"SMITH"},{"data":"astrologer:CometStrike","floor":15.0,"key":"SMITH"},{"data":"astrologer:Trine","floor":23.0,"key":"SMITH"},{"floor":25.0,"key":"RECALL"},{"data":"astrologer:SpaceDust","floor":29.0,"key":"SMITH"},{"data":"astrologer:Strike","floor":32.0,"key":"PURGE"},{"data":"astrologer:Premonition","floor":41,"key":"SMITH"},{"data":"astrologer:TheFool","floor":46,"key":"SMITH"},{"data":"Deep Breath","floor":49,"key":"SMITH"},{"data":"astrologer:NorthStar","floor":52,"key":"SMITH"}],"circlet_count":0,"master_deck":["astrologer:Defend","astrologer:Defend","astrologer:Defend","astrologer:Defend","astrologer:NorthStar+1","astrologer:TheFool+1","AT_FamilyPortrait+1","astrologer:CometStrike+1","astrologer:GlassStar+1","astrologer:SpaceDust+1","astrologer:Trine+1","AT_KingSlayer+1","ReplayTheSpireMod:Necrogeddon+1","astrologer:Premonition+1","astrologer:CometStrike+1","Deep Breath+1","Crow Ritual","Pot Of Greed"],"relics":["astrologer:SkyMirror","AT_ATBox","REME_ComplimentaryCards","Gensokyo:OccultBall","REME_IWantAll","CeramicFish","Gensokyo:CelestialsFlawlessClothing","conspire:TopHat","SlaversCollar","Art of War","Prayer Wheel","Medical Kit","Toolbox","Oddly Smooth Stone","REME_PuzzleBoxRelic","Happy Flower","GodSword1","TungstenRod","Guide Book","AT_RedTearstoneRing","Juzu Bracelet","AddBug","REME_IWantAll","ReplayTheSpireMod:Ring of Collecting","Membership Card","Juzu Bracelet","Prayer Wheel","AT_BellowingDragoncrestRing","Dota2Spire:Vanguard","Ring of Searing","Bird Faced Urn","Turnip","Grinning Jar","OrangePellets","GodSword3","TheAbacus","Dota2Spire:ArmletOfMordiggian","Replay:Arrowhead","ReplayTheSpireMod:Ninjato"],"acts_visited":["Exordium","Gensokyo:Gensokyo","TheBeyond","TheEnding"],"potions_floor_usage":[55,55],"damage_taken":[{"damage":0.0,"enemies":"Gensokyo:2_Kodama","floor":1.0,"turns":4.0},{"damage":0.0,"enemies":"Gensokyo:3_Fairies","floor":2.0,"turns":2.0},{"damage":0.0,"enemies":"Gensokyo:Gryphon","floor":4.0,"turns":3.0},{"damage":0.0,"enemies":"Gensokyo:VengefulSpirit","floor":5.0,"turns":2.0},{"damage":5.0,"enemies":"Gensokyo:Aya","floor":7.0,"turns":7.0},{"damage":0.0,"enemies":"Gensokyo:LivingMonolith","floor":10.0,"turns":3.0},{"damage":0.0,"enemies":"Gensokyo:2_Rabbits","floor":12.0,"turns":2.0},{"damage":0.0,"enemies":"Gensokyo:Cirno","floor":13.0,"turns":4.0},{"damage":24.0,"enemies":"Gensokyo:Yukari","floor":16.0,"turns":12.0},{"damage":17.0,"enemies":"Gensokyo:AngelMirror","floor":18.0,"turns":8.0},{"damage":0.0,"enemies":"Gensokyo:CosmicMonolith","floor":20.0,"turns":12.0},{"damage":18.0,"enemies":"Gensokyo:Wraith","floor":21.0,"turns":7.0},{"damage":1.0,"enemies":"Gensokyo:Tenshi","floor":24.0,"turns":3.0},{"damage":28.0,"enemies":"Gensokyo:Reisen","floor":31.0,"turns":2.0},{"damage":0.0,"enemies":"Gensokyo:Kaguya","floor":33.0,"turns":5.0},{"damage":0.0,"enemies":"3 Darklings","floor":35.0,"turns":5.0},{"damage":43,"enemies":"Orb Walker","floor":38,"turns":2},{"damage":22,"enemies":"Writhing Mass","floor":39,"turns":2},{"damage":0,"enemies":"Reptomancer","floor":40,"turns":2},{"damage":0,"enemies":"R_Hoarder","floor":42,"turns":3},{"damage":0,"enemies":"Giant Head","floor":45,"turns":2},{"damage":0,"enemies":"Jaw Worm Horde","floor":48,"turns":2},{"damage":0,"enemies":"Donu and Deca","floor":50,"turns":2},{"damage":32,"enemies":"Shield and Spear","floor":54,"turns":2},{"damage":55,"enemies":"The Heart","floor":55,"turns":6}],"seed_played":"8062978945702642935","potions_obtained":[{"floor":2.0,"key":"GamblersBrew"},{"floor":10.0,"key":"AttackPotion"},{"floor":12.0,"key":"EssenceOfSteel"},{"floor":13.0,"key":"ColorlessPotion"},{"floor":16.0,"key":"ColorlessPotion"},{"floor":31.0,"key":"Fire Potion"},{"floor":45,"key":"Elixir"},{"floor":48,"key":"Elixir"}],"is_trial":false,"path_per_floor":["M","M","?","M","M","R","E","?","T","M","?","M","E","COS","R","B",null,"M","COS","M","M","?","R","E","R","T","T","$","R","$","E","R","B",null,"M","?","$","M","M","E","R","E","T","?","E","R","?","M","R","B",null,"R","$","E","B",null],"character_chosen":"ASTROLOGER","items_purchased":["TungstenRod","ReplayTheSpireMod:Necrogeddon","Guide Book","AT_RedTearstoneRing","Membership Card","Crow Ritual","Grinning Jar","OrangePellets","GodSword3","TheAbacus","Dota2Spire:ArmletOfMordiggian","Replay:Arrowhead","DuplicationPotion"],"campfire_rested":0,"item_purchase_floors":[28,28,28,30,37,53,53,53,53,53,53,53,53],"current_hp_per_floor":[77,77,77,77,77,77,72,72,72,75,55,55,55,55,55,31,80,63,63,63,45,45,45,44,44,44,44,44,44,44,16,16,17,81,81,81,81,38,16,16,16,16,16,16,28,28,28,32,32,38,81,81,81,59,18],"gold":207,"neow_bonus":"TEN_PERCENT_HP_BONUS","is_daily":false,"chose_seed":false,"campfire_upgraded":8,"win_rate":0.0,"timestamp":1613301135,"path_taken":["M","M","?","?","M","R","E","?","T","M","?","M","E","COS","R","BOSS","M","COS","M","?","?","R","E","R","T","?","$","R","$","E","R","BOSS","M","?","$","M","M","E","R","E","T","?","E","R","?","M","R","BOSS","R","$","E","BOSS"],"items_purchased_type":["Relic","Card","Relic","Relic","Relic","Card","Relic","Relic","Relic","Relic","Relic","Relic","Potion"],"build_version":"2020-12-22","purchased_purges":4,"victory":true,"max_hp_per_floor":[77,77,77,77,77,77,77,77,77,80,80,80,80,80,80,80,80,80,80,80,80,80,80,80,80,80,80,80,80,80,80,80,81,81,81,81,81,81,81,81,81,81,81,81,81,81,81,81,81,81,81,81,81,81,81],"card_choices":[{"not_picked":["astrologer:Opposition","astrologer:Still"],"picked":"astrologer:CometStrike","floor":1.0},{"not_picked":["astrologer:FrozenStar","astrologer:Radiance"],"picked":"astrologer:GlassStar","floor":2.0},{"not_picked":["astrologer:TheHighPriestess","astrologer:Moonlight"],"picked":"astrologer:SpaceDust","floor":4.0},{"not_picked":["astrologer:SolarFlare","astrologer:Still","astrologer:Strength"],"picked":"SKIP","floor":5.0},{"not_picked":["astrologer:WheelofFortune","astrologer:TheTower","astrologer:Divination"],"picked":"SKIP","floor":7.0},{"not_picked":["astrologer:CometStrike","astrologer:FrozenStar","astrologer:SpaceDust"],"picked":"SKIP","floor":10.0},{"not_picked":["astrologer:SolarFlare","astrologer:Stardust","astrologer:SpaceDust"],"picked":"SKIP","floor":12.0},{"not_picked":["astrologer:Eclipse","astrologer:Prestidigitation","astrologer:SpaceDust"],"picked":"SKIP","floor":13.0},{"not_picked":["astrologer:TheMagician","astrologer:RejectReality"],"picked":"astrologer:Trine","floor":16.0},{"not_picked":["astrologer:Premeditation","astrologer:FrozenStar","astrologer:Still"],"picked":"SKIP","floor":18.0},{"not_picked":["astrologer:Moonlight+1","astrologer:TheHierophant+1","astrologer:Glimpse"],"picked":"SKIP","floor":18.0},{"not_picked":["astrologer:Judgement+1","astrologer:TheMagician+1","astrologer:Moonlight+1"],"picked":"SKIP","floor":20.0},{"not_picked":["astrologer:NeutronStar","astrologer:SolarFlare","astrologer:TheEmpress+1"],"picked":"SKIP","floor":20.0},{"not_picked":["astrologer:Radiance","astrologer:SolarFlare","astrologer:Opposition+1"],"picked":"SKIP","floor":20.0},{"not_picked":["astrologer:Judgement+1","astrologer:TheMagician+1","astrologer:Moonlight+1"],"picked":"SKIP","floor":20.0},{"not_picked":["astrologer:NeutronStar","astrologer:SolarFlare","astrologer:TheEmpress+1"],"picked":"SKIP","floor":20.0},{"not_picked":["astrologer:Radiance","astrologer:SolarFlare","astrologer:Opposition+1"],"picked":"SKIP","floor":20.0},{"not_picked":["astrologer:CometStrike","astrologer:ReadTheStars","astrologer:MeteorShower"],"picked":"SKIP","floor":21.0},{"not_picked":["astrologer:Quincunx","astrologer:MeteorShower","astrologer:CosmicExpanse+1"],"picked":"SKIP","floor":21.0},{"not_picked":["astrologer:Divination+1","astrologer:Justice","astrologer:Opposition"],"picked":"SKIP","floor":24.0},{"not_picked":["astrologer:NeutronStar+1","astrologer:Stardust","astrologer:Strength+1"],"picked":"SKIP","floor":31.0},{"not_picked":["astrologer:Nova","astrologer:Alignment"],"picked":"astrologer:Premonition","floor":33.0},{"not_picked":["astrologer:CrystalBall","astrologer:Radiance"],"picked":"astrologer:CometStrike+1","floor":35.0},{"not_picked":["astrologer:Moonlight","astrologer:Eclipse","astrologer:Stardust"],"picked":"SKIP","floor":35.0},{"not_picked":["astrologer:Opposition+1","astrologer:CometStrike","astrologer:SolarFlare"],"picked":"SKIP","floor":38},{"not_picked":["astrologer:SpaceDust","astrologer:Still+1","astrologer:StarOfChange"],"picked":"SKIP","floor":38},{"not_picked":["astrologer:FrozenStar+1","astrologer:MeteorShower+1","astrologer:Fireball+1"],"picked":"SKIP","floor":39},{"not_picked":["astrologer:Still+1","astrologer:CometStrike+1","astrologer:Conjunction+1"],"picked":"SKIP","floor":39},{"not_picked":["astrologer:MeteorShower","astrologer:TheTower+1","astrologer:FrozenStar"],"picked":"SKIP","floor":40},{"not_picked":["astrologer:TheEmperor","astrologer:TheHierophant+1","astrologer:ReadTheStars"],"picked":"SKIP","floor":42},{"not_picked":["astrologer:BlackHole","astrologer:StarOfChange","astrologer:Moonlight+1","astrologer:CometStrike+1","astrologer:Eclipse","astrologer:TheLovers+1","astrologer:Sunrise"],"picked":"SKIP","floor":45},{"not_picked":["astrologer:Still+1","astrologer:Opposition","astrologer:Shine"],"picked":"SKIP","floor":48},{"not_picked":["astrologer:SpaceDust","astrologer:TheTower","astrologer:Radiance+1"],"picked":"SKIP","floor":48},{"not_picked":["astrologer:SpaceDust+1","astrologer:MeteorShower","astrologer:Stardust"],"picked":"SKIP","floor":48},{"not_picked":["astrologer:Radiance+1","astrologer:Stardust","astrologer:Still"],"picked":"SKIP","floor":54}],"player_experience":395092,"relics_obtained":[{"floor":4.0,"key":"Gensokyo:OccultBall"},{"floor":7.0,"key":"REME_IWantAll"},{"floor":9.0,"key":"CeramicFish"},{"floor":13.0,"key":"conspire:TopHat"},{"floor":16.0,"key":"Gensokyo:OccultBall"},{"floor":21.0,"key":"Gensokyo:OccultBall"},{"floor":24.0,"key":"Happy Flower"},{"floor":26.0,"key":"GodSword1"},{"floor":31.0,"key":"Juzu Bracelet"},{"floor":33.0,"key":"Gensokyo:OccultBall"},{"floor":35.0,"key":"REME_IWantAll"},{"floor":36.0,"key":"ReplayTheSpireMod:Ring of Collecting"},{"floor":38,"key":"Juzu Bracelet"},{"floor":40,"key":"Gensokyo:OccultBall"},{"floor":40,"key":"Prayer Wheel"},{"floor":40,"key":"AT_BellowingDragoncrestRing"},{"floor":42,"key":"Dota2Spire:Vanguard"},{"floor":43,"key":"Ring of Searing"},{"floor":43,"key":"Bird Faced Urn"},{"floor":45,"key":"Turnip"},{"floor":54,"key":"ReplayTheSpireMod:Ninjato"}],"event_choices":[{"damage_healed":0,"gold_gain":0,"player_choice":"Ignored","damage_taken":0,"max_hp_gain":0,"max_hp_loss":0,"event_name":"Tomb of Lord Red Mask","floor":44,"gold_loss":0},{"damage_healed":0,"gold_gain":0,"player_choice":"1 cards matched","damage_taken":0,"max_hp_gain":0,"max_hp_loss":0,"event_name":"Match and Keep!","floor":47,"gold_loss":0,"cards_obtained":["Deep Breath"]}],"is_beta":false,"boss_relics":[{"not_picked":["Painkiller Herb","Ectoplasm"],"picked":"SlaversCollar"},{"not_picked":["Cursed Key","Replay:Ancient Bell"],"picked":"AddBug"}],"items_purged_floors":[28,30,37,53],"is_endless":false,"potions_floor_spawned":[2,10,12,13,16,21,31,35,45,48],"ascension_level":2}}