{"host":"2p3jwbtacxwf1d73","time":1613337436,"event":{"mods":["BaseMod","Colored Powertips","Hermit","Hubris","Minty Spire (QoL Compilation)","Potionbrewer","Quick Restart","Reliquary","Small Relic Pack","StSLib","The Cursed","The Death Knight","The Gatherer","The Hierophant","The Necromancer","The Servant 0.9.4"],"gold_per_floor":[116,129,129,79,9,47,33,68,104,141,164,203,215,247,259,378,390,402,402],"floor_reached":18,"language":"ENG","playtime":753,"items_purged":[],"score":180,"play_id":"59e13a9e-389b-48d5-a76e-a6f8e78d2283","local_time":"20210214151716","daily_mods":["SealedDeck","Heirloom"],"is_ascension_mode":false,"campfire_choices":[{"floor":15,"key":"REST"}],"circlet_count":0,"master_deck":["DeathKnight:DeathCoil","DeathKnight:Runeguard","DeathKnight:WraithWalk","DeathKnight:DeathAndDecay","DeathKnight:Ossuary","DeathKnight:RuneShock","DeathKnight:DeathRune","DeathKnight:ThirstingStrike","DeathKnight:DeathAndDecay","DeathKnight:DeathGrip","DeathKnight:BloodTap","DeathKnight:ReapingStrike","DeathKnight:SindragosasBreath","DeathKnight:HartStrike","DeathKnight:MindFreeze","DeathKnight:RuneShock+1","DeathKnight:Simulacrum"],"relics":["DeathKnight:BrokenRuneblade","hubris:Potato","CeramicFish","MawBank","Lantern","hubris:ToyBattleship","Philosopher\u0027s Stone"],"acts_visited":["Exordium","TheCity"],"potions_floor_usage":[8,12],"damage_taken":[{"damage":1,"enemies":"Cultist","floor":1,"turns":3},{"damage":0,"enemies":"Small Slimes","floor":2,"turns":2},{"damage":10,"enemies":"Lagavulin","floor":6,"turns":5},{"damage":13,"enemies":"3 Sentries","floor":8,"turns":3},{"damage":0,"enemies":"Jaw Worm","floor":10,"turns":2},{"damage":0,"enemies":"Exordium Wildlife","floor":11,"turns":2},{"damage":3,"enemies":"Lagavulin","floor":12,"turns":7},{"damage":4,"enemies":"Looter","floor":14,"turns":2},{"damage":7,"enemies":"Slime Boss","floor":16,"turns":8},{"damage":0,"enemies":"3 Byrds","floor":18,"turns":2}],"seed_played":"1227117716915058164","potions_obtained":[{"floor":2,"key":"Swift Potion"},{"floor":6,"key":"potionbrewer:InfectionPotion"},{"floor":12,"key":"Weak Potion"},{"floor":14,"key":"potionbrewer:AcidPotion"}],"is_trial":true,"path_per_floor":["M","M","?","?","$","E","$","E","T","M","M","E","?","M","R","B",null,"M"],"character_chosen":"DEATH_KNIGHT","items_purchased":["DeathKnight:ReapingStrike","DeathKnight:HartStrike"],"campfire_rested":1,"item_purchase_floors":[5,7],"current_hp_per_floor":[74,74,79,79,79,69,69,56,56,56,56,53,53,49,73,66,80,80,80],"gold":402,"neow_bonus":"","is_daily":false,"chose_seed":false,"campfire_upgraded":0,"win_rate":0.0,"timestamp":1613337436,"path_taken":["M","M","?","?","?","E","$","E","T","M","M","E","?","M","R","BOSS","M"],"items_purchased_type":["Card","Card"],"build_version":"2020-12-22","purchased_purges":0,"victory":false,"max_hp_per_floor":[75,75,80,80,80,80,80,80,80,80,80,80,80,80,80,80,80,80,80],"card_choices":[{"not_picked":["DeathKnight:Pestilence","DeathKnight:GargoyleSkin"],"picked":"DeathKnight:DeathGrip","floor":1},{"not_picked":["DeathKnight:MutagenicPlague","DeathKnight:FrosPresence"],"picked":"DeathKnight:BloodTap","floor":2},{"not_picked":["DeathKnight:PlagueStrike","DeathKnight:Culling"],"picked":"DeathKnight:SindragosasBreath","floor":6},{"not_picked":["DeathKnight:DreadStrike","DeathKnight:FrostStrike"],"picked":"DeathKnight:MindFreeze","floor":8},{"not_picked":["DeathKnight:MutagenicPlague","DeathKnight:FesteringStrike"],"picked":"DeathKnight:RuneShock","floor":10},{"not_picked":["DeathKnight:ShatteringStrikes","DeathKnight:FoulBulwark","DeathKnight:Hemostasis"],"picked":"SKIP","floor":11},{"not_picked":["DeathKnight:Pestilence","DeathKnight:RaiseAlly","DeathKnight:DeathGrip"],"picked":"SKIP","floor":12},{"not_picked":["DeathKnight:IceboundArmor","DeathKnight:BludPresence","DeathKnight:UnholyFrenzy"],"picked":"SKIP","floor":14},{"not_picked":["DeathKnight:VampiricBlood","DeathKnight:Frostscythe"],"picked":"DeathKnight:Simulacrum","floor":16}],"player_experience":475527,"relics_obtained":[{"floor":6,"key":"CeramicFish"},{"floor":8,"key":"MawBank"},{"floor":9,"key":"Lantern"},{"floor":12,"key":"hubris:ToyBattleship"}],"event_choices":[{"damage_healed":0,"gold_gain":0,"player_choice":"Donut","damage_taken":0,"max_hp_gain":5,"max_hp_loss":0,"event_name":"Big Fish","floor":3,"gold_loss":0},{"cards_removed":["DeathKnight:Hysteria"],"damage_healed":0,"gold_gain":0,"player_choice":"Card Removal","damage_taken":0,"max_hp_gain":0,"max_hp_loss":0,"event_name":"The Cleric","floor":4,"gold_loss":50},{"damage_healed":0,"gold_gain":0,"player_choice":"Upgraded","damage_taken":0,"max_hp_gain":0,"max_hp_loss":0,"event_name":"Upgrade Shrine","floor":13,"gold_loss":0,"cards_upgraded":["DeathKnight:RuneShock"]}],"is_beta":false,"boss_relics":[{"not_picked":["Ectoplasm","Astrolabe"],"picked":"Philosopher\u0027s Stone"}],"items_purged_floors":[],"is_endless":false,"potions_floor_spawned":[2,6,12,14],"killed_by":"3 Byrds","ascension_level":0}}