{"host":"dscols65uipasqd2","time":1613283608,"event":{"mods":["2.2 Compatiblity","AchievementEnabler","Aspiration","BaseMod","Colored Powertips","Downfall","Energized Spire","GifTheSpireLib","Hermit","Hubris","Infinite Spire","JesterMod","Jorbs\u0027s Wanderer Trilogy","Marisa????????","Minty Spire (QoL Compilation)","Rare Cards Sparkle","Replay The Spire","StSLib","Stuff the Spire","The Cursed","The Disciple","The Hierophant","The Judge","The Jungle","The Runesmith","TheFirefly"],"gold_per_floor":[99,115,115,125,140,175,225,225,225,225,225],"floor_reached":9,"language":"ENG","playtime":441,"items_purged":[],"score":82,"play_id":"2807a8bf-8627-486d-b95b-91429485d3de","local_time":"20210214012008","is_ascension_mode":true,"campfire_choices":[{"floor":1,"key":"RECALL"}],"circlet_count":0,"master_deck":["sneckomod:Strike","sneckomod:Strike","sneckomod:Strike","sneckomod:Defend","sneckomod:Defend","sneckomod:Defend","sneckomod:TailWhip","sneckomod:SnekBite","sneckomod:Unknown","sneckomod:Unknown","hubris:Despair","Chrysalis","sneckomod:UnknownClassBLUE","StuffTheSpire:Innocence","sneckomod:UnknownClassRED","sneckomod:UnknownClassCHRONO_GOLD","sneckomod:UnknownUncommonAttack"],"relics":["sneckomod:SneckoSoul","Gremlin Food"],"acts_visited":["Exordium"],"potions_floor_usage":[9,9],"damage_taken":[{"damage":0,"enemies":"2 Louse","floor":2,"turns":1},{"damage":19,"enemies":"Small Slimes","floor":4,"turns":5},{"damage":9,"enemies":"Jaw Worm","floor":5,"turns":4},{"damage":29,"enemies":"Gremlin Nob","floor":6,"turns":5},{"damage":52,"enemies":"Lagavulin","floor":9,"turns":8}],"seed_played":"2499610599863765058","potions_obtained":[{"floor":4,"key":"Swift Potion"},{"floor":6,"key":"SteroidPotion"}],"is_trial":false,"path_per_floor":["R","M","?","M","M","E","T","?","E"],"character_chosen":"THE_SNECKO","items_purchased":[],"campfire_rested":0,"item_purchase_floors":[],"current_hp_per_floor":[81,81,74,55,46,17,17,47,0,0,0],"gold":225,"neow_bonus":"RANDOM_COLORLESS_2","is_daily":false,"chose_seed":false,"campfire_upgraded":0,"win_rate":0.0,"timestamp":1613283608,"path_taken":["R","M","?","M","M","E","T","?","E"],"items_purchased_type":[],"build_version":"2020-12-22","purchased_purges":0,"victory":false,"max_hp_per_floor":[90,90,90,90,90,90,90,90,90,90,90],"card_choices":[{"not_picked":["Midas Touch","Replay:Dark Deal"],"picked":"Chrysalis","floor":0},{"not_picked":["sneckomod:UnknownClassMARISA_COLOR","sneckomod:UnknownClassBLESSING"],"picked":"sneckomod:UnknownClassBLUE","floor":2},{"not_picked":["sneckomod:Rotation","sneckomod:UnknownVulnerable"],"picked":"sneckomod:UnknownClassRED","floor":4},{"not_picked":["sneckomod:UnknownDexterity","sneckomod:UnknownClassINFINITE_BLACK"],"picked":"sneckomod:UnknownClassCHRONO_GOLD","floor":5},{"not_picked":["sneckomod:RainOfDice","sneckomod:CheapStock"],"picked":"sneckomod:UnknownUncommonAttack","floor":6}],"player_experience":647750,"relics_obtained":[{"floor":6,"key":"Gremlin Food"}],"event_choices":[{"damage_healed":30,"gold_gain":0,"player_choice":"Banana","damage_taken":0,"max_hp_gain":0,"max_hp_loss":0,"event_name":"Big Fish","floor":8,"gold_loss":0}],"is_beta":false,"boss_relics":[],"items_purged_floors":[],"is_endless":false,"potions_floor_spawned":[4,6],"killed_by":"Lagavulin","ascension_level":7}}