{"host":"i4d8tgqbnmcnjm0a","time":1613299166,"event":{"mods":["BaseMod","Keyboard Shortcuts","Minty Spire (QoL Compilation)"],"gold_per_floor":[12,30,30,46,59,94,169,12,39,39,59,59,59,98,98,98,98],"floor_reached":16,"language":"ENG","playtime":966,"items_purged":["Strike_B"],"score":132,"play_id":"126b2691-1085-472b-912b-3bff7ae03675","local_time":"20210214053926","is_ascension_mode":true,"campfire_choices":[{"floor":10,"key":"REST"},{"floor":13,"key":"REST"},{"floor":15,"key":"REST"}],"circlet_count":0,"master_deck":["Strike_B","Strike_B","Strike_B","Defend_B","Defend_B","Defend_B","Zap","Dualcast","Electrodynamics","Conserve Battery","Aggregate","Storm","Glacier","BootSequence","Self Repair","Injury","Static Discharge","Auto Shields"],"relics":["Cracked Core","Blood Vial","Dream Catcher","Golden Idol","Juzu Bracelet"],"acts_visited":["Exordium"],"potions_floor_usage":[5,6],"damage_taken":[{"damage":7,"enemies":"2 Louse","floor":1,"turns":2},{"damage":0,"enemies":"Jaw Worm","floor":2,"turns":2},{"damage":3,"enemies":"Small Slimes","floor":4,"turns":2},{"damage":2,"enemies":"Blue Slaver","floor":5,"turns":3},{"damage":42,"enemies":"Lagavulin","floor":6,"turns":6},{"damage":6,"enemies":"Looter","floor":11,"turns":3},{"damage":37,"enemies":"Gremlin Nob","floor":14,"turns":5},{"damage":46,"enemies":"Hexaghost","floor":16,"turns":12}],"seed_played":"5976163806244844153","potions_obtained":[{"floor":2,"key":"Block Potion"},{"floor":4,"key":"ColorlessPotion"}],"is_trial":false,"path_per_floor":["M","M","?","M","M","E","?","$","T","R","M","?","R","E","R","B"],"character_chosen":"DEFECT","items_purchased":["Glacier"],"campfire_rested":3,"item_purchase_floors":[8],"current_hp_per_floor":[68,68,68,65,63,21,10,10,10,32,28,28,50,22,44,0,0],"gold":98,"neow_bonus":"THREE_RARE_CARDS","is_daily":false,"chose_seed":false,"campfire_upgraded":0,"win_rate":0.0,"timestamp":1613299166,"path_taken":["M","M","?","M","M","E","?","?","T","R","M","?","R","E","R","BOSS"],"items_purchased_type":["Card"],"build_version":"2020-12-22","purchased_purges":1,"victory":false,"max_hp_per_floor":[75,75,75,75,75,75,75,75,75,75,75,75,75,75,75,75,75],"card_choices":[{"not_picked":["Fission","Hyperbeam"],"picked":"Electrodynamics","floor":0},{"not_picked":["Blizzard","Recycle"],"picked":"Conserve Battery","floor":1},{"not_picked":["Fusion","Leap","Turbo"],"picked":"SKIP","floor":2},{"not_picked":["Streamline","Barrage"],"picked":"Aggregate","floor":4},{"not_picked":["Compile Driver","Sweeping Beam"],"picked":"Storm","floor":5},{"not_picked":["Biased Cognition","Ball Lightning","Scrape"],"picked":"SKIP","floor":6},{"not_picked":["Barrage","Chaos"],"picked":"BootSequence","floor":10},{"not_picked":["Static Discharge","Gash"],"picked":"Self Repair","floor":11},{"not_picked":["Compile Driver","BootSequence"],"picked":"Static Discharge","floor":14},{"not_picked":["Reinforced Body","Sweeping Beam"],"picked":"Auto Shields","floor":15}],"player_experience":336173,"relics_obtained":[{"floor":6,"key":"Blood Vial"},{"floor":9,"key":"Dream Catcher"},{"floor":14,"key":"Juzu Bracelet"}],"event_choices":[{"cards_removed":["Defend_B"],"damage_healed":0,"gold_gain":0,"player_choice":"Forget","damage_taken":0,"max_hp_gain":0,"max_hp_loss":0,"event_name":"Living Wall","floor":3,"gold_loss":0},{"damage_healed":0,"gold_gain":75,"player_choice":"Gather Gold","damage_taken":11,"max_hp_gain":0,"max_hp_loss":0,"event_name":"World of Goop","floor":7,"gold_loss":0},{"damage_healed":0,"gold_gain":0,"player_choice":"Take Wound","damage_taken":0,"relics_obtained":["Golden Idol"],"max_hp_gain":0,"max_hp_loss":0,"event_name":"Golden Idol","floor":12,"gold_loss":0,"cards_obtained":["Injury"]}],"is_beta":false,"boss_relics":[],"items_purged_floors":[8],"is_endless":false,"potions_floor_spawned":[2,4],"killed_by":"Hexaghost","ascension_level":4}}