{"host":"raaimkojny05jekw","time":1613276063,"event":{"mods":["AchievementEnabler","BaseMod","Colored Map","Colored Powertips","DeckTracker","Minty Spire (QoL Compilation)","Quick Restart","Rare Cards Sparkle","everything is the same but u backflip on backflip"],"gold_per_floor":[114,43,63,81,98,98,126,139,164,164,175,175,175,188,188,283,283,303,323,339,356,356,356,373,373,397,397,397,397],"floor_reached":28,"language":"KOR","playtime":734,"items_purged":[],"score":291,"play_id":"29338862-383f-4597-9823-574197eb5016","local_time":"20210214131423","is_ascension_mode":true,"campfire_choices":[{"data":"Evolve","floor":6,"key":"SMITH"},{"data":"Bash","floor":10,"key":"SMITH"},{"data":"Inflame","floor":13,"key":"SMITH"},{"data":"Immolate","floor":15,"key":"SMITH"},{"data":"Shockwave","floor":23,"key":"SMITH"},{"floor":25,"key":"REST"},{"data":"Fire Breathing","floor":27,"key":"SMITH"}],"circlet_count":0,"master_deck":["Strike_R","Strike_R","Strike_R","Strike_R","Strike_R","Defend_R","Defend_R","Defend_R","Defend_R","Bash+1","Shame","Immolate+1","Carnage","Evolve+1","Perfected Strike","Fire Breathing+1","Inflame+1","Disarm","Shockwave+1","Cleave","Bloodletting","Impervious","Power Through","Inflame","Shrug It Off+1"],"relics":["Black Blood","Shuriken","Strawberry","Pen Nib","Orichalcum"],"acts_visited":["Exordium","TheCity"],"potions_floor_usage":[7,7,16,20,20,24,28],"damage_taken":[{"damage":3,"enemies":"Cultist","floor":1,"turns":3},{"damage":0,"enemies":"2 Louse","floor":3,"turns":1},{"damage":2,"enemies":"Jaw Worm","floor":4,"turns":3},{"damage":27,"enemies":"Exordium Wildlife","floor":5,"turns":4},{"damage":8,"enemies":"Gremlin Nob","floor":7,"turns":3},{"damage":7,"enemies":"3 Louse","floor":8,"turns":2},{"damage":11,"enemies":"Looter","floor":11,"turns":3},{"damage":4,"enemies":"Exordium Wildlife","floor":14,"turns":3},{"damage":38,"enemies":"The Guardian","floor":16,"turns":7},{"damage":10,"enemies":"Chosen","floor":18,"turns":3},{"damage":37,"enemies":"2 Thieves","floor":19,"turns":4},{"damage":18,"enemies":"Centurion and Healer","floor":20,"turns":6},{"damage":14,"enemies":"Snake Plant","floor":21,"turns":6},{"damage":37,"enemies":"3 Cultists","floor":24,"turns":5},{"damage":44,"enemies":"Slavers","floor":28,"turns":4}],"seed_played":"124122717597816402","potions_obtained":[{"floor":1,"key":"DuplicationPotion"},{"floor":3,"key":"SpeedPotion"},{"floor":5,"key":"AttackPotion"},{"floor":8,"key":"Block Potion"},{"floor":11,"key":"AttackPotion"},{"floor":19,"key":"Energy Potion"},{"floor":21,"key":"Weak Potion"},{"floor":24,"key":"Strength Potion"}],"is_trial":false,"path_per_floor":["M","$","M","M","M","R","E","M","T","R","M","?","R","M","R","B",null,"M","M","M","M","?","R","M","R","T","R","E"],"character_chosen":"IRONCLAD","items_purchased":["Evolve"],"campfire_rested":1,"item_purchase_floors":[2],"current_hp_per_floor":[75,75,80,80,59,59,57,56,63,63,58,58,58,60,60,28,72,74,49,43,41,41,41,16,42,42,42,0,0],"gold":397,"neow_bonus":"THREE_RARE_CARDS","is_daily":false,"chose_seed":false,"campfire_upgraded":6,"win_rate":0.0,"timestamp":1613276063,"path_taken":["M","$","M","M","M","R","E","M","T","R","M","?","R","M","R","BOSS","M","M","M","?","?","R","M","R","T","R","E"],"items_purchased_type":["Card"],"build_version":"2020-12-22","purchased_purges":0,"victory":false,"max_hp_per_floor":[80,80,80,80,80,80,80,80,87,87,87,87,87,87,87,87,87,87,87,87,87,87,87,87,87,87,87,87,87],"card_choices":[{"not_picked":["Reaper","Exhume"],"picked":"Immolate","floor":0},{"not_picked":["Havoc","Shrug It Off"],"picked":"Carnage","floor":1},{"not_picked":["Evolve","Dual Wield"],"picked":"Perfected Strike","floor":3},{"not_picked":["Rampage","Clash"],"picked":"Fire Breathing","floor":4},{"not_picked":["Thunderclap","Iron Wave"],"picked":"Inflame","floor":5},{"not_picked":["Corruption","Flex"],"picked":"Disarm","floor":7},{"not_picked":["Disarm","Perfected Strike"],"picked":"Shockwave","floor":8},{"not_picked":["Rupture","Sword Boomerang"],"picked":"Cleave","floor":11},{"not_picked":["Fire Breathing","Pummel"],"picked":"Bloodletting","floor":14},{"not_picked":["Corruption","Fiend Fire"],"picked":"Impervious","floor":16},{"not_picked":["Perfected Strike","Havoc+1"],"picked":"Power Through","floor":18},{"not_picked":["Sword Boomerang+1","Infernal Blade"],"picked":"Inflame","floor":19},{"not_picked":["Carnage","Twin Strike"],"picked":"Shrug It Off+1","floor":20},{"not_picked":["Rupture+1","Dropkick","Flex"],"picked":"SKIP","floor":21},{"not_picked":["Havoc","Carnage","Pommel Strike"],"picked":"SKIP","floor":24}],"player_experience":745939,"relics_obtained":[{"floor":7,"key":"Shuriken"},{"floor":9,"key":"Strawberry"},{"floor":26,"key":"Orichalcum"}],"event_choices":[{"damage_healed":0,"gold_gain":0,"player_choice":"Gave Potion","damage_taken":0,"relics_obtained":["Pen Nib"],"max_hp_gain":0,"max_hp_loss":0,"event_name":"WeMeetAgain","floor":12,"gold_loss":0},{"damage_healed":0,"gold_gain":0,"player_choice":"Ignored","damage_taken":0,"max_hp_gain":0,"max_hp_loss":0,"event_name":"Ghosts","floor":22,"gold_loss":0}],"is_beta":false,"boss_relics":[{"not_picked":["SlaversCollar","Calling Bell"],"picked":"Black Blood"}],"items_purged_floors":[],"is_endless":false,"potions_floor_spawned":[1,3,5,8,11,19,21,24],"killed_by":"Slavers","ascension_level":6}}