{"host":"4gkev1dtxxhiue3x","time":1613322290,"event":{"mods":["AchievementEnabler","Aspiration","BaseMod","Better Altar","Better Match","Better Note","Better Sensory Stone","Better Skull","Better Third Choice","Colored Powertips","Conspire","Downfall","Friendly Minions","Hermit","Hubris","Infinite Spire","Minty Spire (QoL Compilation)","Relic Stats","Replay The Spire","Robot Space Explorer","Shop Mod","StSLib","The Construct","The Disciple","The Hierophant","Wandering Minibosses"],"gold_per_floor":[172,186,196,196,296,296,296,311,304,6,6,35,35,48,43,23,23,23],"floor_reached":16,"language":"ENG","playtime":2097,"items_purged":[],"score":127,"play_id":"95b53e3c-eea5-488a-924d-916d282d14f9","local_time":"20210214180450","is_ascension_mode":false,"campfire_choices":[{"data":"Slimebound:Gluttony","floor":6,"key":"SMITH"},{"floor":11,"key":"RECALL"},{"floor":13,"key":"REST"}],"circlet_count":0,"master_deck":["conspire:GhostlyStrike","conspire:GhostlyStrike","conspire:GhostlyStrike","Slimebound:Tackle","conspire:GhostlyDefend","conspire:GhostlyDefend","conspire:GhostlyDefend","conspire:GhostlyDefend","Slimebound:Split","Slimebound:CorrosiveSpit","Slimebound:GoopSpray","Slimebound:Gluttony+1","Slimebound:LeechEnergy","Slimebound:LeadByExample","Slimebound:SplitMire","expansioncontent:StudyTheSpire","Slimebound:SlimeBarrage","Slimebound:ProtectTheBoss","Slimebound:SpikyOuterGoop","Slimebound:Dissolve"],"relics":["Slimebound:AbsorbEndCombat","conspire:TopHat","Regal Pillow"],"acts_visited":["Exordium"],"potions_floor_usage":[12,12,15],"damage_taken":[{"damage":12,"enemies":"Cultist","floor":2,"turns":3},{"damage":1,"enemies":"Jaw Worm","floor":3,"turns":3},{"damage":0,"enemies":"2 Louse","floor":8,"turns":2},{"damage":13,"enemies":"downfall:LooterAlt","floor":9,"turns":5},{"damage":5,"enemies":"downfall:FleeingMerchant","floor":10,"turns":4},{"damage":37,"enemies":"3 Sentries","floor":12,"turns":7},{"damage":21,"enemies":"Red Slaver","floor":14,"turns":3},{"damage":6,"enemies":"Large Slime","floor":15,"turns":7},{"damage":74,"enemies":"IC_STATUS_ARCHETYPE","floor":16,"turns":10}],"seed_played":"1946448783774483146","potions_obtained":[{"floor":8,"key":"hexamod:SoulburnPotion"},{"floor":9,"key":"DuplicationPotion"},{"floor":12,"key":"SneckoOil"}],"is_trial":false,"path_per_floor":["R","M","M","?","?","R","T","M","M","$","R","E","R","M","M","B"],"character_chosen":"SLIMEBOUND","items_purchased":["expansioncontent:StudyTheSpire","Slimebound:SlimeBarrage","Slimebound:ProtectTheBoss"],"campfire_rested":1,"item_purchase_floors":[10,10,10],"current_hp_per_floor":[71,61,64,64,64,64,64,68,62,65,65,36,71,56,58,0,0,0],"gold":23,"neow_bonus":"TEN_PERCENT_HP_BONUS","is_daily":false,"chose_seed":false,"campfire_upgraded":1,"win_rate":0.0,"timestamp":1613322290,"path_taken":["R","M","M","?","?","R","T","M","M","$","R","E","R","M","M","BOSS"],"items_purchased_type":["Card","Card","Card"],"build_version":"2020-12-22","purchased_purges":0,"victory":false,"max_hp_per_floor":[71,71,71,71,71,71,71,71,71,71,71,71,71,71,71,71,71,71],"relic_stats":{"Regal Pillow":14,"counters":[9,44],"obtain_stats":[{"Regal Pillow":12,"Slimebound:AbsorbEndCombat":0,"conspire:TopHat":7},{"Regal Pillow":6,"Slimebound:AbsorbEndCombat":0,"conspire:TopHat":2},{"Regal Pillow":24,"Slimebound:AbsorbEndCombat":0,"conspire:TopHat":6}]},"card_choices":[{"not_picked":["Slimebound:SplitMire","Slimebound:ViciousTackle"],"picked":"Slimebound:GoopSpray","floor":2},{"not_picked":["Slimebound:Prepare","Slimebound:Schlurp"],"picked":"Slimebound:Gluttony","floor":3},{"not_picked":["Slimebound:MegaLick","Slimebound:HauntingLick"],"picked":"Slimebound:LeechEnergy","floor":8},{"not_picked":["Slimebound:DisruptingSlam","Slimebound:SplitAcid"],"picked":"Slimebound:LeadByExample","floor":9},{"not_picked":["Slimebound:RainOfGoop","Slimebound:RejuvenatingLick"],"picked":"Slimebound:SplitMire","floor":10},{"not_picked":["Slimebound:SplitBruiser","Slimebound:Grow"],"picked":"Slimebound:SpikyOuterGoop","floor":12},{"not_picked":["Slimebound:HauntingLick","Slimebound:FormOfPuddle"],"picked":"Slimebound:Dissolve","floor":14},{"not_picked":["Slimebound:BestDefense","Slimebound:FormOfPuddle","Slimebound:SamplingLick"],"picked":"SKIP","floor":15}],"player_experience":163116,"relics_obtained":[{"floor":7,"key":"conspire:TopHat"},{"floor":12,"key":"Regal Pillow"}],"event_choices":[{"damage_healed":0,"gold_gain":0,"player_choice":"Agree","damage_taken":0,"max_hp_gain":0,"max_hp_loss":0,"event_name":"conspire:LoneGhost","floor":4,"gold_loss":0}],"is_beta":false,"boss_relics":[],"items_purged_floors":[],"is_endless":false,"potions_floor_spawned":[8,9,12],"killed_by":"IC_STATUS_ARCHETYPE","ascension_level":0}}