{"host":"1v3mnj67s3trvm6y","time":1613273204,"event":{"mods":["BaseMod","Challenge The Spire","Downfall","Minty Spire (QoL Compilation)","StSLib"],"gold_per_floor":[99,110,110,110,125,136,136,166,76,107,107,138,23,36,54,150,200,200,213,233,243,103,303,303,303,328,347,147,162,162,193,205,300,300,300,320,331,331,331,331,331,224,243,243,257,257,157,157,175,175,175,202,45,45,45,45],"floor_reached":57,"language":"ENG","playtime":3851,"items_purged":["champ:Defend","champ:Defend","champ:Defend"],"score":1352,"play_id":"94068e9d-30c3-4c0a-be5d-a1a33805f6d4","local_time":"20210214122644","is_ascension_mode":false,"campfire_choices":[{"data":"champ:StrikeOfGenius","floor":1,"key":"SMITH"},{"data":"champ:Improvising","floor":18,"key":"SMITH"},{"data":"champ:GladiatorForm","floor":28,"key":"SMITH"},{"data":"champ:DancingMaster","floor":35,"key":"SMITH"},{"floor":40,"key":"RECALL"},{"floor":47,"key":"REST"},{"data":"champ:StanceDance","floor":54,"key":"SMITH"}],"circlet_count":0,"master_deck":["champ:Strike","champ:Strike","champ:Strike","champ:Strike","champ:Execute","champ:Taunt","champ:StrikeOfGenius+1","champ:FanOfKnives","champ:EnGarde","champ:Improvising+1","champ:StanceDance+1","champ:FlashCut","champ:StanceDance","champ:TornadoPunch","champ:GutPunch","champ:AdrenalArmor","champ:MurderStrike+1","champ:PerfectedStrike","champ:EnragedBash","champ:Backstep","champ:StrikeOfGenius","champ:GladiatorForm+1","champ:DancingMaster+1","champ:ArenaPreparation+1","champ:IgnorePain","Metamorphosis"],"relics":["champ:ChampionCrown","MealTicket","PreservedInsect","Gremlin Horn","Tiny House","Ice Cream","The Courier","downfall:HeartBlessingGreen","downfall:HeartBlessingBlue","Dream Catcher","SlaversCollar","Sundial","Singing Bowl","Guardian:BottledAnomaly","Happy Flower","downfall:HeartBlessingRed","Pen Nib","Eternal Feather"],"acts_visited":["Exordium","TheCity","TheBeyond","TheEnding"],"potions_floor_usage":[17,19,23,26,29,43,56,56],"damage_taken":[{"damage":6,"enemies":"Jaw Worm","floor":2,"turns":3},{"damage":10,"enemies":"2 Louse","floor":5,"turns":3},{"damage":10,"enemies":"Small Slimes","floor":6,"turns":2},{"damage":17,"enemies":"downfall:FleeingMerchant","floor":9,"turns":4},{"damage":10,"enemies":"Lagavulin","floor":10,"turns":4},{"damage":12,"enemies":"Gremlin Nob","floor":12,"turns":4},{"damage":20,"enemies":"downfall:FleeingMerchant","floor":13,"turns":4},{"damage":2,"enemies":"downfall:LooterAlt","floor":14,"turns":3},{"damage":15,"enemies":"Large Slime","floor":15,"turns":5},{"damage":37,"enemies":"WA_ARCHETYPE_RETAIN","floor":16,"turns":5},{"damage":21,"enemies":"Chosen","floor":19,"turns":5},{"damage":30,"enemies":"Spheric Guardian","floor":20,"turns":3},{"damage":5,"enemies":"Centurion and Healer","floor":21,"turns":4},{"damage":46,"enemies":"downfall:FleeingMerchant","floor":22,"turns":4},{"damage":36,"enemies":"downfall:FleeingMerchant","floor":23,"turns":6},{"damage":7,"enemies":"Slavers","floor":26,"turns":3},{"damage":55,"enemies":"3 Cultists","floor":27,"turns":3},{"damage":47,"enemies":"Snake Plant","floor":29,"turns":4},{"damage":15,"enemies":"Gremlin Leader","floor":31,"turns":4},{"damage":30,"enemies":"Centurion and Healer","floor":32,"turns":5},{"damage":88,"enemies":"DF_ARCHETYPE_CLAW","floor":33,"turns":6},{"damage":54,"enemies":"3 Shapes","floor":36,"turns":5},{"damage":76,"enemies":"3 Darklings","floor":37,"turns":5},{"damage":20,"enemies":"downfall:FleeingMerchant","floor":42,"turns":4},{"damage":27,"enemies":"Jaw Worm Horde","floor":43,"turns":3},{"damage":74,"enemies":"Writhing Mass","floor":45,"turns":6},{"damage":38,"enemies":"Maw","floor":49,"turns":6},{"damage":65,"enemies":"SI_POISON_ARCHETYPE","floor":50,"turns":6},{"damage":76,"enemies":"downfall:CharBossMerchant","floor":52,"turns":4},{"damage":130,"enemies":"downfall:NeowBoss","floor":55,"turns":8},{"damage":132,"enemies":"downfall:NeowBossFinal","floor":56,"turns":9}],"seed_played":"7117861324655683782","potions_obtained":[{"floor":6,"key":"GamblersBrew"},{"floor":10,"key":"Dexterity Potion"},{"floor":12,"key":"Block Potion"},{"floor":15,"key":"CultistPotion"},{"floor":17,"key":"Fruit Juice"},{"floor":19,"key":"AttackPotion"},{"floor":21,"key":"LiquidMemories"},{"floor":26,"key":"Swift Potion"},{"floor":29,"key":"ColorlessPotion"},{"floor":37,"key":"DistilledChaos"},{"floor":45,"key":"Fire Potion"}],"is_trial":false,"path_per_floor":["R","M","?","?","M","M","T","?","$","E","?","E","$","M","M","B",null,"R","M","M","M","$","?","T","?","E","M","R","M","?","E","M","B",null,"R","M","M","?","?","R","T","$","M","?","M","$","R","T","M","B",null,"E","$","R","B","B",null],"character_chosen":"THE_CHAMP","items_purchased":["Singing Bowl","Guardian:BottledAnomaly","Happy Flower","Metamorphosis"],"campfire_rested":1,"item_purchase_floors":[42,42,42,53],"current_hp_per_floor":[90,84,84,66,66,66,66,66,79,69,74,72,87,85,85,63,105,105,104,104,104,104,93,93,93,91,91,101,89,89,89,89,71,115,115,96,85,85,85,85,85,100,90,75,56,71,108,108,97,97,123,114,125,125,120,13],"gold":45,"neow_bonus":"ONE_RANDOM_RARE_CARD","is_daily":false,"chose_seed":false,"campfire_upgraded":5,"win_rate":0.0,"timestamp":1613273204,"path_taken":["R","M","?","?","M","M","T","?","$","E","?","E","?","M","M","BOSS","R","M","M","M","$","?","T","?","E","M","R","M","?","E","M","BOSS","R","M","M","?","?","R","T","$","?","?","?","?","R","?","M","BOSS","E","$","R","BOSS","BOSS"],"items_purchased_type":["Relic","Relic","Relic","Card"],"build_version":"2020-12-22","purchased_purges":3,"victory":true,"max_hp_per_floor":[90,90,90,90,90,90,90,90,90,90,95,95,95,95,95,95,105,105,105,105,105,105,105,105,105,105,105,115,115,115,115,115,115,115,115,115,115,115,115,115,115,115,117,117,119,119,121,121,123,123,123,125,125,125,125,125],"card_choices":[{"not_picked":["champ:ViciousMockery","champ:IronFortress"],"picked":"champ:FanOfKnives","floor":2},{"not_picked":["champ:DefensiveShout","champ:PreemptiveStrike"],"picked":"champ:EnGarde","floor":5},{"not_picked":["champ:BerserkersShout","champ:TornadoPunch"],"picked":"champ:Improvising","floor":6},{"not_picked":["champ:Endure","champ:ShieldSlam"],"picked":"champ:StanceDance","floor":9},{"not_picked":["champ:DeathBlow","champ:StanceDance"],"picked":"champ:FlashCut","floor":10},{"not_picked":["champ:RisingSlash","champ:Lariat"],"picked":"champ:StanceDance","floor":12},{"not_picked":["champ:VampiricStrike","champ:CrownThrow"],"picked":"champ:TornadoPunch","floor":13},{"not_picked":["champ:EndlessRage","champ:SkillfulDodge"],"picked":"champ:GutPunch","floor":14},{"not_picked":["champ:BerserkersShout","champ:GutPunch"],"picked":"champ:AdrenalArmor","floor":15},{"not_picked":["champ:VampiricStrike","champ:LastStand"],"picked":"champ:MurderStrike","floor":16},{"not_picked":["champ:Circumvent","champ:HeartStrike"],"picked":"champ:PerfectedStrike","floor":17},{"not_picked":["champ:StanceDance","champ:FalseCounter"],"picked":"champ:EnragedBash","floor":19},{"not_picked":["champ:EnGarde+1","champ:IronFortress"],"picked":"champ:Backstep","floor":20},{"not_picked":["champ:Circumvent+1","champ:Parry"],"picked":"champ:StanceDance","floor":21},{"not_picked":["champ:GutPunch","champ:FancyFootwork+1"],"picked":"champ:StrikeOfGenius","floor":22},{"not_picked":["champ:SkillfulDodge","champ:DeathBlow+1"],"picked":"champ:GladiatorForm","floor":26},{"not_picked":["champ:AdrenalArmor","champ:GladiatorStyle","champ:PreciseThrust"],"picked":"SKIP","floor":27},{"not_picked":["champ:ShieldSigil","champ:DefensiveShout","champ:CrownThrow+1"],"picked":"SKIP","floor":29},{"not_picked":["champ:AdrenalArmor","champ:RisingSlash","champ:FlashCut"],"picked":"SKIP","floor":31},{"not_picked":["champ:BerserkersShout","champ:ShieldSigil+1","champ:AdrenalArmor"],"picked":"SKIP","floor":32},{"not_picked":["champ:StrikeOfGenius","champ:Improvising"],"picked":"champ:DancingMaster","floor":33},{"not_picked":["champ:Duel","champ:BerserkerStyle","champ:CrookedStrike"],"picked":"SKIP","floor":36},{"not_picked":["champ:PreemptiveStrike","champ:IronFortress"],"picked":"champ:ArenaPreparation+1","floor":37},{"not_picked":["champ:FocusedDefense+1","champ:Lariat","champ:Duel"],"picked":"SKIP","floor":42},{"not_picked":["champ:Haymaker","champ:Backstep","champ:TornadoPunch"],"picked":"Singing Bowl","floor":43},{"not_picked":["champ:TornadoPunch+1","champ:RisingSlash","champ:DefensiveShout"],"picked":"Singing Bowl","floor":45},{"not_picked":["champ:HoldFirm","champ:Haymaker","champ:GladiatorStyle"],"picked":"Singing Bowl","floor":47},{"not_picked":["champ:BladeFlurry","champ:ShieldSigil","champ:CrownThrow+1"],"picked":"Singing Bowl","floor":49},{"not_picked":["champ:CrownThrow+1","champ:SkillfulDodge","champ:HeartStrike+1"],"picked":"Singing Bowl","floor":52}],"player_experience":1803135,"relics_obtained":[{"floor":10,"key":"PreservedInsect"},{"floor":12,"key":"Gremlin Horn"},{"floor":24,"key":"Ice Cream"},{"floor":26,"key":"The Courier"},{"floor":31,"key":"Dream Catcher"},{"floor":41,"key":"Sundial"},{"floor":48,"key":"Pen Nib"},{"floor":52,"key":"Eternal Feather"}],"event_choices":[{"cards_removed":["champ:Defend"],"damage_healed":0,"gold_gain":0,"player_choice":"Card Removal","damage_taken":0,"max_hp_gain":0,"max_hp_loss":0,"event_name":"The Cleric","floor":3,"gold_loss":0},{"damage_healed":0,"gold_gain":0,"player_choice":"Success","damage_taken":18,"relics_obtained":["MealTicket"],"max_hp_gain":0,"max_hp_loss":0,"event_name":"Scrap Ooze","floor":4,"gold_loss":0},{"damage_healed":0,"gold_gain":0,"player_choice":"Donut","damage_taken":0,"max_hp_gain":5,"max_hp_loss":0,"event_name":"Big Fish","floor":11,"gold_loss":0},{"cards_removed":["champ:StanceDance"],"damage_healed":0,"gold_gain":0,"player_choice":"Removed Skill","damage_taken":0,"max_hp_gain":0,"max_hp_loss":0,"event_name":"Falling","floor":38,"gold_loss":0}],"is_beta":false,"boss_relics":[{"not_picked":["Velvet Choker","Snecko Eye"],"picked":"Tiny House"},{"not_picked":["SacredBark","Runic Pyramid"],"picked":"SlaversCollar"}],"items_purged_floors":[9,13,22],"is_endless":false,"potions_floor_spawned":[6,10,12,14,15,19,21,23,26,29,37,45,49],"ascension_level":0}}