{"host":"2ty4h143nj8vwezc","time":1613286908,"event":{"mods":["BaseMod","Colored Map","Googly Eyes","Highlight Path","Minty Spire (QoL Compilation)","Quick Restart","StSLib"],"gold_per_floor":[114,42,53,53,72,72,99,99,99,126,140,174,185,185,185,309,309,333,316,316,337,357,357,390,390,414,458,458,478,478,492,492,612,612,631,645,920,939,562,580,593,593,619,619,481,481,356,369,369,369],"floor_reached":51,"language":"ENG","playtime":3374,"items_purged":["Injury","Regret","Strike_B+1"],"score":1067,"play_id":"664ac401-3d48-46c8-a62f-2084551c32a1","local_time":"20210214021508","is_ascension_mode":true,"campfire_choices":[{"data":"Self Repair","floor":6.0,"key":"SMITH"},{"data":"Go for the Eyes","floor":8.0,"key":"SMITH"},{"data":"Fission","floor":15.0,"key":"SMITH"},{"floor":23.0,"key":"REST"},{"floor":25.0,"key":"REST"},{"floor":28.0,"key":"DIG"},{"floor":30.0,"key":"DIG"},{"data":"Loop","floor":32.0,"key":"SMITH"},{"data":"Biased Cognition","floor":42,"key":"SMITH"},{"floor":44,"key":"DIG"},{"data":"Biased Cognition","floor":46,"key":"SMITH"},{"data":"Heatsinks","floor":49,"key":"SMITH"}],"circlet_count":0,"master_deck":["Strike_B","Strike_B","Strike_B","Defend_B","Defend_B","Defend_B","Defend_B","Zap","Dualcast","Go for the Eyes+1","Cold Snap","Self Repair+1","Glacier","Dramatic Entrance","Melter+1","Cold Snap","Self Repair","Fission+1","Machine Learning","Capacitor+1","Heatsinks+1","Fission+1","Ball Lightning+1","Force Field","Hologram","Storm+1","Loop+1","Biased Cognition+1","Chill","Biased Cognition+1","Recycle+1","Chill"],"relics":["Cracked Core","White Beast Statue","Mummified Hand","Shovel","Bronze Scales","Golden Idol","SlaversCollar","PreservedInsect","Tiny Chest","Incense Burner","Pear","Vajra","SacredBark","Toolbox","MealTicket","Whetstone"],"acts_visited":["Exordium","TheCity","TheBeyond"],"potions_floor_usage":[41,50,50],"damage_taken":[{"damage":1.0,"enemies":"Cultist","floor":1.0,"turns":4.0},{"damage":7.0,"enemies":"Small Slimes","floor":3.0,"turns":4.0},{"damage":0.0,"enemies":"Jaw Worm","floor":5.0,"turns":3.0},{"damage":7.0,"enemies":"Lagavulin","floor":7.0,"turns":6.0},{"damage":23.0,"enemies":"3 Sentries","floor":10.0,"turns":7.0},{"damage":6.0,"enemies":"Exordium Thugs","floor":11.0,"turns":4.0},{"damage":13.0,"enemies":"Gremlin Nob","floor":12.0,"turns":4.0},{"damage":6.0,"enemies":"Looter","floor":13.0,"turns":3.0},{"damage":26.0,"enemies":"The Guardian","floor":16.0,"turns":12.0},{"damage":7.0,"enemies":"Chosen","floor":18.0,"turns":5.0},{"damage":23.0,"enemies":"2 Thieves","floor":19.0,"turns":4.0},{"damage":39.0,"enemies":"Centurion and Healer","floor":21.0,"turns":4.0},{"damage":30.0,"enemies":"Snake Plant","floor":22.0,"turns":5.0},{"damage":35.0,"enemies":"Book of Stabbing","floor":24.0,"turns":6.0},{"damage":28.0,"enemies":"Slavers","floor":27.0,"turns":4.0},{"damage":0.0,"enemies":"Cultist and Chosen","floor":29.0,"turns":4.0},{"damage":20.0,"enemies":"Shelled Parasite and Fungi","floor":31.0,"turns":4.0},{"damage":48.0,"enemies":"Automaton","floor":33.0,"turns":11.0},{"damage":26.0,"enemies":"3 Darklings","floor":35.0,"turns":3.0},{"damage":6.0,"enemies":"3 Shapes","floor":36.0,"turns":3.0},{"damage":42,"enemies":"Sphere and 2 Shapes","floor":38,"turns":4},{"damage":9,"enemies":"Maw","floor":40,"turns":5},{"damage":33,"enemies":"Jaw Worm Horde","floor":41,"turns":3},{"damage":10,"enemies":"3 Darklings","floor":48,"turns":3},{"damage":75,"enemies":"Awakened One","floor":50,"turns":12}],"seed_played":"-280604687202180860","potions_obtained":[{"floor":1.0,"key":"Dexterity Potion"},{"floor":3.0,"key":"CultistPotion"},{"floor":5.0,"key":"FocusPotion"},{"floor":7.0,"key":"FocusPotion"},{"floor":10.0,"key":"PowerPotion"},{"floor":12.0,"key":"FairyPotion"},{"floor":13.0,"key":"DuplicationPotion"},{"floor":16.0,"key":"GamblersBrew"},{"floor":19.0,"key":"SteroidPotion"},{"floor":21.0,"key":"Dexterity Potion"},{"floor":22.0,"key":"EssenceOfSteel"},{"floor":24.0,"key":"SpeedPotion"},{"floor":27.0,"key":"PotionOfCapacity"},{"floor":33.0,"key":"Fruit Juice"},{"floor":35.0,"key":"SpeedPotion"},{"floor":41,"key":"ColorlessPotion"}],"is_trial":false,"path_per_floor":["M","$","M","?","M","R","E","R","T","E","M","E","M","?","R","B",null,"M","M","?","M","M","R","E","R","T","E","R","M","R","M","R","B",null,"M","M","?","M","$","M","M","R","T","R","$","R","$","M","R","B",null],"character_chosen":"DEFECT","items_purchased":["Self Repair","Biased Cognition","Toolbox","Chill"],"campfire_rested":2,"item_purchase_floors":[2,39,39,45],"current_hp_per_floor":[67,67,67,67,74,74,67,67,67,54,58,62,66,66,66,57,71,75,59,59,37,24,46,28,50,50,39,49,66,66,63,63,32,72,73,67,67,35,35,43,27,27,27,27,42,42,57,64,64,74],"gold":369,"neow_bonus":"THREE_CARDS","is_daily":false,"chose_seed":false,"campfire_upgraded":7,"win_rate":0.0,"timestamp":1613286908,"path_taken":["M","$","?","?","?","R","E","R","T","E","M","E","M","?","R","BOSS","M","M","?","M","M","R","E","R","T","E","R","M","R","M","R","BOSS","M","M","?","M","$","M","M","R","T","R","?","R","$","M","R","BOSS"],"items_purchased_type":["Card","Card","Relic","Card"],"build_version":"2020-12-22","purchased_purges":3,"victory":true,"max_hp_per_floor":[75,75,75,75,75,75,75,75,75,75,75,75,75,75,75,75,75,75,75,75,75,75,75,75,75,75,75,85,85,85,85,85,85,85,95,95,95,95,95,95,95,95,95,95,95,95,95,95,95,95],"card_choices":[{"not_picked":["Reprogram","Steam"],"picked":"Go for the Eyes","floor":0.0},{"not_picked":["Blizzard","Conserve Battery"],"picked":"Cold Snap","floor":1.0},{"not_picked":["Turbo","Hologram"],"picked":"Glacier","floor":3.0},{"not_picked":["Ball Lightning","Beam Cell"],"picked":"Melter","floor":5.0},{"not_picked":["Hologram","Force Field","Redo"],"picked":"SKIP","floor":7.0},{"not_picked":["Ball Lightning","Compile Driver"],"picked":"Cold Snap","floor":10.0},{"not_picked":["Stack","Hologram"],"picked":"Self Repair","floor":11.0},{"not_picked":["Steam","Conserve Battery"],"picked":"Fission","floor":12.0},{"not_picked":["Gash","Stack","Darkness"],"picked":"SKIP","floor":13.0},{"not_picked":["Meteor Strike","Seek"],"picked":"Machine Learning","floor":16.0},{"not_picked":["Stack","Beam Cell"],"picked":"Capacitor+1","floor":18.0},{"not_picked":["Rebound","Turbo"],"picked":"Heatsinks","floor":19.0},{"not_picked":["Conserve Battery+1","Beam Cell"],"picked":"Ball Lightning+1","floor":21.0},{"not_picked":["Beam Cell","Stack"],"picked":"Force Field","floor":22.0},{"not_picked":["Stack","Ball Lightning"],"picked":"Hologram","floor":24.0},{"not_picked":["White Noise+1","BootSequence"],"picked":"Storm+1","floor":27.0},{"not_picked":["Gash+1","Turbo+1"],"picked":"Loop","floor":29.0},{"not_picked":["Conserve Battery+1","Barrage+1","Ball Lightning"],"picked":"SKIP","floor":31.0},{"not_picked":["Rainbow","Hyperbeam"],"picked":"Biased Cognition","floor":33.0},{"not_picked":["Barrage+1","Redo","Streamline+1"],"picked":"SKIP","floor":35.0},{"not_picked":["Genetic Algorithm","Beam Cell","Turbo+1"],"picked":"SKIP","floor":36},{"not_picked":["Hologram","Coolheaded"],"picked":"Chill","floor":38},{"not_picked":["Recycle","Turbo+1","Steam+1"],"picked":"SKIP","floor":40},{"not_picked":["Hyperbeam","Beam Cell"],"picked":"Recycle+1","floor":41},{"not_picked":["Steam+1","Double Energy","Rebound+1"],"picked":"SKIP","floor":48}],"player_experience":423359,"relics_obtained":[{"floor":7.0,"key":"White Beast Statue"},{"floor":9.0,"key":"Mummified Hand"},{"floor":10.0,"key":"Shovel"},{"floor":12.0,"key":"Bronze Scales"},{"floor":24.0,"key":"PreservedInsect"},{"floor":26.0,"key":"Tiny Chest"},{"floor":27.0,"key":"Incense Burner"},{"floor":28.0,"key":"Pear"},{"floor":30.0,"key":"Vajra"},{"floor":43,"key":"MealTicket"},{"floor":44,"key":"Whetstone"}],"event_choices":[{"damage_healed":0.0,"max_hp_gain":0.0,"max_hp_loss":0.0,"gold_gain":0.0,"event_name":"Match and Keep!","player_choice":"1 cards matched","floor":4.0,"gold_loss":0.0,"damage_taken":0.0,"cards_obtained":["Dramatic Entrance"]},{"damage_healed":0.0,"max_hp_gain":0.0,"max_hp_loss":0.0,"gold_gain":0.0,"event_name":"Golden Idol","player_choice":"Take Wound","floor":14.0,"gold_loss":0.0,"damage_taken":0.0,"relics_obtained":["Golden Idol"],"cards_obtained":["Injury"]},{"damage_healed":0.0,"max_hp_gain":0.0,"max_hp_loss":0.0,"gold_gain":0.0,"event_name":"Duplicator","player_choice":"Copied","floor":20.0,"gold_loss":0.0,"damage_taken":0.0,"cards_obtained":["Fission"]},{"damage_healed":0,"gold_gain":275,"player_choice":"Desecrate","damage_taken":0,"max_hp_gain":0,"max_hp_loss":0,"event_name":"Golden Shrine","floor":37,"gold_loss":0,"cards_obtained":["Regret"]}],"is_beta":false,"boss_relics":[{"not_picked":["Pandora\u0027s Box","Velvet Choker"],"picked":"SlaversCollar"},{"not_picked":["Coffee Dripper","Sozu"],"picked":"SacredBark"}],"items_purged_floors":[39,45,47],"is_endless":false,"potions_floor_spawned":[1,3,5,7,10,11,12,13,16,18,19,21,22,24,27,29,31,33,35,36,38,40,41,48],"ascension_level":9}}