{"host":"pqs17sqrgflf4eqa","time":1613343008,"event":{"mods":["AchievementEnabler","BaseMod","Bestiary","Better Altar","Better Match","Better Skull","Block Reminder","Bossed Relics","Colored Map","Colored Powertips","Curses Come First","Dark Map","DeckTracker","Defective Defect","Displayed Cursed Tome","Emptier Cage","Googly Eyes","Highlight Path","Minty Spire (QoL Compilation)","Quick Restart","Slay-I","StSLib","SuperFastMode","Synergy Search","Thieving Mod","Transform Curses","everything is the same but u backflip on backflip","slay the spire mod where everything is the same but ironclad has a cowboy hat"],"gold_per_floor":[15,32,32,45,58,58,71,71,96,137,149,163,163,191,191,303,303,313,313,336,355,35,76,95,95,95],"floor_reached":25,"language":"ENG","playtime":992,"items_purged":[],"score":363,"play_id":"0c0fde9c-1d10-4b45-bf68-dada8e956e47","local_time":"20210214175008","is_ascension_mode":true,"campfire_choices":[{"data":"1","floor":6,"key":"LIFT"},{"data":"2","floor":8,"key":"LIFT"},{"data":"3","floor":13,"key":"LIFT"},{"data":"Terror","floor":15,"key":"SMITH"}],"circlet_count":0,"master_deck":["Strike_G","Strike_G","Strike_G","Strike_G","Strike_G","Defend_G","Defend_G","Defend_G","Defend_G","Defend_G","Survivor","Neutralize+1","Dagger Spray","Dagger Spray","Backflip","Dodge and Roll","Terror+1","Unload","Sucker Punch","Deadly Poison+1","Dodge and Roll+1","Cloak And Dagger+1","PiercingWail+1"],"relics":["Ring of the Snake","Girya","CeramicFish","Regal Pillow","Pandora\u0027s Box","Toxic Egg 2","Anchor"],"acts_visited":["Exordium","TheCity"],"potions_floor_usage":[5,10,11,11,12,12,12,16,16,21,21,23],"damage_taken":[{"damage":4,"enemies":"Jaw Worm","floor":1,"turns":3},{"damage":5,"enemies":"Cultist","floor":2,"turns":4},{"damage":6,"enemies":"2 Louse","floor":4,"turns":3},{"damage":0,"enemies":"Exordium Thugs","floor":5,"turns":4},{"damage":8,"enemies":"Blue Slaver","floor":7,"turns":3},{"damage":7,"enemies":"Gremlin Nob","floor":10,"turns":3},{"damage":7,"enemies":"Looter","floor":11,"turns":2},{"damage":2,"enemies":"Lots of Slimes","floor":12,"turns":2},{"damage":0,"enemies":"Large Slime","floor":14,"turns":4},{"damage":0,"enemies":"Slime Boss","floor":16,"turns":5},{"damage":6,"enemies":"Spheric Guardian","floor":18,"turns":3},{"damage":0,"enemies":"3 Byrds","floor":20,"turns":3},{"damage":4,"enemies":"Snake Plant","floor":21,"turns":3},{"damage":19,"enemies":"Slavers","floor":23,"turns":3},{"damage":13,"enemies":"Shelled Parasite and Fungi","floor":24,"turns":3},{"damage":22,"enemies":"Gremlin Leader","floor":25,"turns":6}],"seed_played":"-319028726045264383","potions_obtained":[{"floor":2,"key":"PowerPotion"},{"floor":7,"key":"SteroidPotion"},{"floor":10,"key":"EntropicBrew"},{"floor":12,"key":"Energy Potion"},{"floor":20,"key":"Energy Potion"}],"is_trial":false,"path_per_floor":["M","M","?","M","M","R","M","R","T","E","M","M","R","M","R","B",null,"M","?","M","M","$","E","M","E"],"character_chosen":"THE_SILENT","items_purchased":["Toxic Egg 2","AttackPotion","Dodge and Roll+1"],"campfire_rested":0,"item_purchase_floors":[22,22,22],"current_hp_per_floor":[59,54,54,48,48,48,40,40,40,33,26,29,29,29,29,29,60,54,54,54,50,50,31,18,0,0],"gold":95,"neow_bonus":"ONE_RARE_RELIC","is_daily":false,"chose_seed":false,"campfire_upgraded":1,"win_rate":0.0,"timestamp":1613343008,"path_taken":["M","M","?","?","M","R","M","R","T","E","M","M","R","M","R","BOSS","M","?","M","M","$","E","M","E"],"items_purchased_type":["Relic","Potion","Card"],"build_version":"2020-12-22","purchased_purges":0,"victory":false,"max_hp_per_floor":[70,70,70,70,70,70,70,70,70,70,70,70,70,70,70,70,70,70,70,70,70,70,70,70,70,70],"card_choices":[{"not_picked":["Quick Slash","Distraction"],"picked":"Dagger Spray","floor":1},{"not_picked":["Well Laid Plans","Crippling Poison"],"picked":"Dagger Spray","floor":2},{"not_picked":["Bane","Flying Knee","Heel Hook"],"picked":"SKIP","floor":4},{"not_picked":["Eviscerate","Bane","Accuracy"],"picked":"SKIP","floor":5},{"not_picked":["Tactician","Eviscerate"],"picked":"Backflip","floor":7},{"not_picked":["Grand Finale","Bane"],"picked":"Dodge and Roll","floor":10},{"not_picked":["Catalyst","Blade Dance","Tactician"],"picked":"SKIP","floor":11},{"not_picked":["Outmaneuver","Phantasmal Killer","Poisoned Stab"],"picked":"SKIP","floor":12},{"not_picked":["Cloak And Dagger","Footwork"],"picked":"Terror","floor":14},{"not_picked":["Phantasmal Killer","Wraith Form v2"],"picked":"Unload","floor":16},{"not_picked":["Catalyst","Backflip","Well Laid Plans"],"picked":"SKIP","floor":18},{"not_picked":["Dodge and Roll+1","Acrobatics"],"picked":"Sucker Punch","floor":20},{"not_picked":["Poisoned Stab","Prepared"],"picked":"Deadly Poison+1","floor":21},{"not_picked":["Dagger Spray","Bane"],"picked":"Cloak And Dagger+1","floor":23},{"not_picked":["Flying Knee","Slice"],"picked":"PiercingWail+1","floor":24}],"player_experience":209194,"relics_obtained":[{"floor":9,"key":"CeramicFish"},{"floor":10,"key":"Regal Pillow"},{"floor":23,"key":"Anchor"}],"event_choices":[{"damage_healed":0,"gold_gain":0,"player_choice":"Upgraded","damage_taken":0,"max_hp_gain":0,"max_hp_loss":0,"event_name":"Upgrade Shrine","floor":3,"gold_loss":0,"cards_upgraded":["Neutralize"]},{"damage_healed":0,"gold_gain":0,"player_choice":"Ignored","damage_taken":0,"max_hp_gain":0,"max_hp_loss":0,"event_name":"Beggar","floor":19,"gold_loss":0}],"is_beta":false,"boss_relics":[{"not_picked":["Sozu","Ectoplasm"],"picked":"Pandora\u0027s Box"}],"items_purged_floors":[],"is_endless":false,"potions_floor_spawned":[2,7,10,12,20],"killed_by":"Gremlin Leader","ascension_level":6}}