{"host":"yp2ga117svxnbcen","time":1613296863,"event":{"mods":["Act Like it!","Aspiration","BaseMod","BetterRewards","ChefMod","Colored Map","Conspire","Custom Start","Downfall","Elementarium","Gensokyo","GifTheSpireLib","Gold Saver","GungeonMod","Halation","Hallownest","Hermit","HornydragonMod","Hubris","Menagerie","Minty Spire (QoL Compilation)","Quick Restart","Remove Card Discount Mod","Replay The Spire","Shop Mod","Spicy Shops","StSLib","Stuff the Spire","The Blue Laboratory","The IronCluck","egg","slay the spire mod where everything is the same but ironclad has a cowboy hat","??????REMEMod"],"gold_per_floor":[118,118,118,118,131,131,161,173,173,189,214,68,101,101,101,175,175,192,378,378,628,640,669,714,714,714,732,466,466,466,495,495,571,571,590,475,475,23,23,23,58,58,58,58,58,58,83,83,83,83,83,83,383,408,408],"floor_reached":57,"language":"ENG","playtime":1181,"items_purged":["downfall:Malfunctioning","Defend_R","Bash","Strike_R","Strike_R","Defend_R","Defend_R","Defend_R","Strike_R","Strike_R","Strike_R","Shame","Replay:Undeath\u0027s Touch+1","Fiend Fire"],"score":4132,"play_id":"799ebf7c-13fe-4787-9c5a-a0e0810e2412","local_time":"20210214020103","is_ascension_mode":true,"campfire_choices":[{"data":"REME_Fury","floor":6.0,"key":"SMITH"},{"data":"StuffTheSpire:Rapture","floor":15.0,"key":"SMITH"},{"floor":29.0,"key":"RECALL"},{"data":"Replay:Many Hands","floor":32.0,"key":"SMITH"},{"data":"Replay:Undeath\u0027s Touch","floor":40.0,"key":"SMITH"},{"data":"Limit Break","floor":49.0,"key":"SMITH"},{"data":"Limit Break","floor":53.0,"key":"SMITH"}],"circlet_count":0,"master_deck":["AscendersBane","Replay:Undeath\u0027s Touch+1","REME_ACTH+1","REME_ACTH+1","REME_Fury+1","Flex+1","Pummel+1","StuffTheSpire:Rapture+1","Limit Break","Limit Break+1","Limit Break+1"],"relics":["Burning Blood","REME_ComplimentaryCards","champ:DuelingGlove","REME_CardOfGreed","ReplayTheSpireMod:CursedCoin","halation:TrafficLight","Onion Ring","DemoMod:SevenLeafClover","Juzu Bracelet","halation:NonexistentMirror","Guide Book","Orrery","halation:Sosunser","halation:BottledLove","Pondfish Scales","hubris:64BitClover","Sling","Anchor","Busted Crown","Incense Burner","aspiration:AnachronicSnailShell","ReplayFunnel","DemoMod:MemoryAlloy","StuffTheSpire:Wildfire","Gremlin Horn","Paper Frog","Ring of Chaos","halation:Diary","Magic Flower","Charon\u0027s Ashes","hubris:SphereOfDissonance","Bag of Preparation","Gensokyo:DualWield","Replay:Kaleidoscope","hubris:CuriousFeather","Question Card","Self Forming Clay","hubris:Teleporter","Bag of Marbles","hubris:NiceRug","HornCleat","Durian","halation:LostSnail","Pen Nib","REME_LimitBreaker","TheAbacus"],"acts_visited":["Exordium","Gensokyo:Gensokyo","Gensokyo:Gensokyoer","TheEnding"],"potions_floor_usage":[56],"damage_taken":[{"damage":0.0,"enemies":"Gensokyo:Gryphon","floor":1.0,"turns":1.0},{"damage":0.0,"enemies":"Gensokyo:2_Kodama","floor":5.0,"turns":1.0},{"damage":0.0,"enemies":"Gensokyo:Mamizou","floor":7.0,"turns":1.0},{"damage":0.0,"enemies":"Gensokyo:Python","floor":8.0,"turns":1.0},{"damage":0.0,"enemies":"Gensokyo:2_Rabbits","floor":10.0,"turns":1.0},{"damage":0.0,"enemies":"Gensokyo:Cirno","floor":11.0,"turns":4.0},{"damage":0.0,"enemies":"Gensokyo:Mamizou","floor":13.0,"turns":1.0},{"damage":0.0,"enemies":"Gensokyo:Yukari","floor":16.0,"turns":1.0},{"damage":0.0,"enemies":"Gensokyo:CosmicMonolith","floor":18.0,"turns":1.0},{"damage":0.0,"enemies":"Gensokyo:AngelMirror","floor":22.0,"turns":1.0},{"damage":0.0,"enemies":"Gensokyo:Reisen","floor":23.0,"turns":1.0},{"damage":0.0,"enemies":"Gensokyo:Slime_Group","floor":27.0,"turns":1.0},{"damage":0.0,"enemies":"Gensokyo:Tenshi","floor":31.0,"turns":1.0},{"damage":0.0,"enemies":"Gensokyo:Kaguya","floor":33.0,"turns":2.0},{"damage":0.0,"enemies":"Gensokyo:3_Bats","floor":35.0,"turns":1.0},{"damage":0.0,"enemies":"Gensokyo:Kasen","floor":41.0,"turns":1.0},{"damage":0.0,"enemies":"Gensokyo:Doremy","floor":47.0,"turns":2.0},{"damage":0.0,"enemies":"Gensokyo:Yuyuko","floor":50.0,"turns":1.0},{"damage":0.0,"enemies":"Gensokyo:Scarlet_Devils","floor":51.0,"turns":1.0},{"damage":0.0,"enemies":"hubris:Merchant","floor":54.0,"turns":2.0},{"damage":0,"enemies":"Shield and Spear","floor":55,"turns":1},{"damage":6,"enemies":"The Heart","floor":56,"turns":4}],"seed_played":"-704962187423491696","potions_obtained":[{"floor":1.0,"key":"BlessingOfTheForge"},{"floor":16.0,"key":"blueLaboratory:SmithPotion"},{"floor":35.0,"key":"Strength Potion"},{"floor":54.0,"key":"conspire:TimeTravelPotion"},{"floor":54.0,"key":"Weak Potion"}],"is_trial":false,"path_per_floor":["M","?","?","?","M","R","E","M","T","M","E","COS","?","?","R","B",null,"M","?","?","?","M","E","T","?","T","M","$","R","?","E","R","B",null,"M","$","T","$","?","R","E","T","T","?","COS","?","E","R","B","B",null,"R","$","E","B",null],"character_chosen":"IRONCLAD","items_purchased":["Lantern","champ:DuelingGlove","REME_CardOfGreed","ReplayTheSpireMod:CursedCoin","halation:TrafficLight","Onion Ring","DemoMod:SevenLeafClover","Juzu Bracelet","halation:NonexistentMirror","Replay:Undeath\u0027s Touch","REME_ACTH","Guide Book","Orrery","halation:Sosunser","Swift Potion","Block Potion","Gremlin Horn","halation:Diary","hubris:SphereOfDissonance","Bag of Preparation"],"campfire_rested":0,"item_purchase_floors":[0,0,0,0,0,0,0,0,0,0,0,0,0,0,0,0,28,36,38,38],"current_hp_per_floor":[74,75,75,75,75,75,75,75,75,75,75,75,75,75,75,75,75,75,51,55,55,61,67,67,61,61,61,61,61,61,61,61,61,61,61,61,61,61,61,61,61,61,61,61,61,61,61,61,61,61,61,61,66,66,66],"gold":408,"neow_bonus":"","is_daily":false,"chose_seed":false,"campfire_upgraded":6,"win_rate":0.0,"timestamp":1613296863,"path_taken":["M","?","?","?","M","R","E","M","T","M","E","COS","?","?","R","BOSS","M","?","?","?","M","E","?","?","T","M","?","R","?","E","R","BOSS","M","$","?","?","?","R","E","?","T","?","COS","?","E","R","BOSS","BOSS","R","$","E","BOSS"],"items_purchased_type":["Relic","Relic","Relic","Relic","Relic","Relic","Relic","Relic","Relic","Card","Card","Relic","Relic","Relic","Potion","Potion","Relic","Relic","Relic","Relic"],"build_version":"2020-12-22","purchased_purges":14,"victory":true,"max_hp_per_floor":[75,75,75,75,75,75,75,75,75,75,75,75,75,75,75,75,75,75,75,75,69,69,69,69,61,61,61,61,61,61,61,61,61,61,61,61,61,61,61,61,61,61,61,61,61,61,61,61,61,61,61,61,66,66,66],"card_choices":[{"not_picked":["Shrug It Off","hubris:ReadiedAction"],"picked":"REME_Fury","floor":0.0},{"not_picked":["REME_SingleHolding","StuffTheSpire:Pyroclast","Entrench"],"picked":"SKIP","floor":1.0},{"not_picked":["StuffTheSpire:Pyroclast","Entrench"],"picked":"REME_SingleHolding","floor":1.0},{"not_picked":["Rampage","Sentinel"],"picked":"Flex","floor":4.0},{"not_picked":["Pummel","Evolve","Seeing Red"],"picked":"SKIP","floor":5.0},{"not_picked":["Disarm","True Grit"],"picked":"Pummel","floor":7.0},{"not_picked":["hubris:ReadiedAction","Life Link","Clash"],"picked":"SKIP","floor":8.0},{"not_picked":["REME_ACTH","Reaper"],"picked":"Replay:Many Hands","floor":9.0},{"not_picked":["StuffTheSpire:Pyroclast","Fire Breathing","StuffTheSpire:Slingshot"],"picked":"SKIP","floor":10.0},{"not_picked":["hubris:ReadiedAction","ReplayTheSpireMod:LeadingStrike","hubris:CleavingFinish"],"picked":"SKIP","floor":11.0},{"not_picked":["REME_SingleHolding","Body Slam","ReplayTheSpireMod:Corrosion Curse"],"picked":"SKIP","floor":13.0},{"not_picked":["StuffTheSpire:CelestialWarden","StuffTheSpire:Harmony"],"picked":"StuffTheSpire:Rapture","floor":14.0},{"not_picked":["Armaments"],"picked":"SKIP","floor":18.0},{"not_picked":["Dual Wield"],"picked":"SKIP","floor":22.0},{"not_picked":["Body Slam"],"picked":"SKIP","floor":23.0},{"not_picked":["Juggernaut","conspire:HitWhereItHurts"],"picked":"Fiend Fire","floor":24.0},{"not_picked":["Exhume","REME_TheLastStrike","conspire:Purge"],"picked":"SKIP","floor":26.0},{"not_picked":["Shrug It Off"],"picked":"SKIP","floor":27.0},{"not_picked":["REME_Scribble"],"picked":"SKIP","floor":31.0},{"not_picked":["Sword Boomerang"],"picked":"SKIP","floor":35.0},{"not_picked":["Exhume","Berserk","StuffTheSpire:TitanForm"],"picked":"SKIP","floor":37.0},{"not_picked":["Immolate"],"picked":"SKIP","floor":41.0},{"not_picked":["REME_TheLastStrike","conspire:HitWhereItHurts","Corruption"],"picked":"SKIP","floor":42.0},{"not_picked":["Demon Form","hubris:StunningStrike"],"picked":"Limit Break","floor":43.0},{"not_picked":["Warcry","Berserk"],"picked":"SKIP","floor":47.0},{"not_picked":["Pommel Strike+1"],"picked":"SKIP","floor":54.0},{"not_picked":["Searing Blow"],"picked":"SKIP","floor":54.0},{"not_picked":["True Grit"],"picked":"SKIP","floor":54.0},{"not_picked":["Spot Weakness"],"picked":"SKIP","floor":54.0},{"not_picked":["Metallicize"],"picked":"SKIP","floor":54.0},{"not_picked":["ReplayTheSpireMod:Uncanny Aura"],"picked":"SKIP","floor":54.0},{"not_picked":["Panache"],"picked":"SKIP","floor":54.0},{"not_picked":["Flex","Cleave"],"picked":"SKIP","floor":55}],"player_experience":1178598,"relics_obtained":[{"floor":7.0,"key":"halation:BottledLove"},{"floor":9.0,"key":"Pondfish Scales"},{"floor":11.0,"key":"hubris:64BitClover"},{"floor":13.0,"key":"Anchor"},{"floor":23.0,"key":"Incense Burner"},{"floor":24.0,"key":"aspiration:AnachronicSnailShell"},{"floor":24.0,"key":"ReplayFunnel"},{"floor":26.0,"key":"DemoMod:MemoryAlloy"},{"floor":26.0,"key":"StuffTheSpire:Wildfire"},{"floor":31.0,"key":"DemoMod:WeirdEgg"},{"floor":37.0,"key":"Magic Flower"},{"floor":37.0,"key":"Charon\u0027s Ashes"},{"floor":41.0,"key":"Replay:Kaleidoscope"},{"floor":42.0,"key":"hubris:CuriousFeather"},{"floor":42.0,"key":"Question Card"},{"floor":43.0,"key":"Self Forming Clay"},{"floor":43.0,"key":"hubris:Teleporter"},{"floor":47.0,"key":"Bag of Marbles"},{"floor":54.0,"key":"HornCleat"},{"floor":54.0,"key":"Durian"},{"floor":54.0,"key":"halation:LostSnail"},{"floor":54.0,"key":"Pen Nib"},{"floor":54.0,"key":"REME_LimitBreaker"},{"floor":54.0,"key":"TheAbacus"}],"event_choices":[],"is_beta":false,"boss_relics":[{"not_picked":["Sozu","aspiration:DefectSkillbook"],"picked":"Busted Crown"},{"not_picked":["hubris:BlackHole","halation:Risk"],"picked":"Ring of Chaos"}],"items_purged_floors":[0,0,0,0,0,0,0,0,0,0,0,36,36,36],"is_endless":false,"potions_floor_spawned":[1,5,16,22,27,35,47,55],"ascension_level":20}}