{"host":"ujyomg7d1f18u2we","time":1613265575,"event":{"mods":["AchievementEnabler","AlwaysNeverKeys","Aspiration","BaseMod","Colored Map","DeckTracker","Gremlin Skip","Highlight Path","Hubris","Minty Spire (QoL Compilation)","Quick Restart","Random Character Button","StSLib"],"gold_per_floor":[117,117,117,292,217,217,230,245,245,261,290,306,326,337,337,436,436,447,154,154,154,154,154,188,188,188,148,158,158,36,36,36,133,133,144,144,160,160,170,170,203,203,203,221,221,240,240,257,257,257],"floor_reached":51,"language":"ENG","playtime":1349,"items_purged":["Doubt"],"score":895,"play_id":"5888b081-5aa2-41ed-8a7f-8c2c236c0026","local_time":"20210213221935","is_ascension_mode":false,"campfire_choices":[{"data":"Dualcast","floor":6,"key":"SMITH"},{"floor":15,"key":"REST"},{"floor":25,"key":"REST"},{"data":"Defragment","floor":29,"key":"SMITH"},{"floor":32,"key":"REST"},{"data":"Echo Form","floor":40,"key":"SMITH"},{"data":"Loop","floor":42,"key":"SMITH"},{"data":"Storm","floor":45,"key":"SMITH"},{"data":"Electrodynamics","floor":49,"key":"SMITH"}],"circlet_count":0,"master_deck":["Strike_B+1","Strike_B+1","Strike_B+1","Defend_B+1","Defend_B+1","Defend_B+1","Defend_B+1","Zap+1","Dualcast+1","Leap+1","Defragment+1","Loop+1","Glacier","Echo Form+1","Conserve Battery+1","Storm+1","Ball Lightning","Self Repair","Electrodynamics+1","Force Field+1","Barrage+1"],"relics":["Cracked Core","aspiration:Nostalgia","PureWater","hubris:Towel","Mummified Hand","The Courier","SacredBark","Tiny Chest","aspiration:RitualStick","hubris:PeanutButter","White Beast Statue","Pear","Oddly Smooth Stone","Busted Crown","Omamori","Emotion Chip","hubris:BottledRain","aspiration:StickyExplosives_weak"],"acts_visited":["Exordium","TheCity","TheBeyond"],"potions_floor_usage":[13,13,16,24,33,33,39,41,44,50,50,50],"damage_taken":[{"damage":1,"enemies":"Jaw Worm","floor":1,"turns":4},{"damage":2,"enemies":"Small Slimes","floor":7,"turns":4},{"damage":0,"enemies":"Cultist","floor":8,"turns":3},{"damage":7,"enemies":"Blue Slaver","floor":10,"turns":3},{"damage":54,"enemies":"Gremlin Nob","floor":11,"turns":5},{"damage":0,"enemies":"Looter","floor":12,"turns":3},{"damage":9,"enemies":"3 Louse","floor":13,"turns":4},{"damage":2,"enemies":"Large Slime","floor":14,"turns":6},{"damage":34,"enemies":"The Guardian","floor":16,"turns":11},{"damage":3,"enemies":"Shell Parasite","floor":18,"turns":6},{"damage":0,"enemies":"Book of Stabbing","floor":24,"turns":5},{"damage":0,"enemies":"Chosen","floor":28,"turns":5},{"damage":15,"enemies":"Collector","floor":33,"turns":7},{"damage":0,"enemies":"3 Shapes","floor":35,"turns":3},{"damage":0,"enemies":"3 Darklings","floor":37,"turns":3},{"damage":22,"enemies":"Writhing Mass","floor":39,"turns":4},{"damage":0,"enemies":"Nemesis","floor":41,"turns":5},{"damage":0,"enemies":"Maw","floor":44,"turns":6},{"damage":0,"enemies":"Spire Growth","floor":46,"turns":4},{"damage":0,"enemies":"4 Shapes","floor":48,"turns":3},{"damage":48,"enemies":"Awakened One","floor":50,"turns":13}],"seed_played":"-1901659873751390785","potions_obtained":[{"floor":10,"key":"FairyPotion"},{"floor":11,"key":"DuplicationPotion"},{"floor":12,"key":"Regen Potion"},{"floor":14,"key":"Dexterity Potion"},{"floor":24,"key":"FocusPotion"},{"floor":28,"key":"FearPotion"},{"floor":33,"key":"PowerPotion"},{"floor":35,"key":"Weak Potion"},{"floor":39,"key":"Regen Potion"},{"floor":41,"key":"SpeedPotion"},{"floor":44,"key":"BlessingOfTheForge"},{"floor":48,"key":"Fire Potion"}],"is_trial":false,"path_per_floor":["M","$","?","?","$","R","M","M","T","M","E","M","M","M","R","B",null,"M","$","?","?","?","T","E","R","T","?","M","R","$","?","R","B",null,"M","T","M","?","M","R","E","R","T","M","R","M","T","M","R","B",null],"character_chosen":"DEFECT","items_purchased":["Tiny Chest","Storm","Ball Lightning","Fire Potion","EssenceOfSteel","Oddly Smooth Stone"],"campfire_rested":3,"item_purchase_floors":[19,19,19,19,19,30],"current_hp_per_floor":[74,74,74,74,74,74,72,72,72,65,11,11,14,12,34,22,75,72,72,72,58,42,42,42,66,76,76,76,76,76,76,90,82,90,90,90,90,90,75,75,82,82,82,90,90,90,90,90,90,42],"gold":257,"neow_bonus":"NOSTALGIA","is_daily":false,"chose_seed":false,"campfire_upgraded":6,"win_rate":0.0,"timestamp":1613265575,"path_taken":["M","$","?","?","?","R","M","M","T","M","E","?","M","M","R","BOSS","M","$","?","?","?","?","E","R","T","?","?","R","$","?","R","BOSS","M","?","?","?","?","R","E","R","T","M","R","M","?","M","R","BOSS"],"items_purchased_type":["Relic","Card","Card","Potion","Potion","Relic"],"build_version":"2020-12-22","purchased_purges":1,"victory":true,"max_hp_per_floor":[75,75,75,75,75,75,75,75,75,75,75,75,75,75,75,75,75,75,75,75,80,80,80,80,80,90,90,90,90,90,90,90,90,90,90,90,90,90,90,90,90,90,90,90,90,90,90,90,90,90],"card_choices":[{"not_picked":["Hologram","Chill"],"picked":"Leap","floor":1},{"not_picked":["Scrape","Coolheaded","Compile Driver"],"picked":"SKIP","floor":7},{"not_picked":["Consume","Self Repair"],"picked":"Defragment","floor":8},{"not_picked":["hubris:Prefetch","Scrape"],"picked":"Loop","floor":10},{"not_picked":["Biased Cognition","Loop"],"picked":"Glacier","floor":11},{"not_picked":["Steam","Static Discharge","Leap"],"picked":"SKIP","floor":12},{"not_picked":["Gash","Aggregate"],"picked":"Echo Form","floor":13},{"not_picked":["Heatsinks","Consume","FTL"],"picked":"SKIP","floor":14},{"not_picked":["Streamline","Lockon"],"picked":"Conserve Battery","floor":18},{"not_picked":["Chill","Sweeping Beam","Lockon"],"picked":"SKIP","floor":24},{"not_picked":["Rebound","Loop"],"picked":"Self Repair","floor":28},{"not_picked":["Creative AI","Thunder Strike"],"picked":"Electrodynamics","floor":33},{"not_picked":["Reinforced Body"],"picked":"SKIP","floor":35},{"not_picked":["Cold Snap"],"picked":"SKIP","floor":37},{"not_picked":["Gash+1"],"picked":"SKIP","floor":39},{"not_picked":[],"picked":"Force Field+1","floor":41},{"not_picked":[],"picked":"Barrage+1","floor":44},{"not_picked":["Sweeping Beam+1"],"picked":"SKIP","floor":46},{"not_picked":["Lockon+1"],"picked":"SKIP","floor":48}],"player_experience":1579655,"relics_obtained":[{"floor":9,"key":"Mummified Hand"},{"floor":11,"key":"The Courier"},{"floor":23,"key":"hubris:PeanutButter"},{"floor":24,"key":"White Beast Statue"},{"floor":26,"key":"Pear"},{"floor":36,"key":"Omamori"},{"floor":41,"key":"Emotion Chip"},{"floor":43,"key":"hubris:BottledRain"},{"floor":47,"key":"aspiration:StickyExplosives_weak"}],"event_choices":[{"damage_healed":0,"gold_gain":175,"player_choice":"AGREE","damage_taken":0,"max_hp_gain":0,"max_hp_loss":0,"event_name":"Liars Game","floor":4,"gold_loss":0,"cards_obtained":["Doubt"]},{"damage_healed":0,"gold_gain":0,"player_choice":"Simplicity","damage_taken":0,"max_hp_gain":0,"max_hp_loss":0,"event_name":"Back to Basics","floor":20,"gold_loss":0,"cards_upgraded":["Strike_B","Strike_B","Strike_B","Strike_B","Defend_B","Defend_B","Defend_B","Defend_B"]},{"damage_healed":0,"gold_gain":0,"player_choice":"Shed Blood","damage_taken":19,"max_hp_gain":5,"max_hp_loss":0,"event_name":"Forgotten Altar","floor":21,"gold_loss":0},{"damage_healed":0,"gold_gain":0,"player_choice":"Upgraded Two","damage_taken":0,"max_hp_gain":0,"max_hp_loss":0,"event_name":"Designer","floor":27,"gold_loss":40,"cards_upgraded":["Conserve Battery","Leap"]},{"cards_removed":["Strike_B"],"damage_healed":0,"gold_gain":0,"player_choice":"Purged","damage_taken":0,"max_hp_gain":0,"max_hp_loss":0,"event_name":"Purifier","floor":31,"gold_loss":0},{"damage_healed":0,"gold_gain":0,"player_choice":"Upgraded","damage_taken":0,"max_hp_gain":0,"max_hp_loss":0,"event_name":"Upgrade Shrine","floor":38,"gold_loss":0,"cards_upgraded":["Zap"]}],"is_beta":false,"boss_relics":[{"not_picked":["hubris:VirtuousBlindfold","Snecko Eye"],"picked":"SacredBark"},{"not_picked":["aspiration:FutureDiary","Cursed Key"],"picked":"Busted Crown"}],"items_purged_floors":[5],"is_endless":false,"potions_floor_spawned":[10,11,12,14,24,28,33,35,37,39,41,44,46,48],"ascension_level":0}}