{"host":"2lo6hma6kymb0g9i","time":1613325878,"event":{"mods":["BaseMod","Colored Map","DeckTracker","Minty Spire (QoL Compilation)"],"gold_per_floor":[112,124,124,140,140,174,174,187,210,210,239,269,269,269],"floor_reached":13,"language":"JPN","playtime":595,"items_purged":[],"score":186,"play_id":"0194d768-d429-496c-83c3-975cc54ebaf9","local_time":"20210215030438","is_ascension_mode":true,"campfire_choices":[{"data":"Berserk","floor":7.0,"key":"SMITH"},{"data":"Bash","floor":10.0,"key":"SMITH"}],"circlet_count":0,"master_deck":["AscendersBane","Strike_R","Strike_R+1","Strike_R","Strike_R","Defend_R","Defend_R+1","Defend_R","Defend_R","Bash+1","Ghostly Armor","Berserk+1","Fire Breathing","Feel No Pain"],"relics":["Burning Blood","NeowsBlessing","Bag of Marbles","Strawberry","Nunchaku"],"acts_visited":["Exordium"],"potions_floor_usage":[],"damage_taken":[{"damage":0.0,"enemies":"Cultist","floor":1.0,"turns":1.0},{"damage":0.0,"enemies":"Jaw Worm","floor":2.0,"turns":1.0},{"damage":0.0,"enemies":"2 Louse","floor":4.0,"turns":1.0},{"damage":47.0,"enemies":"3 Sentries","floor":6.0,"turns":11.0},{"damage":2.0,"enemies":"Looter","floor":8.0,"turns":4.0},{"damage":12.0,"enemies":"Gremlin Nob","floor":11.0,"turns":4.0},{"damage":15,"enemies":"Lagavulin","floor":13,"turns":7}],"seed_played":"-4081219801661498978","potions_obtained":[{"floor":1.0,"key":"Ancient Potion"},{"floor":4.0,"key":"ColorlessPotion"},{"floor":6.0,"key":"Energy Potion"}],"is_trial":false,"path_per_floor":["M","M","?","M","?","E","R","M","T","R","E","?","E"],"character_chosen":"IRONCLAD","items_purchased":[],"campfire_rested":0,"item_purchase_floors":[],"current_hp_per_floor":[74,75,75,75,52,11,11,15,22,22,16,16,1,1],"gold":269,"neow_bonus":"THREE_ENEMY_KILL","is_daily":false,"chose_seed":false,"campfire_upgraded":2,"win_rate":0.0,"timestamp":1613325878,"path_taken":["M","?","?","?","?","E","R","M","T","R","E","?","E"],"items_purchased_type":[],"build_version":"2020-12-22","purchased_purges":0,"victory":false,"max_hp_per_floor":[75,75,75,75,75,75,75,75,82,82,82,82,82,82],"card_choices":[{"not_picked":["Dark Embrace","Searing Blow","Clash"],"picked":"SKIP","floor":1.0},{"not_picked":["Inflame","Flex"],"picked":"Ghostly Armor","floor":2.0},{"not_picked":["Anger","Rupture","Heavy Blade"],"picked":"SKIP","floor":4.0},{"not_picked":["Warcry","Sword Boomerang"],"picked":"Fire Breathing","floor":6.0},{"not_picked":["Perfected Strike","Thunderclap"],"picked":"Feel No Pain","floor":8.0},{"not_picked":["Flex","Shockwave","Searing Blow"],"picked":"SKIP","floor":11.0}],"player_experience":1197732,"relics_obtained":[{"floor":6.0,"key":"Bag of Marbles"},{"floor":9.0,"key":"Strawberry"},{"floor":11.0,"key":"Nunchaku"}],"event_choices":[{"damage_healed":0.0,"max_hp_gain":0.0,"max_hp_loss":0.0,"gold_gain":0.0,"cards_transformed":["Strike_R"],"event_name":"Transmorgrifier","player_choice":"Transformed","floor":3.0,"gold_loss":0.0,"damage_taken":0.0,"cards_obtained":["Berserk"]},{"damage_healed":0.0,"max_hp_gain":0.0,"max_hp_loss":0.0,"gold_gain":0.0,"event_name":"Shining Light","player_choice":"Entered Light","floor":5.0,"gold_loss":0.0,"damage_taken":23.0,"cards_upgraded":["Defend_R","Strike_R"]},{"damage_healed":0,"gold_gain":30,"player_choice":"Searched \u00271\u0027 times","damage_taken":0,"max_hp_gain":0,"max_hp_loss":0,"event_name":"Dead Adventurer","floor":12,"gold_loss":0}],"is_beta":false,"boss_relics":[],"items_purged_floors":[],"is_endless":false,"potions_floor_spawned":[1,4,6],"killed_by":"Lagavulin","ascension_level":20}}