{"host":"8is2j71l4wmybkoi","time":1613291636,"event":{"mods":["AchievementEnabler","BaseMod","Colored Map","DeckTracker","Minty Spire (QoL Compilation)","Rare Cards Sparkle","Relic Stats","StSLib","SuperFastMode"],"gold_per_floor":[110,110,129,139,153,153,173,202,202,202,218,218,27,59,59,136,136,152,152,152,8,8,8,34,50,50,83,83,94,94,19,19,92,92,109,159,171,182,182,213,213,242,254,266,295,323,369,401,413,425,437,449,20,52,52,52],"floor_reached":55,"language":"KOR","playtime":2322,"items_purged":["Strike_B","Defend_B"],"score":1365,"play_id":"d209087d-a15b-4ce8-ab0e-10e321ac8914","local_time":"20210214173356","is_ascension_mode":true,"campfire_choices":[{"data":"Defragment","floor":6.0,"key":"SMITH"},{"data":"Zap","floor":10.0,"key":"SMITH"},{"data":"Dualcast","floor":12.0,"key":"SMITH"},{"data":"Apotheosis","floor":15.0,"key":"SMITH"},{"floor":23.0,"key":"REST"},{"floor":28.0,"key":"RECALL"},{"data":"Amplify","floor":32.0,"key":"SMITH"},{"data":"Chill","floor":41.0,"key":"SMITH"},{"data":"Self Repair","floor":44.0,"key":"SMITH"},{"data":"Undo","floor":49.0,"key":"SMITH"},{"data":"Glacier","floor":52.0,"key":"SMITH"}],"circlet_count":0,"master_deck":["AscendersBane","Strike_B","Defend_B","Defend_B","Zap+1","Dualcast+1","Ball Lightning","Cold Snap","Undo+1","Defragment+1","Self Repair+1","Chill+1","Apotheosis+1","Glacier+1","Electrodynamics","Conserve Battery","Amplify+1","Gash","Genetic Algorithm+1","Chaos+1","Seek+1","Double Energy+1","Stack+1","Skim+1","All For One","Blizzard+1","Hologram+1","Trip+1","Coolheaded+1"],"relics":["Cracked Core","Pocketwatch","Calipers","Ancient Tea Set","MealTicket","Black Star","OrangePellets","Toxic Egg 2","Eternal Feather","Sundial","Blood Vial","Ginger","Coffee Dripper","Meat on the Bone","Blue Candle","HornCleat","MawBank","Bag of Marbles","Mummified Hand","Medical Kit","Oddly Smooth Stone","Toy Ornithopter"],"acts_visited":["Exordium","TheCity","TheBeyond","TheEnding"],"potions_floor_usage":[55,55],"damage_taken":[{"damage":7.0,"enemies":"Jaw Worm","floor":1.0,"turns":3.0},{"damage":0.0,"enemies":"Cultist","floor":3.0,"turns":2.0},{"damage":0.0,"enemies":"Small Slimes","floor":4.0,"turns":2.0},{"damage":0.0,"enemies":"2 Fungi Beasts","floor":5.0,"turns":3.0},{"damage":0.0,"enemies":"Blue Slaver","floor":7.0,"turns":4.0},{"damage":9.0,"enemies":"3 Sentries","floor":8.0,"turns":6.0},{"damage":13.0,"enemies":"3 Louse","floor":11.0,"turns":2.0},{"damage":1.0,"enemies":"Lagavulin","floor":14.0,"turns":7.0},{"damage":16.0,"enemies":"Slime Boss","floor":16.0,"turns":7.0},{"damage":17.0,"enemies":"2 Thieves","floor":18.0,"turns":2.0},{"damage":8.0,"enemies":"Book of Stabbing","floor":24.0,"turns":6.0},{"damage":10.0,"enemies":"Shell Parasite","floor":25.0,"turns":7.0},{"damage":37.0,"enemies":"Slavers","floor":27.0,"turns":4.0},{"damage":5.0,"enemies":"Snake Plant","floor":29.0,"turns":4.0},{"damage":22.0,"enemies":"Collector","floor":33.0,"turns":14.0},{"damage":0.0,"enemies":"3 Shapes","floor":35.0,"turns":5.0},{"damage":27.0,"enemies":"3 Darklings","floor":37.0,"turns":6.0},{"damage":34.0,"enemies":"Transient","floor":38.0,"turns":5.0},{"damage":2.0,"enemies":"Reptomancer","floor":40.0,"turns":6.0},{"damage":7.0,"enemies":"Nemesis","floor":42.0,"turns":11.0},{"damage":8.0,"enemies":"Spire Growth","floor":45.0,"turns":6.0},{"damage":0.0,"enemies":"3 Darklings","floor":46.0,"turns":3.0},{"damage":0.0,"enemies":"Giant Head","floor":47.0,"turns":10.0},{"damage":0.0,"enemies":"4 Shapes","floor":48.0,"turns":1.0},{"damage":68.0,"enemies":"Awakened One","floor":50.0,"turns":19.0},{"damage":35,"enemies":"Shield and Spear","floor":54,"turns":9},{"damage":68,"enemies":"The Heart","floor":55,"turns":12}],"seed_played":"-6367124686345248654","potions_obtained":[{"floor":1.0,"key":"FocusPotion"},{"floor":7.0,"key":"EssenceOfSteel"},{"floor":24.0,"key":"Swift Potion"},{"floor":27.0,"key":"DuplicationPotion"},{"floor":33.0,"key":"SneckoOil"},{"floor":37.0,"key":"ColorlessPotion"},{"floor":40.0,"key":"FocusPotion"},{"floor":45.0,"key":"Weak Potion"},{"floor":46.0,"key":"Ancient Potion"}],"is_trial":false,"path_per_floor":["M","?","M","M","M","R","M","E","T","R","M","R","$","E","R","B",null,"M","?","?","$","?","R","E","M","T","E","R","M","?","$","R","B",null,"M","?","M","M","?","E","R","E","T","R","M","M","E","M","R","B",null,"R","$","E","B"],"character_chosen":"DEFECT","items_purchased":["Apotheosis","OrangePellets","PotionOfCapacity","Medical Kit","Hologram+1","Trip+1"],"campfire_rested":1,"item_purchase_floors":[13,21,53,53,53,53],"current_hp_per_floor":[57,57,57,57,57,57,57,55,55,55,49,49,49,55,55,49,66,49,49,29,44,44,66,68,68,68,41,53,70,70,76,76,61,72,76,76,59,47,47,67,76,76,76,76,76,76,76,76,76,30,65,76,76,51,0,0],"gold":52,"neow_bonus":"ONE_RARE_RELIC","is_daily":false,"chose_seed":false,"campfire_upgraded":9,"win_rate":0.0,"timestamp":1613291636,"path_taken":["M","?","?","M","M","R","M","E","T","R","M","R","$","E","R","BOSS","M","?","?","$","?","R","E","M","T","E","R","M","?","$","R","BOSS","M","?","?","M","?","E","R","E","T","R","M","M","E","M","R","BOSS","R","$","E","BOSS"],"items_purchased_type":["Card","Relic","Potion","Relic","Card","Card"],"build_version":"2020-12-22","purchased_purges":2,"victory":false,"max_hp_per_floor":[71,71,71,71,71,71,71,71,71,71,71,71,71,71,71,71,71,71,71,76,76,76,76,76,76,76,76,76,76,76,76,76,76,76,76,76,76,76,76,76,76,76,76,76,76,76,76,76,76,76,76,76,76,76,76,76],"relic_stats":{"counters":[27,166],"Blue Candle":[1],"Eternal Feather":32,"Ginger":[11],"MawBank":132,"Medical Kit":[7],"Blood Vial":10,"OrangePellets":[1],"Sundial":[22],"Mummified Hand":[13],"MealTicket":21,"Black Star":6,"obtain_stats":[{"Calipers":8,"Blue Candle":40,"Oddly Smooth Stone":54,"Eternal Feather":24,"Ginger":27,"Ancient Tea Set":9,"MawBank":42,"Medical Kit":53,"Blood Vial":27,"OrangePellets":21,"HornCleat":42,"Sundial":26,"Mummified Hand":47,"MealTicket":14,"Black Star":17,"Coffee Dripper":34,"Bag of Marbles":47,"Toxic Egg 2":24,"Cracked Core":0,"Toy Ornithopter":54,"Pocketwatch":0,"Meat on the Bone":40},{"Calipers":6,"Blue Candle":19,"Oddly Smooth Stone":26,"Eternal Feather":11,"Ginger":13,"Ancient Tea Set":6,"MawBank":20,"Medical Kit":25,"Blood Vial":13,"OrangePellets":10,"HornCleat":20,"Sundial":12,"Mummified Hand":23,"MealTicket":8,"Black Star":9,"Coffee Dripper":15,"Bag of Marbles":23,"Toxic Egg 2":11,"Cracked Core":0,"Toy Ornithopter":26,"Pocketwatch":0,"Meat on the Bone":19},{"Calipers":20,"Blue Candle":95,"Oddly Smooth Stone":154,"Eternal Feather":44,"Ginger":55,"Ancient Tea Set":20,"MawBank":106,"Medical Kit":145,"Blood Vial":55,"OrangePellets":38,"HornCleat":106,"Sundial":51,"Mummified Hand":125,"MealTicket":29,"Black Star":36,"Coffee Dripper":73,"Bag of Marbles":125,"Toxic Egg 2":44,"Cracked Core":0,"Toy Ornithopter":154,"Pocketwatch":0,"Meat on the Bone":95}],"Toy Ornithopter":10,"Pocketwatch":[194],"Meat on the Bone":12},"card_choices":[{"not_picked":["Tempest","Turbo"],"picked":"Ball Lightning","floor":1.0},{"not_picked":["Steam","Ball Lightning"],"picked":"Cold Snap","floor":3.0},{"not_picked":["Beam Cell","Steam"],"picked":"Undo","floor":4.0},{"not_picked":["Turbo","Cold Snap"],"picked":"Defragment","floor":5.0},{"not_picked":["Go for the Eyes","Reprogram"],"picked":"Self Repair","floor":7.0},{"not_picked":["Undo","Machine Learning","Redo"],"picked":"SKIP","floor":8.0},{"not_picked":["Coolheaded","Rebound"],"picked":"Chill","floor":11.0},{"not_picked":["Force Field","Coolheaded"],"picked":"Glacier","floor":14.0},{"not_picked":["Buffer","Machine Learning"],"picked":"Electrodynamics","floor":16.0},{"not_picked":["Redo","Stack"],"picked":"Conserve Battery","floor":18.0},{"not_picked":["Heatsinks","Go for the Eyes"],"picked":"Genetic Algorithm+1","floor":24.0},{"not_picked":["Steam+1","Reprogram+1"],"picked":"Chaos+1","floor":25.0},{"not_picked":["Reprogram+1","Meteor Strike","Gash"],"picked":"SKIP","floor":27.0},{"not_picked":["Cold Snap+1","Chaos+1","Rip and Tear"],"picked":"SKIP","floor":29.0},{"not_picked":["Core Surge","All For One"],"picked":"Seek+1","floor":33.0},{"not_picked":["Self Repair","Barrage+1"],"picked":"Double Energy+1","floor":35.0},{"not_picked":["Leap+1","Streamline"],"picked":"Stack+1","floor":37.0},{"not_picked":["Redo+1","Turbo+1"],"picked":"Skim+1","floor":38.0},{"not_picked":["Static Discharge","Self Repair","Rip and Tear"],"picked":"SKIP","floor":40.0},{"not_picked":["Cold Snap+1","Glacier+1","Scrape"],"picked":"SKIP","floor":42.0},{"not_picked":["Chill+1","Hello World","Gash"],"picked":"SKIP","floor":45.0},{"not_picked":["Stack+1","Redo+1"],"picked":"All For One","floor":46.0},{"not_picked":["Rainbow+1","Barrage"],"picked":"Blizzard+1","floor":47.0},{"not_picked":["Stack+1","Streamline","Cold Snap"],"picked":"SKIP","floor":48.0},{"not_picked":["Compile Driver","Go for the Eyes"],"picked":"Coolheaded+1","floor":54}],"player_experience":1191147,"relics_obtained":[{"floor":8.0,"key":"Calipers"},{"floor":9.0,"key":"Ancient Tea Set"},{"floor":14.0,"key":"MealTicket"},{"floor":24.0,"key":"Toxic Egg 2"},{"floor":24.0,"key":"Eternal Feather"},{"floor":26.0,"key":"Sundial"},{"floor":27.0,"key":"Blood Vial"},{"floor":27.0,"key":"Ginger"},{"floor":40.0,"key":"Meat on the Bone"},{"floor":40.0,"key":"Blue Candle"},{"floor":42.0,"key":"HornCleat"},{"floor":42.0,"key":"MawBank"},{"floor":47.0,"key":"Bag of Marbles"},{"floor":47.0,"key":"Mummified Hand"},{"floor":54,"key":"Oddly Smooth Stone"},{"floor":54,"key":"Toy Ornithopter"}],"event_choices":[{"cards_removed":["Pain"],"damage_healed":0.0,"max_hp_gain":0.0,"max_hp_loss":0.0,"gold_gain":0.0,"event_name":"Fountain of Cleansing","player_choice":"Removed Curses","floor":2.0,"gold_loss":0.0,"damage_taken":0.0},{"damage_healed":0.0,"max_hp_gain":0.0,"max_hp_loss":0.0,"gold_gain":0.0,"cards_transformed":["Strike_B","Defend_B"],"event_name":"Drug Dealer","player_choice":"Became Test Subject","floor":19.0,"gold_loss":0.0,"damage_taken":0.0,"cards_obtained":["Amplify","Gash"]},{"damage_healed":0.0,"max_hp_gain":5.0,"max_hp_loss":0.0,"gold_gain":0.0,"event_name":"Forgotten Altar","player_choice":"Shed Blood","floor":20.0,"gold_loss":0.0,"damage_taken":25.0},{"cards_removed":["Strike_B"],"damage_healed":0.0,"max_hp_gain":0.0,"max_hp_loss":0.0,"gold_gain":0.0,"event_name":"Back to Basics","player_choice":"Elegance","floor":22.0,"gold_loss":0.0,"damage_taken":0.0},{"damage_healed":0.0,"max_hp_gain":0.0,"max_hp_loss":0.0,"gold_gain":0.0,"event_name":"Vampires","player_choice":"Ignored","floor":30.0,"gold_loss":0.0,"damage_taken":0.0},{"damage_healed":0.0,"max_hp_gain":0.0,"max_hp_loss":0.0,"gold_gain":50.0,"event_name":"Golden Shrine","player_choice":"Pray","floor":36.0,"gold_loss":0.0,"damage_taken":0.0},{"damage_healed":0.0,"max_hp_gain":0.0,"max_hp_loss":0.0,"gold_gain":0.0,"event_name":"Tomb of Lord Red Mask","player_choice":"Ignored","floor":39.0,"gold_loss":0.0,"damage_taken":0.0}],"is_beta":false,"boss_relics":[{"not_picked":["Nuclear Battery","Calling Bell"],"picked":"Black Star"},{"not_picked":["Inserter","Philosopher\u0027s Stone"],"picked":"Coffee Dripper"}],"items_purged_floors":[31,53],"is_endless":false,"potions_floor_spawned":[1,7,24,27,33,37,40,45,46],"killed_by":"The Heart","ascension_level":15}}