{"host":"5d2dv4eidwy7zgmv","time":1613332166,"event":{"mods":["100% Spire Juice","Act Like it!","BaseMod","CapriCore","Friendly Minions","Hallownest","Lobotomy","LobotomyExtend","Minty Spire (QoL Compilation)","Quick Restart","Robot Space Explorer","StSLib","The Immortal"],"gold_per_floor":[110,110,35,48,63,63,73,73,73,73,73,73,102,102,102,205,205,205,205],"floor_reached":18,"language":"ZHS","playtime":537,"items_purged":["Strike_R"],"score":158,"play_id":"e87aa20c-9e6f-44d4-8092-71cf9283b8da","local_time":"20210215034926","is_ascension_mode":false,"campfire_choices":[{"data":"Flex","floor":6,"key":"SMITH"},{"data":"Bash","floor":8,"key":"SMITH"},{"floor":11,"key":"REST"},{"floor":15,"key":"REST"}],"circlet_count":0,"master_deck":["Strike_R","Strike_R","Strike_R+1","Strike_R","Defend_R+1","Defend_R","Defend_R","Defend_R","Bash+1","Flex+1","UniverseFragment","WallGazer","Shrug It Off+1","Limit Break","Exhume","LongBird"],"relics":["Burning Blood","CogitoBucket","LetterFromLob","Hallownest:DreamNailRelic","Darkstone Periapt","Moonlight_r","MagicBullet_r","LaetitiaHeart","Letter Opener","SlaversCollar"],"acts_visited":["Hallownest:Greenpath","Hallownest:CityofTears"],"potions_floor_usage":[],"damage_taken":[{"damage":8,"enemies":"Hallownest:2_Tiktiks_and_1_Crawlid","floor":1,"turns":5},{"damage":15,"enemies":"Hallownest:monsterHuskGuard","floor":4,"turns":5},{"damage":3,"enemies":"Hallownest:monsterHuskWarrior","floor":5,"turns":4},{"damage":4,"enemies":"Hallownest:monsterAspidMother","floor":7,"turns":5},{"damage":12,"enemies":"Hallownest:eliteCrystalGuardian","floor":13,"turns":6},{"damage":30,"enemies":"Hallownest:BossBrokenVessel","floor":16,"turns":7},{"damage":4,"enemies":"Hallownest:2_Mistakes","floor":18,"turns":1}],"seed_played":"-6551352009532147312","potions_obtained":[{"floor":1,"key":"SteroidPotion"},{"floor":7,"key":"PowerPotion"},{"floor":16,"key":"DistilledChaos"}],"is_trial":false,"path_per_floor":["M","?","$","M","M","R","M","R","T","M","R","?","E","?","R","B",null,"M"],"character_chosen":"IRONCLAD","items_purchased":[],"campfire_rested":2,"item_purchase_floors":[],"current_hp_per_floor":[78,78,78,69,72,72,74,74,74,26,50,41,35,35,59,35,80,76,76],"gold":205,"neow_bonus":"","is_daily":false,"chose_seed":false,"campfire_upgraded":2,"win_rate":0.0,"timestamp":1613332166,"path_taken":["M","?","$","M","M","R","?","R","T","M","R","?","E","?","R","BOSS","M"],"items_purchased_type":[],"build_version":"2020-12-22","purchased_purges":1,"victory":false,"max_hp_per_floor":[80,80,80,80,80,80,80,80,80,80,80,80,80,80,80,80,80,80,80],"card_choices":[{"not_picked":["Perfected Strike","Second Wind"],"picked":"Flex","floor":1},{"not_picked":["BeautyBeast","Variant"],"picked":"UniverseFragment","floor":1},{"not_picked":["MeatLantern","Wellcheers"],"picked":"WallGazer","floor":4},{"not_picked":["Flex","Anger"],"picked":"Shrug It Off","floor":4},{"not_picked":["CherryBlossoms","Murderer"],"picked":"HeroicMonk","floor":5},{"not_picked":["Warcry","True Grit","Havoc"],"picked":"SKIP","floor":5},{"not_picked":["Pommel Strike","Shrug It Off","Intimidate"],"picked":"SKIP","floor":7},{"not_picked":["Pommel Strike","Shrug It Off","Intimidate"],"picked":"SKIP","floor":7},{"not_picked":["Seeing Red","Perfected Strike"],"picked":"Limit Break","floor":13},{"not_picked":["Immolate","Barricade"],"picked":"Exhume","floor":16},{"not_picked":["WhitesApple","MeatLantern"],"picked":"LongBird","floor":16}],"player_experience":56760,"relics_obtained":[{"floor":1,"key":"LetterFromLob"},{"floor":9,"key":"Darkstone Periapt"},{"floor":13,"key":"Letter Opener"}],"event_choices":[],"is_beta":false,"boss_relics":[{"not_picked":["Runic Dome","Pandora\u0027s Box"],"picked":"SlaversCollar"}],"items_purged_floors":[3],"is_endless":false,"potions_floor_spawned":[1,7,16],"killed_by":"Hallownest:2_Mistakes","ascension_level":0}}