{"host":"91blwi3hgehj6ch9","time":1613317774,"event":{"mods":["2.2 Compatiblity","AchievementEnabler","BaseMod","Colored Map","DeckTracker","Keyboard Shortcuts","Minty Spire (QoL Compilation)","Permanent Neow","Quick Restart","StSLib","SuperFastMode","everything is the same but u backflip on backflip"],"gold_per_floor":[111,129,54,54,54,54,72,90,90,15,15,15,15,31,31,105,105,120,120,120,20,37,37,51,76,76,76,102,118,118,130,130,207,207,225,100,119,135,146,175,189,189,189,189,218,218,251,265,265,265,265,265,115,148,148],"floor_reached":56,"language":"KOR","playtime":3421,"items_purged":["Strike_G","Storm of Steel","Glass Knife","Survivor"],"score":2601,"play_id":"4f566dbc-d56a-4a9c-a8dd-e2277d36026a","local_time":"20210215004934","is_ascension_mode":true,"campfire_choices":[{"data":"Apotheosis","floor":6.0,"key":"SMITH"},{"data":"Noxious Fumes","floor":12.0,"key":"SMITH"},{"data":"Tactician","floor":15.0,"key":"SMITH"},{"floor":23.0,"key":"REST"},{"floor":27.0,"key":"RECALL"},{"floor":30.0,"key":"REST"},{"data":"Adrenaline","floor":32.0,"key":"SMITH"},{"data":"Adrenaline","floor":46.0,"key":"SMITH"},{"floor":49.0,"key":"REST"},{"data":"Backflip","floor":52.0,"key":"SMITH"}],"circlet_count":0,"master_deck":["AscendersBane","Neutralize","Apotheosis+1","Backflip+1","Deadly Poison+1","Tactician+1","Adrenaline+1","Dagger Throw","Leg Sweep","Heel Hook","Prepared+1","Heel Hook","Adrenaline+1","Acrobatics+1","Eviscerate"],"relics":["Ring of the Snake","Singing Bowl","Pandora\u0027s Box","CultistMask","Sundial","Unceasing Top","Toy Ornithopter","Empty Cage","Pear","Mango","Nunchaku","Art of War"],"acts_visited":["Exordium","TheCity","TheBeyond","TheEnding"],"potions_floor_usage":[],"damage_taken":[{"damage":4.0,"enemies":"2 Louse","floor":1.0,"turns":4.0},{"damage":4.0,"enemies":"Jaw Worm","floor":2.0,"turns":4.0},{"damage":0.0,"enemies":"Cultist","floor":7.0,"turns":3.0},{"damage":1.0,"enemies":"Large Slime","floor":8.0,"turns":7.0},{"damage":8.0,"enemies":"Exordium Thugs","floor":14.0,"turns":4.0},{"damage":19.0,"enemies":"The Guardian","floor":16.0,"turns":9.0},{"damage":1.0,"enemies":"3 Byrds","floor":18.0,"turns":4.0},{"damage":9.0,"enemies":"Chosen","floor":22.0,"turns":3.0},{"damage":0.0,"enemies":"3 Cultists","floor":24.0,"turns":3.0},{"damage":0.0,"enemies":"Gremlin Leader","floor":25.0,"turns":5.0},{"damage":29.0,"enemies":"Slavers","floor":28.0,"turns":6.0},{"damage":5.0,"enemies":"Snake Plant","floor":29.0,"turns":3.0},{"damage":1.0,"enemies":"Cultist and Chosen","floor":31.0,"turns":4.0},{"damage":30.0,"enemies":"Collector","floor":33.0,"turns":7.0},{"damage":1.0,"enemies":"3 Shapes","floor":35.0,"turns":6.0},{"damage":0.0,"enemies":"Orb Walker","floor":37.0,"turns":1.0},{"damage":0.0,"enemies":"Transient","floor":38.0,"turns":6.0},{"damage":0.0,"enemies":"Writhing Mass","floor":39.0,"turns":2.0},{"damage":0.0,"enemies":"Reptomancer","floor":40.0,"turns":1.0},{"damage":0.0,"enemies":"Maw","floor":41.0,"turns":2.0},{"damage":0.0,"enemies":"Giant Head","floor":45.0,"turns":2.0},{"damage":0.0,"enemies":"Reptomancer","floor":47.0,"turns":2.0},{"damage":0.0,"enemies":"3 Darklings","floor":48.0,"turns":1.0},{"damage":0.0,"enemies":"Donu and Deca","floor":50.0,"turns":2.0},{"damage":0.0,"enemies":"Shield and Spear","floor":54.0,"turns":1.0},{"damage":30,"enemies":"The Heart","floor":55,"turns":3}],"seed_played":"-8620533196062035174","potions_obtained":[{"floor":1.0,"key":"Weak Potion"},{"floor":7.0,"key":"LiquidMemories"},{"floor":18.0,"key":"CunningPotion"},{"floor":29.0,"key":"BlessingOfTheForge"}],"is_trial":false,"path_per_floor":["M","M","?","?","?","R","M","M","T","$","$","R","?","M","R","B",null,"M","?","?","$","M","R","M","E","T","R","E","M","R","M","R","B",null,"M","$","M","M","M","E","M","?","T","?","E","R","E","M","R","B",null,"R","$","E","B",null],"character_chosen":"THE_SILENT","items_purchased":[],"campfire_rested":3,"item_purchase_floors":[],"current_hp_per_floor":[55,51,51,44,44,44,44,43,43,43,43,43,43,35,35,16,49,48,48,48,48,39,57,57,59,59,59,32,29,48,47,47,19,56,55,55,57,59,61,71,73,73,73,73,89,89,91,93,106,106,106,106,106,108,78],"gold":148,"neow_bonus":"RANDOM_COLORLESS_2","is_daily":false,"chose_seed":false,"campfire_upgraded":6,"win_rate":0.0,"timestamp":1613317774,"path_taken":["M","M","?","?","?","R","M","M","T","?","$","R","?","M","R","BOSS","M","?","?","$","M","R","M","E","T","R","E","?","R","M","R","BOSS","M","$","M","M","M","E","M","?","T","?","E","R","E","?","R","BOSS","R","$","E","BOSS"],"items_purchased_type":[],"build_version":"2020-12-22","purchased_purges":4,"victory":true,"max_hp_per_floor":[60,60,60,60,60,60,60,60,60,60,60,60,60,60,60,60,60,60,60,60,60,60,60,60,62,62,62,64,66,66,66,66,68,68,68,68,70,72,74,84,86,86,86,86,102,102,104,106,106,106,106,106,106,108,108],"card_choices":[{"not_picked":["Secret Weapon","Master of Strategy"],"picked":"Apotheosis","floor":0.0},{"not_picked":["Riddle With Holes","Acrobatics"],"picked":"Backflip","floor":1.0},{"not_picked":["Bane","Sucker Punch"],"picked":"Deadly Poison","floor":2.0},{"not_picked":["Sucker Punch","Well Laid Plans"],"picked":"Dagger Spray","floor":7.0},{"not_picked":["Distraction","Setup"],"picked":"Noxious Fumes","floor":8.0},{"not_picked":["Terror","Sucker Punch"],"picked":"Tactician","floor":14.0},{"not_picked":["Bullet Time","Venomology"],"picked":"Adrenaline","floor":16.0},{"not_picked":["Underhanded Strike","Bane+1"],"picked":"Heel Hook","floor":18.0},{"not_picked":["Cloak And Dagger","Poisoned Stab"],"picked":"Prepared+1","floor":22.0},{"not_picked":["Cloak And Dagger","Dodge and Roll"],"picked":"Heel Hook","floor":24.0},{"not_picked":["Bane","Backflip","Well Laid Plans"],"picked":"Singing Bowl","floor":25.0},{"not_picked":["All Out Attack+1","Night Terror","Deflect"],"picked":"Singing Bowl","floor":28.0},{"not_picked":["Bane","Choke","Deflect"],"picked":"Singing Bowl","floor":29.0},{"not_picked":["Slice","PiercingWail"],"picked":"Adrenaline","floor":31.0},{"not_picked":["Die Die Die","A Thousand Cuts","After Image"],"picked":"Singing Bowl","floor":33.0},{"not_picked":["Backflip","Poisoned Stab"],"picked":"Acrobatics+1","floor":35.0},{"not_picked":["Poisoned Stab","Catalyst","Escape Plan"],"picked":"Singing Bowl","floor":37.0},{"not_picked":["Prepared","Dagger Throw","Dodge and Roll"],"picked":"Singing Bowl","floor":38.0},{"not_picked":["Deadly Poison","Outmaneuver+1","Predator"],"picked":"Singing Bowl","floor":39.0},{"not_picked":["Bane","Reflex"],"picked":"Eviscerate","floor":40.0},{"not_picked":["All Out Attack","Bane","Slice"],"picked":"Singing Bowl","floor":41.0},{"not_picked":["After Image","Terror","Skewer"],"picked":"Singing Bowl","floor":45.0},{"not_picked":["Concentrate","Backflip","Slice+1"],"picked":"Singing Bowl","floor":47.0},{"not_picked":["Finisher","PiercingWail","Deflect"],"picked":"Singing Bowl","floor":48.0},{"not_picked":["Slice+1","Heel Hook","Deadly Poison+1"],"picked":"Singing Bowl","floor":54.0}],"player_experience":252829,"relics_obtained":[{"floor":9.0,"key":"Singing Bowl"},{"floor":25.0,"key":"Sundial"},{"floor":26.0,"key":"Unceasing Top"},{"floor":28.0,"key":"Toy Ornithopter"},{"floor":40.0,"key":"Pear"},{"floor":45.0,"key":"Mango"},{"floor":47.0,"key":"Nunchaku"},{"floor":54.0,"key":"Art of War"}],"event_choices":[{"cards_removed":["Strike_G"],"damage_healed":0.0,"max_hp_gain":0.0,"max_hp_loss":0.0,"gold_gain":0.0,"event_name":"The Cleric","player_choice":"Card Removal","floor":3.0,"gold_loss":75.0,"damage_taken":0.0},{"cards_removed":["Defend_G"],"damage_healed":0.0,"max_hp_gain":0.0,"max_hp_loss":0.0,"gold_gain":0.0,"event_name":"Golden Wing","player_choice":"Card Removal","floor":4.0,"gold_loss":0.0,"damage_taken":7.0},{"cards_removed":["Strike_G"],"damage_healed":0.0,"max_hp_gain":0.0,"max_hp_loss":0.0,"gold_gain":0.0,"event_name":"Living Wall","player_choice":"Forget","floor":5.0,"gold_loss":0.0,"damage_taken":0.0},{"damage_healed":0.0,"max_hp_gain":0.0,"max_hp_loss":0.0,"gold_gain":0.0,"event_name":"Accursed Blacksmith","player_choice":"Forge","floor":13.0,"gold_loss":0.0,"damage_taken":0.0,"cards_upgraded":["Deadly Poison"]},{"damage_healed":0.0,"max_hp_gain":0.0,"max_hp_loss":0.0,"gold_gain":0.0,"event_name":"Vampires","player_choice":"Ignored","floor":19.0,"gold_loss":0.0,"damage_taken":0.0},{"damage_healed":0.0,"max_hp_gain":0.0,"max_hp_loss":0.0,"gold_gain":0.0,"event_name":"FaceTrader","player_choice":"Trade","floor":20.0,"gold_loss":0.0,"damage_taken":0.0,"relics_obtained":["CultistMask"]},{"cards_removed":["Noxious Fumes"],"damage_healed":0.0,"max_hp_gain":0.0,"max_hp_loss":0.0,"gold_gain":0.0,"event_name":"Falling","player_choice":"Removed Power","floor":42.0,"gold_loss":0.0,"damage_taken":0.0},{"cards_removed":["Dagger Spray"],"damage_healed":0.0,"max_hp_gain":0.0,"max_hp_loss":0.0,"gold_gain":0.0,"event_name":"Purifier","player_choice":"Purged","floor":44.0,"gold_loss":0.0,"damage_taken":0.0}],"is_beta":false,"boss_relics":[{"not_picked":["Cursed Key","Velvet Choker"],"picked":"Pandora\u0027s Box"},{"not_picked":["Snecko Eye","Black Star"],"picked":"Empty Cage"}],"items_purged_floors":[10,21,36,53],"is_endless":false,"potions_floor_spawned":[1,7,18,25,29,38,39,41,47,54],"ascension_level":19}}