{"host":"ubyp1yuphwcqvn8x","time":1613341917,"event":{"mods":["BaseMod","Colored Map","Minty Spire (QoL Compilation)","Permanent Neow","Replay The Spire","StSLib","SuperFastMode","The Construct"],"gold_per_floor":[109,109,41,57,57,57,75,75,75,87,98,127,127,144,144,248,248,257,293,293,218,234,294,311,311,311,324,324,349,349,349,349,449,549,592,592,605,684,700,700,731,731,731,631,660,672,672,672,672,672,672,582,193,219,219,219],"floor_reached":55,"language":"ENG","playtime":3256,"items_purged":["Strike_P","Defend_P"],"score":826,"play_id":"1a98c945-6805-48d0-b7a2-fe2a9572f554","local_time":"20210214173157","is_ascension_mode":true,"campfire_choices":[{"data":"Adaptation","floor":6.0,"key":"SMITH"},{"data":"Vigilance","floor":8.0,"key":"SMITH"},{"data":"Replay:ManipulateFuture","floor":15.0,"key":"SMITH"},{"floor":28.0,"key":"REST"},{"floor":30.0,"key":"REST"},{"floor":32.0,"key":"RECALL"},{"floor":40.0,"key":"REST"},{"floor":42.0,"key":"REST"}],"circlet_count":0,"master_deck":["Strike_P+1","Eruption+1","Vigilance+1","Halt","Adaptation+1","Alpha","Replay:ManipulateFuture+1","Alpha","Wish","Sanctity+1","Replay:Anticipation","Pot Of Greed","Wish","Adaptation+1","Evaluate","DeceiveReality+1","Flash of Steel","Tantrum","Nirvana","WaveOfTheHand","Pot Of Greed"],"relics":["Empty Cage","MealTicket","Quantum Egg","VioletLotus","Replay:Towering Pillar of Hats","Regal Pillow","Bird Faced Urn","Grinning Jar","Replay:Wanted Poster","Replay:Kaleidoscope","Replay:Accelerometer","Replay:Multitool","Strawberry","Nunchaku","Toolbox","Letter Opener"],"acts_visited":["Exordium","TheCity","TheBeyond","TheEnding"],"potions_floor_usage":[55],"damage_taken":[{"damage":0.0,"enemies":"Small Slimes","floor":1.0,"turns":3.0},{"damage":0.0,"enemies":"Cultist","floor":4.0,"turns":2.0},{"damage":10.0,"enemies":"Jaw Worm","floor":7.0,"turns":2.0},{"damage":0.0,"enemies":"Gremlin Gang","floor":10.0,"turns":3.0},{"damage":4.0,"enemies":"Exordium Thugs","floor":11.0,"turns":4.0},{"damage":0.0,"enemies":"Lagavulin","floor":12.0,"turns":4.0},{"damage":7.0,"enemies":"Blue Slaver","floor":14.0,"turns":3.0},{"damage":38.0,"enemies":"The Guardian","floor":16.0,"turns":6.0},{"damage":26.0,"enemies":"2 Thieves","floor":18.0,"turns":4.0},{"damage":33.0,"enemies":"3 Byrds","floor":22.0,"turns":4.0},{"damage":15.0,"enemies":"Gremlin Leader","floor":23.0,"turns":5.0},{"damage":12.0,"enemies":"Snecko","floor":24.0,"turns":5.0},{"damage":0.0,"enemies":"3 Cultists","floor":27.0,"turns":4.0},{"damage":46.0,"enemies":"Book of Stabbing","floor":29.0,"turns":5.0},{"damage":51.0,"enemies":"Pondfish","floor":33.0,"turns":8.0},{"damage":29.0,"enemies":"3 Darklings","floor":35.0,"turns":6.0},{"damage":0.0,"enemies":"3 Shapes","floor":37.0,"turns":3.0},{"damage":47.0,"enemies":"2 Orb Walkers","floor":38.0,"turns":4.0},{"damage":5.0,"enemies":"Sphere and 2 Shapes","floor":39.0,"turns":4.0},{"damage":34.0,"enemies":"Nemesis","floor":41.0,"turns":9.0},{"damage":6.0,"enemies":"Giant Head","floor":45.0,"turns":7.0},{"damage":0.0,"enemies":"Jaw Worm Horde","floor":46.0,"turns":3.0},{"damage":68.0,"enemies":"Awakened One","floor":50.0,"turns":8.0},{"damage":51.0,"enemies":"Shield and Spear","floor":54.0,"turns":4.0},{"damage":34,"enemies":"The Heart","floor":55,"turns":2}],"seed_played":"-7370745009700870587","potions_obtained":[{"floor":7.0,"key":"Adrenaline Potion"},{"floor":11.0,"key":"Fire Potion"},{"floor":12.0,"key":"Toxic Potion"},{"floor":14.0,"key":"LiquidMemories"},{"floor":23.0,"key":"Weak Potion"},{"floor":24.0,"key":"Regen Potion"},{"floor":39.0,"key":"Swift Potion"},{"floor":41.0,"key":"Fire Potion"},{"floor":46.0,"key":"SkillPotion"}],"is_trial":false,"path_per_floor":["M","?","$","M","?","R","M","R","T","M","M","E","?","M","R","B",null,"M","?","?","$","M","E","M","?","T","M","R","E","R","?","R_BF","B",null,"M","?","M","?","M","R","E","R","T","?","E","M","?","?","R","B",null,"R","$","E","B"],"character_chosen":"WATCHER","items_purchased":["Adaptation","EntropicBrew","Toolbox","Nirvana"],"campfire_rested":4,"item_purchase_floors":[3,53,53,53],"current_hp_per_floor":[72,69,72,72,72,72,62,62,62,62,58,58,58,51,51,13,72,46,46,46,61,28,13,1,1,1,17,53,11,47,47,47,2,72,45,45,51,10,11,47,21,57,57,64,66,72,72,72,72,12,79,79,79,32,0,0],"gold":219,"neow_bonus":"BOSS_RELIC","is_daily":false,"chose_seed":false,"campfire_upgraded":3,"win_rate":0.0,"timestamp":1613341917,"path_taken":["M","?","$","M","?","R","M","R","T","M","?","E","?","?","R","BOSS","M","?","?","$","M","E","M","?","T","M","R","E","R","?","R_BF","BOSS","M","?","?","?","M","R","E","R","T","?","E","?","?","?","R","BOSS","R","$","E","BOSS"],"items_purchased_type":["Card","Potion","Relic","Card"],"build_version":"2020-12-22","purchased_purges":2,"victory":false,"max_hp_per_floor":[72,72,72,72,72,72,72,72,72,72,72,72,72,72,72,72,72,72,72,72,72,72,72,72,72,72,72,72,72,72,72,72,72,72,72,72,72,72,72,72,72,72,72,79,79,79,79,79,79,79,79,79,79,79,79,79],"card_choices":[{"not_picked":["Replay:AtTheReady","Replay:Anticipation"],"picked":"Halt","floor":1.0},{"not_picked":["EmptyBody","Replay:DivineShield","ThirdEye"],"picked":"SKIP","floor":4.0},{"not_picked":["Protect","Replay:Battleflow"],"picked":"Indignation","floor":7.0},{"not_picked":["Nirvana","Replay:BluntJabs"],"picked":"Alpha","floor":10.0},{"not_picked":["PathToVictory","FearNoEvil"],"picked":"Replay:ManipulateFuture","floor":11.0},{"not_picked":["EmptyFist","Replay:BluntJabs","Halt"],"picked":"SKIP","floor":12.0},{"not_picked":["FlyingSleeves","Replay:Hum","EmptyFist"],"picked":"SKIP","floor":14.0},{"not_picked":["Replay:LoomingThreat","Replay:AllIn"],"picked":"Wish","floor":16.0},{"not_picked":["SashWhip+1","Worship"],"picked":"Sanctity+1","floor":18.0},{"not_picked":["BattleHymn","FollowUp","JustLucky+1"],"picked":"SKIP","floor":22.0},{"not_picked":["PathToVictory+1","BowlingBash","Study"],"picked":"SKIP","floor":23.0},{"not_picked":["CrushJoints","ClearTheMind"],"picked":"Replay:Anticipation","floor":24.0},{"not_picked":["Perseverance+1","Wallop+1","EmptyBody+1"],"picked":"SKIP","floor":27.0},{"not_picked":["Replay:ManipulateFuture","ReachHeaven","Consecrate+1"],"picked":"SKIP","floor":29.0},{"not_picked":["Devotion","Brilliance"],"picked":"Wish","floor":33.0},{"not_picked":["DeceiveReality","ClearTheMind","Prostrate"],"picked":"SKIP","floor":35.0},{"not_picked":["Replay:BluntJabs","Consecrate+1","Vengeance"],"picked":"SKIP","floor":37.0},{"not_picked":["Tantrum","CutThroughFate","Blasphemy"],"picked":"SKIP","floor":39.0},{"not_picked":["Wish","Prostrate"],"picked":"Evaluate","floor":41.0},{"not_picked":["EmptyBody+1","Prostrate+1","Replay:Anticipation"],"picked":"SKIP","floor":45.0},{"not_picked":["PathToVictory","CutThroughFate"],"picked":"DeceiveReality+1","floor":46.0},{"not_picked":["Replay:Anticipation","PathToVictory+1"],"picked":"WaveOfTheHand","floor":54.0}],"player_experience":1111063,"relics_obtained":[{"floor":12.0,"key":"Quantum Egg"},{"floor":19.0,"key":"Replay:Towering Pillar of Hats"},{"floor":23.0,"key":"Regal Pillow"},{"floor":26.0,"key":"Bird Faced Urn"},{"floor":29.0,"key":"Grinning Jar"},{"floor":38.0,"key":"Replay:Kaleidoscope"},{"floor":41.0,"key":"Replay:Accelerometer"},{"floor":43.0,"key":"Replay:Multitool"},{"floor":45.0,"key":"Nunchaku"},{"floor":54.0,"key":"Letter Opener"}],"event_choices":[{"damage_healed":0.0,"max_hp_gain":0.0,"max_hp_loss":0.0,"gold_gain":0.0,"event_name":"Scrap Ooze","player_choice":"Success","floor":2.0,"gold_loss":0.0,"damage_taken":3.0,"relics_obtained":["MealTicket"]},{"damage_healed":0.0,"max_hp_gain":0.0,"max_hp_loss":0.0,"gold_gain":0.0,"event_name":"Upgrade Shrine","player_choice":"Upgraded","floor":5.0,"gold_loss":0.0,"damage_taken":0.0,"cards_upgraded":["Eruption"]},{"damage_healed":0.0,"max_hp_gain":0.0,"max_hp_loss":0.0,"gold_gain":0.0,"event_name":"Match and Keep!","player_choice":"1 cards matched","floor":13.0,"gold_loss":0.0,"damage_taken":0.0,"cards_obtained":["Alpha"]},{"damage_healed":0.0,"max_hp_gain":0.0,"max_hp_loss":0.0,"gold_gain":0.0,"event_name":"Cursed Tome","player_choice":"Ignored","floor":20.0,"gold_loss":0.0,"damage_taken":0.0},{"damage_healed":0.0,"max_hp_gain":0.0,"max_hp_loss":0.0,"gold_gain":0.0,"event_name":"Vampires","player_choice":"Ignored","floor":25.0,"gold_loss":0.0,"damage_taken":0.0},{"cards_removed":["Indignation"],"damage_healed":0.0,"max_hp_gain":0.0,"max_hp_loss":0.0,"gold_gain":0.0,"event_name":"Back to Basics","player_choice":"Elegance","floor":31.0,"gold_loss":0.0,"damage_taken":0.0},{"damage_healed":0.0,"max_hp_gain":0.0,"max_hp_loss":0.0,"gold_gain":0.0,"event_name":"Duplicator","player_choice":"Copied","floor":36.0,"gold_loss":0.0,"damage_taken":0.0,"cards_obtained":["Adaptation"]},{"damage_healed":0.0,"max_hp_gain":0.0,"max_hp_loss":0.0,"gold_gain":0.0,"event_name":"Mysterious Sphere","player_choice":"Fight","floor":38.0,"gold_loss":0.0,"damage_taken":0.0},{"damage_healed":0.0,"max_hp_gain":0.0,"max_hp_loss":0.0,"gold_gain":0.0,"event_name":"WeMeetAgain","player_choice":"Paid Gold","floor":44.0,"gold_loss":100.0,"damage_taken":0.0,"relics_obtained":["Strawberry"]},{"cards_removed":["Strike_P"],"damage_healed":0.0,"max_hp_gain":0.0,"max_hp_loss":0.0,"gold_gain":0.0,"event_name":"Falling","player_choice":"Removed Attack","floor":47.0,"gold_loss":0.0,"damage_taken":0.0},{"cards_removed":["Pot Of Greed"],"damage_healed":0.0,"max_hp_gain":0.0,"max_hp_loss":0.0,"gold_gain":0.0,"event_name":"NoteForYourself","player_choice":"Took Card","floor":48.0,"gold_loss":0.0,"damage_taken":0.0,"cards_obtained":["Flash of Steel"]},{"cards_removed":["Defend_P"],"damage_healed":0.0,"max_hp_gain":0.0,"max_hp_loss":0.0,"gold_gain":0.0,"event_name":"Designer","player_choice":"Upgrade and Remove","floor":52.0,"gold_loss":90.0,"damage_taken":0.0,"cards_upgraded":["Strike_P"]}],"is_beta":false,"boss_relics":[{"not_picked":["Philosopher\u0027s Stone","Honey Jar"],"picked":"VioletLotus"},{"not_picked":["Astrolabe","Replay:Drink Me"],"picked":"Replay:Wanted Poster"}],"items_purged_floors":[21,53],"is_endless":false,"potions_floor_spawned":[7,11,12,14,23,24,39,41,46],"killed_by":"The Heart","ascension_level":1}}