{"host":"bvp2uifzy1c463d9","time":1613287239,"event":{"mods":["AchievementEnabler","BaseMod","Better Note","Block Reminder","Bossed Relics","ChefMod","Colored Map","Colored Powertips","Energized Spire","Hermit","Highlight Path","Hubris","Infinite Spire","Minty Spire (QoL Compilation)","Random Character Button","Relic Sorter","Relic Stats","Reliquary","Replay The Spire","Robot Space Explorer","StSLib","The Blue Laboratory","The Jungle","The Servant 0.9.4","Wandering Minibosses"],"gold_per_floor":[109,129,129,145,156,156,188,188,258,293,311,158,158,158,158,158,158],"floor_reached":16,"language":"ENG","playtime":1105,"items_purged":[],"score":149,"play_id":"6e30082c-266e-461d-a7ad-51a274aeeda2","local_time":"20210214012039","is_ascension_mode":true,"campfire_choices":[{"data":"hermit:TakeCover","floor":6,"key":"SMITH"},{"data":"hermit:BodyArmor","floor":8,"key":"SMITH"},{"data":"hermit:HighNoon","floor":15,"key":"SMITH"}],"circlet_count":0,"master_deck":["hermit:Strike_Hermit","hermit:Strike_Hermit","hermit:Strike_Hermit","hermit:Strike_Hermit","hermit:Defend_Hermit","hermit:Defend_Hermit","hermit:Defend_Hermit","hermit:Defend_Hermit","hermit:Snapshot","hermit:Covet","hermit:TakeCover+1","hermit:LuckOfTheDraw","hermit:Coalescence","hermit:BodyArmor+1","hermit:CalledShot","hermit:HighNoon+1"],"relics":["hermit:Momento","hubris:TinFlute","infinitespire:Bottled Soul","Onion Ring","hubris:Towel"],"acts_visited":["Exordium"],"potions_floor_usage":[16],"damage_taken":[{"damage":2,"enemies":"2 Louse","floor":1,"turns":3},{"damage":0,"enemies":"Small Slimes","floor":2,"turns":4},{"damage":0,"enemies":"Cultist","floor":4,"turns":3},{"damage":0,"enemies":"3 Louse","floor":5,"turns":5},{"damage":3,"enemies":"3 Sentries","floor":7,"turns":10},{"damage":0,"enemies":"Lagavulin","floor":10,"turns":11},{"damage":0,"enemies":"Large Slime","floor":11,"turns":8},{"damage":74,"enemies":"Slime Boss","floor":16,"turns":16}],"seed_played":"1417141094685160425","potions_obtained":[{"floor":1,"key":"blueLaboratory:StoneskinPotion"},{"floor":4,"key":"Ancient Potion"},{"floor":7,"key":"blueLaboratory:ImpenetrablePotion"}],"is_trial":false,"path_per_floor":["M","M","$","M","M","R","E","R","T","E","M","$","?","?","R","B"],"character_chosen":"HERMIT","items_purchased":["hermit:HighNoon"],"campfire_rested":0,"item_purchase_floors":[12],"current_hp_per_floor":[73,73,73,73,73,73,70,70,70,70,70,70,70,70,70,0,0],"gold":158,"neow_bonus":"THREE_CARDS","is_daily":false,"chose_seed":false,"campfire_upgraded":3,"win_rate":0.0,"timestamp":1613287239,"path_taken":["M","M","$","M","M","R","E","R","T","E","M","$","?","?","R","BOSS"],"items_purchased_type":["Card"],"build_version":"2020-12-22","purchased_purges":0,"victory":false,"max_hp_per_floor":[75,75,75,75,75,75,75,75,75,75,75,75,75,75,75,75,75],"relic_stats":{"counters":[8,60],"obtain_stats":[{"infinitespire:Bottled Soul":9,"Onion Ring":10,"hubris:Towel":13,"hermit:Momento":0,"hubris:TinFlute":7},{"infinitespire:Bottled Soul":5,"Onion Ring":6,"hubris:Towel":7,"hermit:Momento":0,"hubris:TinFlute":5},{"infinitespire:Bottled Soul":25,"Onion Ring":36,"hubris:Towel":44,"hermit:Momento":0,"hubris:TinFlute":25}]},"card_choices":[{"not_picked":["hermit:FlashPowder","hermit:Determination"],"picked":"hermit:TakeCover","floor":0},{"not_picked":["hermit:Quickdraw","hermit:Ricochet"],"picked":"hermit:LuckOfTheDraw","floor":1},{"not_picked":["hermit:Brawl","hermit:Snipe"],"picked":"hermit:Coalescence","floor":2},{"not_picked":["hermit:ShadowCloak","hermit:Misfire","hermit:Spite"],"picked":"SKIP","floor":4},{"not_picked":["hermit:Spite","hermit:Glare","hermit:Headshot"],"picked":"SKIP","floor":5},{"not_picked":["hermit:DeadMansHand","hermit:Snipe"],"picked":"hermit:BodyArmor","floor":7},{"not_picked":["hermit:Cheat","hermit:ItchyTrigger"],"picked":"hermit:CalledShot","floor":10},{"not_picked":["hermit:WideOpen","hermit:Vantage","hermit:FlashPowder"],"picked":"SKIP","floor":11}],"player_experience":353434,"relics_obtained":[{"floor":7,"key":"hubris:TinFlute"},{"floor":9,"key":"infinitespire:Bottled Soul"},{"floor":10,"key":"Onion Ring"}],"event_choices":[{"damage_healed":0,"gold_gain":0,"player_choice":"0 cards matched","damage_taken":0,"max_hp_gain":0,"max_hp_loss":0,"event_name":"Match and Keep!","floor":14,"gold_loss":0,"cards_obtained":[]}],"is_beta":false,"boss_relics":[],"items_purged_floors":[],"is_endless":false,"potions_floor_spawned":[1,4,7],"killed_by":"Slime Boss","ascension_level":2}}