{"host":"82qk6ob05uum3zoi","time":1613280464,"event":{"mods":["BaseMod","BetterRewards","Minty Spire (QoL Compilation)","Reliquary","StSLib","The Bladedancer","The Cursed","The Disciple","The Servant 0.9.4","The Trickster"],"gold_per_floor":[118,138,138,148,148,176,176,83,83,83,115,128,146,161,161,266,266,277,294,306,306,306,340,340,374,374,374,374],"floor_reached":27,"language":"ENG","playtime":2647,"items_purged":[],"score":263,"play_id":"1bd7304c-fb8e-4175-b929-40f666741a6a","local_time":"20210214182744","is_ascension_mode":false,"campfire_choices":[{"floor":7,"key":"REST"},{"floor":10,"key":"REST"},{"data":"Bandage Up","floor":15,"key":"SMITH"},{"floor":24,"key":"REST"}],"circlet_count":0,"master_deck":["TheCursedMod:Strike_TheCursed","TheCursedMod:Strike_TheCursed","TheCursedMod:Strike_TheCursed","TheCursedMod:Strike_TheCursed","TheCursedMod:Defend_TheCursed","TheCursedMod:Defend_TheCursed","TheCursedMod:Defend_TheCursed","TheCursedMod:Defend_TheCursed","TheCursedMod:CursedWand","TheCursedMod:CleanUpWorkshop","TheCursedMod:Dregs","TheCursedMod:Torture","TheCursedMod:SaltUponWound","TheCursedMod:CircleOfFlame","TheCursedMod:CursedBlade","Bandage Up+1","TheCursedMod:HellsGateOpen","TheCursedMod:SpitefulPray","TheCursedMod:WearCloak","TheCursedMod:CursedMace","TheCursedMod:NeowsMight","TheCursedMod:CircleOfBlood","TheCursedMod:CursedAmulet","TheCursedMod:FleshFromBone+1","Shame","RitualDagger","TheCursedMod:StingEye","TheCursedMod:VitalStrike+1"],"relics":["TheCursedMod:BlackMagic101","reliquary:ExpiredCoupon","reliquary:RedPaperclip","reliquary:SilkGlove","TheCursedMod:BloodyHarpoon","reliquary:QuartzCube","Darkstone Periapt"],"acts_visited":["Exordium","TheCity"],"potions_floor_usage":[11,16,19,20,23,23,25],"damage_taken":[{"damage":3,"enemies":"2 Louse","floor":1,"turns":3},{"damage":4,"enemies":"Cultist","floor":2,"turns":4},{"damage":10,"enemies":"Small Slimes","floor":4,"turns":5},{"damage":31,"enemies":"Gremlin Nob","floor":6,"turns":5},{"damage":26,"enemies":"Lagavulin","floor":11,"turns":6},{"damage":1,"enemies":"Blue Slaver","floor":12,"turns":3},{"damage":1,"enemies":"Exordium Wildlife","floor":13,"turns":3},{"damage":1,"enemies":"2 Fungi Beasts","floor":14,"turns":3},{"damage":31,"enemies":"The Guardian","floor":16,"turns":7},{"damage":12,"enemies":"Shell Parasite","floor":18,"turns":4},{"damage":7,"enemies":"Chosen","floor":19,"turns":4},{"damage":28,"enemies":"3 Cultists","floor":20,"turns":6},{"damage":52,"enemies":"Slavers","floor":23,"turns":5},{"damage":21,"enemies":"Book of Stabbing","floor":25,"turns":5},{"damage":27,"enemies":"Gremlin Leader","floor":27,"turns":5}],"seed_played":"3367365735237032582","potions_obtained":[{"floor":1,"key":"Swift Potion"},{"floor":6,"key":"Block Potion"},{"floor":12,"key":"PowerPotion"},{"floor":14,"key":"GamblersBrew"},{"floor":19,"key":"AttackPotion"},{"floor":20,"key":"SkillPotion"},{"floor":23,"key":"Dexterity Potion"}],"is_trial":false,"path_per_floor":["M","M","?","M","$","E","R","$","T","R","E","M","M","M","R","B",null,"M","M","M","?","?","E","R","E","T","E"],"character_chosen":"THE_CURSED","items_purchased":["Bandage Up"],"campfire_rested":3,"item_purchase_floors":[8],"current_hp_per_floor":[79,75,75,65,65,34,58,58,58,82,60,63,66,69,69,44,82,76,75,55,55,49,7,31,18,18,0,0],"gold":374,"neow_bonus":"TEN_PERCENT_HP_BONUS","is_daily":false,"chose_seed":false,"campfire_upgraded":1,"win_rate":0.0,"timestamp":1613280464,"path_taken":["M","M","?","?","$","E","R","?","T","R","E","M","M","M","R","BOSS","M","M","M","?","?","E","R","E","T","E"],"items_purchased_type":["Card"],"build_version":"2020-12-22","purchased_purges":0,"victory":false,"max_hp_per_floor":[82,82,82,82,82,82,82,82,82,82,82,82,82,82,82,82,82,82,82,82,82,82,82,82,82,82,82,82],"card_choices":[{"not_picked":["TheCursedMod:Grudge","TheCursedMod:TroublousMinions"],"picked":"TheCursedMod:Torture","floor":1},{"not_picked":["TheCursedMod:Wield","TheCursedMod:RapidMovement"],"picked":"TheCursedMod:SaltUponWound","floor":2},{"not_picked":["TheCursedMod:Torture","TheCursedMod:CursedBlade"],"picked":"TheCursedMod:CircleOfFlame","floor":4},{"not_picked":["TheCursedMod:EmpowerCircles","TheCursedMod:SmokeScreen"],"picked":"TheCursedMod:CursedBlade","floor":6},{"not_picked":["TheCursedMod:SurpriseAttack","TheCursedMod:SpitefulPray"],"picked":"TheCursedMod:HellsGateOpen","floor":11},{"not_picked":["TheCursedMod:ParallelWorld","TheCursedMod:RapidMovement"],"picked":"TheCursedMod:SpitefulPray","floor":12},{"not_picked":["TheCursedMod:CursedShiv","TheCursedMod:FleshFromBone"],"picked":"TheCursedMod:WearCloak","floor":13},{"not_picked":["TheCursedMod:Torture","TheCursedMod:SpitefulStrike"],"picked":"TheCursedMod:CursedMace","floor":14},{"not_picked":["TheCursedMod:DarkBarrier","TheCursedMod:ShockAndAwe"],"picked":"TheCursedMod:NeowsMight","floor":16},{"not_picked":["TheCursedMod:CursedArmor","TheCursedMod:Stretching"],"picked":"TheCursedMod:CircleOfBlood","floor":18},{"not_picked":["TheCursedMod:CursedShiv","TheCursedMod:FuryStrike"],"picked":"TheCursedMod:CursedAmulet","floor":19},{"not_picked":["TheCursedMod:TacticalStrike","TheCursedMod:CursedAmulet"],"picked":"TheCursedMod:FleshFromBone+1","floor":20},{"not_picked":["TheCursedMod:FleshFromBone+1","TheCursedMod:BloodBarrier+1"],"picked":"TheCursedMod:StingEye","floor":23},{"not_picked":["TheCursedMod:Torture","TheCursedMod:Wield"],"picked":"TheCursedMod:VitalStrike+1","floor":25}],"player_experience":421189,"relics_obtained":[{"floor":6,"key":"reliquary:ExpiredCoupon"},{"floor":9,"key":"reliquary:PrincelyHelmet"},{"floor":11,"key":"Oddly Smooth Stone"},{"floor":23,"key":"TheCursedMod:BloodyHarpoon"},{"floor":25,"key":"reliquary:QuartzCube"},{"floor":26,"key":"Darkstone Periapt"}],"event_choices":[{"damage_healed":0,"gold_gain":0,"player_choice":"Ignored","damage_taken":0,"max_hp_gain":0,"max_hp_loss":0,"event_name":"Fountain of Cleansing","floor":3,"gold_loss":0},{"damage_healed":0,"gold_gain":0,"player_choice":"Stole Relic","damage_taken":0,"relics_obtained":["reliquary:SilkGlove"],"max_hp_gain":0,"max_hp_loss":0,"event_name":"Addict","floor":21,"gold_loss":0,"cards_obtained":["Shame"]},{"damage_healed":0,"gold_gain":0,"player_choice":"Joined the Cult","damage_taken":6,"max_hp_gain":0,"max_hp_loss":0,"event_name":"Nest","floor":22,"gold_loss":0,"cards_obtained":["RitualDagger"]}],"is_beta":false,"boss_relics":[{"not_picked":["SlaversCollar","Coffee Dripper"],"picked":"reliquary:RedPaperclip"}],"items_purged_floors":[],"is_endless":false,"potions_floor_spawned":[1,6,12,14,19,20,23],"killed_by":"Gremlin Leader","ascension_level":0}}