{"host":"cbu6enf2xtq4r7r3","time":1613260835,"event":{"mods":["2.2 Compatiblity","AlwaysNeverKeys","BaseMod","Better Match","Better Note","Better Sensory Stone","Better Skull","Better Third Choice","Colored Map","Colored Powertips","Defuse TimeMaze Blight","Emptier Cage","Minty Spire (QoL Compilation)","Permanent Neow","Quick Restart","Random Character Button","Relic Sorter","Reorder Act Four","Shop Mod","StSLib"],"gold_per_floor":[363,382,42,54,71,71,96,96,177,177,219,219,244,270,270,379,379,399,132,132,132,154,194,194,233,285,310,333,346,346,369,369,476,476,501,20,0,26,52,52,74,74,74,74,13,13,13,42,42,42],"floor_reached":51,"language":"ENG","playtime":2122,"items_purged":["Strike_B","Strike_B"],"score":781,"play_id":"b710ff05-f5b9-4462-b8d3-4a43efd17d0e","local_time":"20210214010035","is_ascension_mode":true,"campfire_choices":[{"data":"Zap","floor":6,"key":"SMITH"},{"data":"Lockon","floor":8,"key":"SMITH"},{"data":"Gash","floor":10,"key":"SMITH"},{"data":"Steam","floor":15,"key":"SMITH"},{"data":"Steam","floor":24,"key":"SMITH"},{"floor":30,"key":"REST"},{"data":"Coolheaded","floor":32,"key":"SMITH"},{"data":"Coolheaded","floor":40,"key":"SMITH"},{"data":"Reinforced Body","floor":42,"key":"SMITH"},{"data":"Reinforced Body","floor":44,"key":"SMITH"},{"data":"Gash","floor":46,"key":"SMITH"},{"data":"Glacier","floor":49,"key":"SMITH"}],"circlet_count":0,"master_deck":["Strike_B","Strike_B","Defend_B","Defend_B","Defend_B","Defend_B","Zap+1","Dualcast","Rebound","Gash+1","Go for the Eyes","All For One+1","Lockon+1","Reinforced Body+1","Steam+1","Seek","Coolheaded+1","Reinforced Body+1","Steam+1","Coolheaded+1","Hello World+1","Echo Form+1","Glacier+1","Cold Snap+1","Capacitor+1","Biased Cognition+1","Aggregate+1","Flash of Steel","BootSequence+1","Go for the Eyes+1","Gash+1","White Noise+1"],"relics":["Cracked Core","Runic Capacitor","Odd Mushroom","Frozen Egg 2","CeramicFish","Oddly Smooth Stone","SlaversCollar","DollysMirror","Ornamental Fan","Unceasing Top","Shuriken","Centennial Puzzle","Sozu","PreservedInsect","Bag of Marbles","Red Mask","Blue Candle","Regal Pillow"],"acts_visited":["Exordium","TheCity","TheBeyond"],"potions_floor_usage":[11,16,16,23,23,27,28,33],"damage_taken":[{"damage":0,"enemies":"Small Slimes","floor":1,"turns":3},{"damage":1,"enemies":"Jaw Worm","floor":2,"turns":3},{"damage":0,"enemies":"Cultist","floor":4,"turns":2},{"damage":7,"enemies":"Exordium Thugs","floor":5,"turns":4},{"damage":16,"enemies":"The Mushroom Lair","floor":7,"turns":3},{"damage":13,"enemies":"3 Sentries","floor":11,"turns":5},{"damage":12,"enemies":"Gremlin Nob","floor":13,"turns":4},{"damage":0,"enemies":"2 Fungi Beasts","floor":14,"turns":2},{"damage":8,"enemies":"Slime Boss","floor":16,"turns":8},{"damage":11,"enemies":"Shell Parasite","floor":18,"turns":7},{"damage":0,"enemies":"Spheric Guardian","floor":22,"turns":4},{"damage":11,"enemies":"Slavers","floor":23,"turns":6},{"damage":42,"enemies":"Gremlin Leader","floor":25,"turns":10},{"damage":0,"enemies":"Shelled Parasite and Fungi","floor":27,"turns":6},{"damage":0,"enemies":"Centurion and Healer","floor":28,"turns":8},{"damage":0,"enemies":"Snecko","floor":29,"turns":6},{"damage":10,"enemies":"Shelled Parasite and Fungi","floor":31,"turns":6},{"damage":20,"enemies":"Automaton","floor":33,"turns":11},{"damage":0,"enemies":"3 Darklings","floor":35,"turns":11},{"damage":0,"enemies":"3 Shapes","floor":38,"turns":1},{"damage":0,"enemies":"Transient","floor":39,"turns":5},{"damage":0,"enemies":"3 Darklings","floor":41,"turns":4},{"damage":0,"enemies":"4 Shapes","floor":48,"turns":1},{"damage":28,"enemies":"Awakened One","floor":50,"turns":10}],"seed_played":"-6862105384168375163","potions_obtained":[{"floor":2,"key":"PotionOfCapacity"},{"floor":7,"key":"SpeedPotion"},{"floor":13,"key":"DistilledChaos"},{"floor":16,"key":"Explosive Potion"},{"floor":18,"key":"SkillPotion"},{"floor":25,"key":"Block Potion"},{"floor":27,"key":"Swift Potion"},{"floor":31,"key":"Regen Potion"}],"is_trial":false,"path_per_floor":["M","M","$","M","M","R","?","R","T","R","E","?","E","M","R","B",null,"M","$","?","T","M","E","R","E","T","M","M","M","R","M","R","B",null,"M","$","?","M","M","R","M","R","T","R","?","R","$","M","R","B",null],"character_chosen":"DEFECT","items_purchased":["Runic Capacitor","Go for the Eyes","All For One","DollysMirror","Steam","Flash of Steel","PreservedInsect","Bag of Marbles"],"campfire_rested":1,"item_purchase_floors":[3,3,3,19,19,36,36,36],"current_hp_per_floor":[68,67,67,67,60,60,44,44,44,44,31,31,19,19,19,11,68,57,57,57,57,57,46,46,4,4,4,4,4,24,14,14,9,68,68,68,68,68,68,68,68,68,68,68,68,68,68,68,68,40],"gold":42,"neow_bonus":"TWO_FIFTY_GOLD","is_daily":false,"chose_seed":false,"campfire_upgraded":11,"win_rate":0.0,"timestamp":1613260835,"path_taken":["M","M","$","M","M","R","?","R","T","R","E","?","E","M","R","BOSS","M","$","?","?","M","E","R","E","T","M","M","M","R","M","R","BOSS","M","$","?","M","M","R","M","R","T","R","?","R","$","?","R","BOSS"],"items_purchased_type":["Relic","Card","Card","Relic","Card","Card","Relic","Relic"],"build_version":"2020-12-22","purchased_purges":2,"victory":true,"max_hp_per_floor":[68,68,68,68,68,68,68,68,68,68,68,68,68,68,68,68,68,68,68,68,68,68,68,68,68,68,68,68,68,68,68,68,68,68,68,68,68,68,68,68,68,68,68,68,68,68,68,68,68,68],"card_choices":[{"not_picked":["Compile Driver","Barrage"],"picked":"Rebound","floor":1},{"not_picked":["Hologram","Redo"],"picked":"Gash","floor":2},{"not_picked":["Force Field","Hyperbeam","Consume"],"picked":"SKIP","floor":4},{"not_picked":["Barrage","Rebound"],"picked":"Lockon","floor":5},{"not_picked":["Static Discharge+1","Rip and Tear"],"picked":"Reinforced Body","floor":11},{"not_picked":["Redo","Streamline","Hologram"],"picked":"SKIP","floor":13},{"not_picked":["Rebound","Turbo"],"picked":"Steam","floor":14},{"not_picked":["Thunder Strike","Creative AI+1"],"picked":"Seek","floor":16},{"not_picked":["Rebound","Redo"],"picked":"Coolheaded","floor":18},{"not_picked":["Ball Lightning","Leap"],"picked":"Coolheaded","floor":22},{"not_picked":["Hello World+1","Ball Lightning","Lockon"],"picked":"SKIP","floor":23},{"not_picked":["Ball Lightning","Lockon"],"picked":"Hello World+1","floor":23},{"not_picked":["Darkness","Force Field"],"picked":"Echo Form+1","floor":25},{"not_picked":["Redo","Steam Power"],"picked":"Glacier","floor":27},{"not_picked":["Coolheaded","Stack"],"picked":"Cold Snap+1","floor":28},{"not_picked":["Streamline","Rebound","Hello World+1"],"picked":"SKIP","floor":29},{"not_picked":["Cold Snap","Streamline+1"],"picked":"Capacitor+1","floor":31},{"not_picked":["Thunder Strike","Amplify"],"picked":"Biased Cognition+1","floor":33},{"not_picked":["Storm+1","Compile Driver+1","Aggregate+1"],"picked":"SKIP","floor":35},{"not_picked":["Storm+1","Compile Driver+1"],"picked":"Aggregate+1","floor":35},{"not_picked":["Recycle","Skim+1"],"picked":"BootSequence+1","floor":38},{"not_picked":["Sweeping Beam+1","Turbo"],"picked":"Go for the Eyes+1","floor":39},{"not_picked":["Barrage+1","Sweeping Beam+1"],"picked":"Gash","floor":41},{"not_picked":["Doom and Gloom","Compile Driver"],"picked":"White Noise+1","floor":48}],"player_experience":146106,"relics_obtained":[{"floor":7,"key":"Odd Mushroom"},{"floor":9,"key":"Frozen Egg 2"},{"floor":11,"key":"CeramicFish"},{"floor":13,"key":"Oddly Smooth Stone"},{"floor":21,"key":"Ornamental Fan"},{"floor":23,"key":"Unceasing Top"},{"floor":25,"key":"Shuriken"},{"floor":26,"key":"Centennial Puzzle"},{"floor":43,"key":"Blue Candle"}],"event_choices":[{"damage_healed":0,"gold_gain":0,"player_choice":"Fought Mushrooms","damage_taken":0,"max_hp_gain":0,"max_hp_loss":0,"event_name":"Mushrooms","floor":7,"gold_loss":0},{"damage_healed":0,"gold_gain":0,"player_choice":"Grow","damage_taken":0,"max_hp_gain":0,"max_hp_loss":0,"event_name":"Living Wall","floor":12,"gold_loss":0,"cards_upgraded":["All For One"]},{"damage_healed":0,"gold_gain":0,"player_choice":"Ignored","damage_taken":0,"max_hp_gain":0,"max_hp_loss":0,"event_name":"betterNote:BetterNote","floor":20,"gold_loss":0,"cards_obtained":["Ragnarok"]},{"damage_healed":0,"gold_gain":0,"player_choice":"Paid","damage_taken":0,"relics_obtained":["Red Mask"],"max_hp_gain":0,"max_hp_loss":0,"event_name":"Tomb of Lord Red Mask","floor":37,"gold_loss":20},{"damage_healed":0,"gold_gain":0,"player_choice":"Paid Gold","damage_taken":0,"relics_obtained":["Regal Pillow"],"max_hp_gain":0,"max_hp_loss":0,"event_name":"WeMeetAgain","floor":45,"gold_loss":61}],"is_beta":false,"boss_relics":[{"not_picked":["Busted Crown","Calling Bell"],"picked":"SlaversCollar"},{"not_picked":["Black Star","Tiny House"],"picked":"Sozu"}],"items_purged_floors":[19,36],"is_endless":false,"potions_floor_spawned":[2,7,13,16,18,25,27,31,38],"ascension_level":1}}