{"host":"8is2j71l4wmybkoi","time":1613300447,"event":{"mods":["AchievementEnabler","BaseMod","Colored Map","DeckTracker","Minty Spire (QoL Compilation)","Rare Cards Sparkle","Relic Stats","StSLib","SuperFastMode"],"gold_per_floor":[110,160,179,25,175,175,202,34,34,65,85,85,160,188,188,188,188],"floor_reached":16,"language":"KOR","playtime":382,"items_purged":["Strike_R","Doubt"],"score":247,"play_id":"b04eabd6-c69e-473a-93c6-849ef9b91b38","local_time":"20210214200047","is_ascension_mode":true,"campfire_choices":[{"data":"Whirlwind","floor":6,"key":"SMITH"},{"data":"Blood for Blood","floor":15,"key":"SMITH"}],"circlet_count":0,"master_deck":["AscendersBane","Strike_R","Strike_R","Strike_R","Defend_R","Defend_R","Defend_R","Defend_R","Bash","Seeing Red","Reckless Charge","Whirlwind+1","Blood for Blood+1","Inflame","Spot Weakness","Fire Breathing+1"],"relics":["Burning Blood","NeowsBlessing","MealTicket","Frozen Egg 2","Gremlin Horn","Anchor"],"acts_visited":["Exordium"],"potions_floor_usage":[10,16],"damage_taken":[{"damage":0,"enemies":"Small Slimes","floor":1,"turns":1},{"damage":0,"enemies":"Cultist","floor":3,"turns":1},{"damage":0,"enemies":"Gremlin Nob","floor":7,"turns":1},{"damage":20,"enemies":"Lagavulin","floor":10,"turns":7},{"damage":3,"enemies":"2 Louse","floor":11,"turns":2},{"damage":10,"enemies":"3 Sentries","floor":14,"turns":2},{"damage":48,"enemies":"The Guardian","floor":16,"turns":9}],"seed_played":"-466908774281172782","potions_obtained":[{"floor":1,"key":"Explosive Potion"},{"floor":10,"key":"ColorlessPotion"},{"floor":11,"key":"LiquidBronze"}],"is_trial":false,"path_per_floor":["M","?","M","$","?","R","E","$","T","E","M","?","?","E","R","B"],"character_chosen":"IRONCLAD","items_purchased":["Whirlwind","Inflame"],"campfire_rested":0,"item_purchase_floors":[4,8],"current_hp_per_floor":[74,67,73,73,73,73,75,75,75,61,64,57,46,42,42,0,0],"gold":188,"neow_bonus":"THREE_ENEMY_KILL","is_daily":false,"chose_seed":false,"campfire_upgraded":2,"win_rate":0.0,"timestamp":1613300447,"path_taken":["M","?","?","?","?","R","E","$","T","E","M","?","?","E","R","BOSS"],"items_purchased_type":["Card","Card"],"build_version":"2020-12-22","purchased_purges":2,"victory":false,"max_hp_per_floor":[75,75,75,75,75,75,75,75,75,75,75,75,75,75,75,75,75],"relic_stats":{"Gremlin Horn":[2,2],"counters":[7,23],"MealTicket":0,"obtain_stats":[{"Anchor":14,"NeowsBlessing":0,"Gremlin Horn":10,"MealTicket":7,"Frozen Egg 2":9,"Burning Blood":0},{"Anchor":6,"NeowsBlessing":0,"Gremlin Horn":4,"MealTicket":3,"Frozen Egg 2":3,"Burning Blood":0},{"Anchor":14,"NeowsBlessing":0,"Gremlin Horn":10,"MealTicket":3,"Frozen Egg 2":3,"Burning Blood":0}],"Burning Blood":32},"card_choices":[{"not_picked":["Pommel Strike","Anger"],"picked":"Seeing Red","floor":1},{"not_picked":["Sword Boomerang","Flex"],"picked":"Reckless Charge","floor":3},{"not_picked":["Sword Boomerang","Reaper"],"picked":"Blood for Blood","floor":7},{"not_picked":["Twin Strike","Iron Wave"],"picked":"Spot Weakness","floor":10},{"not_picked":["True Grit","Havoc","Body Slam"],"picked":"SKIP","floor":11},{"not_picked":["Havoc","Shrug It Off"],"picked":"Fire Breathing+1","floor":14}],"player_experience":1201573,"relics_obtained":[{"floor":7,"key":"MealTicket"},{"floor":9,"key":"Frozen Egg 2"},{"floor":10,"key":"Gremlin Horn"},{"floor":14,"key":"Anchor"}],"event_choices":[{"damage_healed":0,"gold_gain":50,"player_choice":"Touch","damage_taken":7,"max_hp_gain":0,"max_hp_loss":0,"event_name":"FaceTrader","floor":2,"gold_loss":0},{"damage_healed":0,"gold_gain":150,"player_choice":"AGREE","damage_taken":0,"max_hp_gain":0,"max_hp_loss":0,"event_name":"Liars Game","floor":5,"gold_loss":0,"cards_obtained":["Doubt"]},{"cards_removed":["Strike_R"],"damage_healed":0,"gold_gain":0,"player_choice":"Card Removal","damage_taken":7,"max_hp_gain":0,"max_hp_loss":0,"event_name":"Golden Wing","floor":12,"gold_loss":0},{"damage_healed":0,"gold_gain":75,"player_choice":"Gather Gold","damage_taken":11,"max_hp_gain":0,"max_hp_loss":0,"event_name":"World of Goop","floor":13,"gold_loss":0}],"is_beta":false,"boss_relics":[],"items_purged_floors":[4,8],"is_endless":false,"potions_floor_spawned":[1,10,11],"killed_by":"The Guardian","ascension_level":15}}