{"host":"ywa7jah0kefkv8nt","time":1613307779,"event":{"mods":["ATMod(°¢èªMod)","Act Like it!","Arknights","BaseMod","Better Note","Better Third Choice","Hermit","Minty Spire (QoL Compilation)","MostiFishMod","Quarter Circle Forward PUNCH!","Reliquary","Replay The Spire","Spicy Shops","StSLib","¡¾ÒÅÎï¿¨ÅÆ¡¿REMEMod","²ÐÁôÖ®Îï"],"gold_per_floor":[110,129,148,159,178,209,209,219,219,229,11,11,29,43,43,140,140,157,57,57,23,23,52,52,52,52],"floor_reached":25,"language":"ZHS","playtime":1272,"items_purged":["hermit:Defend_Hermit","hermit:TakeAim"],"score":225,"play_id":"75e45092-ecac-4ba5-98d3-752180a80f50","local_time":"20210214070259","is_ascension_mode":false,"campfire_choices":[{"data":"hermit:Reprieve","floor":12.0,"key":"SMITH"},{"floor":15.0,"key":"RECALL"},{"data":"hermit:BodyArmor","floor":24,"key":"SMITH"}],"circlet_count":0,"master_deck":["hermit:Strike_Hermit","hermit:Strike_Hermit","hermit:Strike_Hermit","hermit:Strike_Hermit","hermit:Defend_Hermit","hermit:Defend_Hermit","hermit:Defend_Hermit","hermit:Snapshot","hermit:Covet","hermit:Reprieve+1","AT_ShrugMaster","hermit:Maintenance+1","hermit:BodyArmor+1","hermit:SprayPray","hermit:Deadeye+1","hermit:Vantage","hermit:FullyLoaded+1","hermit:FinalCanter","hermit:EyeOfTheStorm","hermit:HighNoon+1","hermit:Maintenance+1","hermit:TrackingShot+1","hermit:Maintenance+1","hermit:Purgatory"],"relics":["hermit:Momento","AT_ATBox","REME_ComplimentaryCards","DaveBox","ArrowTower","NeowsBlessing","SynthV:TestCard","StrikeDummy","AT_SilvercatRing","Technique","Replay:Grab Bag","Philosopher\u0027s Stone","Coffee Dripper","Black Star","PlaceholderMod:DeVermisMysteriis","reliquary:TridentHead"],"acts_visited":["Exordium","TheCity"],"potions_floor_usage":[23,23,23],"damage_taken":[{"damage":0.0,"enemies":"Cultist","floor":1.0,"turns":1.0},{"damage":0.0,"enemies":"2 Louse","floor":2.0,"turns":1.0},{"damage":0.0,"enemies":"Jaw Worm","floor":3.0,"turns":1.0},{"damage":3.0,"enemies":"Red Slaver","floor":4.0,"turns":3.0},{"damage":15.0,"enemies":"Exordium Thugs","floor":5.0,"turns":3.0},{"damage":14.0,"enemies":"3 Sentries","floor":6.0,"turns":5.0},{"damage":5.0,"enemies":"Looter","floor":8.0,"turns":3.0},{"damage":4.0,"enemies":"Large Slime","floor":10.0,"turns":4.0},{"damage":4.0,"enemies":"2 Fungi Beasts","floor":13.0,"turns":3.0},{"damage":7.0,"enemies":"Blue Slaver","floor":14.0,"turns":3.0},{"damage":16.0,"enemies":"The Guardian","floor":16.0,"turns":8.0},{"damage":28.0,"enemies":"3 Byrds","floor":18.0,"turns":4.0},{"damage":44,"enemies":"REME_1_Revenger","floor":23,"turns":4},{"damage":30,"enemies":"Book of Stabbing","floor":25,"turns":2}],"seed_played":"3988801736997706052","potions_obtained":[{"floor":3.0,"key":"FearPotion"},{"floor":4.0,"key":"DuplicationPotion"},{"floor":8.0,"key":"Weak Potion"},{"floor":16.0,"key":"PowerPotion"},{"floor":18.0,"key":"Adrenaline Potion"}],"is_trial":false,"path_per_floor":["M","M","M","M","M","E","?","M","T","M","$","R","M","M","R","B",null,"M","$","?","$","?","E","R","E"],"character_chosen":"HERMIT","items_purchased":["Technique","hermit:TrackingShot+1"],"campfire_rested":0,"item_purchase_floors":[11,21],"current_hp_per_floor":[75,75,75,72,61,51,51,46,46,42,42,42,38,31,31,15,75,47,47,47,47,47,7,7,0,0],"gold":52,"neow_bonus":"THREE_ENEMY_KILL","is_daily":false,"chose_seed":false,"campfire_upgraded":2,"win_rate":0.0,"timestamp":1613307779,"path_taken":["M","M","M","?","M","E","?","?","T","M","$","R","M","M","R","BOSS","M","$","?","$","?","E","R","E"],"items_purchased_type":["Relic","Card"],"build_version":"2020-12-22","purchased_purges":2,"victory":false,"max_hp_per_floor":[75,75,75,75,75,75,75,75,75,75,75,75,75,75,75,75,75,75,75,75,75,75,75,75,75,75],"card_choices":[{"not_picked":["hermit:NoHoldsBarred","hermit:ItchyTrigger"],"picked":"hermit:Maintenance","floor":1.0},{"not_picked":["hermit:ShadowCloak","hermit:Grudge","hermit:CalledShot","hermit:Quickdraw"],"picked":"hermit:BodyArmor","floor":2.0},{"not_picked":["hermit:BodyArmor","hermit:PistolWhip","hermit:Glare","hermit:LoneWolf"],"picked":"hermit:SprayPray","floor":3.0},{"not_picked":["hermit:Virtue","hermit:BodyArmor","hermit:Dive","hermit:Gestalt"],"picked":"hermit:Deadeye","floor":4.0},{"not_picked":["hermit:GhostlyPresence","hermit:Virtue","hermit:Glare","hermit:Quickdraw"],"picked":"hermit:Vantage","floor":5.0},{"not_picked":["hermit:Feint","hermit:Maintenance","hermit:Quickdraw","hermit:Headshot"],"picked":"hermit:FullyLoaded","floor":6.0},{"not_picked":["hermit:NoHoldsBarred","hermit:Desperado","hermit:HighCaliber","hermit:Misfire"],"picked":"hermit:FinalCanter","floor":8.0},{"not_picked":["hermit:Feint","hermit:Gestalt","hermit:ItchyTrigger","hermit:Deadeye"],"picked":"hermit:EyeOfTheStorm","floor":10.0},{"not_picked":["hermit:BigShot","hermit:TakeCover","hermit:Malice","hermit:HoleUp"],"picked":"hermit:TakeAim","floor":13.0},{"not_picked":["hermit:CalledShot","hermit:HighCaliber","hermit:Midnight","hermit:Feint","hermit:Vantage"],"picked":"SKIP","floor":14.0},{"not_picked":["hermit:RoundhouseKick","hermit:FromBeyond","hermit:HeroicBravado","hermit:OverwhelmingPower"],"picked":"hermit:HighNoon","floor":16.0},{"not_picked":["hermit:BodyArmor+1","hermit:Roulette","hermit:ItchyTrigger","hermit:Quickdraw"],"picked":"hermit:Maintenance+1","floor":18.0},{"not_picked":["hermit:Malice","hermit:Desperado","hermit:Feint","hermit:ItchyTrigger"],"picked":"hermit:Purgatory","floor":23}],"player_experience":255798,"relics_obtained":[{"floor":1.0,"key":"SynthV:TestCard"},{"floor":6.0,"key":"StrikeDummy"},{"floor":9.0,"key":"AT_SilvercatRing"},{"floor":23,"key":"PlaceholderMod:DeVermisMysteriis"},{"floor":23,"key":"reliquary:TridentHead"}],"event_choices":[{"damage_healed":0.0,"max_hp_gain":0.0,"max_hp_loss":0.0,"gold_gain":0.0,"event_name":"betterNote:BetterNote","player_choice":"Ignored","floor":7.0,"gold_loss":0.0,"damage_taken":0.0,"cards_obtained":["PlaceholderMod:QualitativeChange"]},{"damage_healed":0.0,"max_hp_gain":0.0,"max_hp_loss":0.0,"gold_gain":0.0,"event_name":"Ghosts","player_choice":"Ignored","floor":20.0,"gold_loss":0.0,"damage_taken":0.0},{"damage_healed":0.0,"max_hp_gain":0.0,"max_hp_loss":0.0,"gold_gain":0.0,"event_name":"Duplicator","player_choice":"Copied","floor":22.0,"gold_loss":0.0,"damage_taken":0.0,"cards_obtained":["hermit:Maintenance"]}],"is_beta":false,"boss_relics":[{"not_picked":["Runic Pyramid","Kintsugi"],"picked":"Replay:Grab Bag"},{"not_picked":["Fusion Hammer","Sozu"],"picked":"Philosopher\u0027s Stone"},{"not_picked":["Busted Crown","SlaversCollar"],"picked":"Coffee Dripper"},{"not_picked":["Ring of Chaos","REME_DuelDisc"],"picked":"Black Star"}],"items_purged_floors":[11,19],"is_endless":false,"potions_floor_spawned":[3,4,8,10,13,16,18],"killed_by":"Book of Stabbing","ascension_level":0}}