{"host":"4epvxsx6d4oxmc67","time":1613341233,"event":{"mods":["AchievementEnabler","BaseMod","Colored Map","Highlight Path","Minty Spire (QoL Compilation)"],"gold_per_floor":[115,134,150,163,173,173,184,184,211,211,286,300,336,361,361,480,480,500,347,347,262,361,361,374,374,374,374,374],"floor_reached":27,"language":"ENG","playtime":1262,"items_purged":["Injury"],"score":236,"play_id":"9623c824-14dd-45ab-bef8-aa22bbc7e937","local_time":"20210214222033","is_ascension_mode":true,"campfire_choices":[{"data":"Footwork","floor":6.0,"key":"SMITH"},{"data":"Neutralize","floor":10.0,"key":"SMITH"},{"floor":15.0,"key":"REST"},{"data":"Adrenaline","floor":23.0,"key":"SMITH"},{"data":"Footwork","floor":25.0,"key":"SMITH"}],"circlet_count":0,"master_deck":["Survivor","Neutralize+1","Blade Dance","PiercingWail","Finisher","Terror","Footwork+1","Deadly Poison","Backflip","Sucker Punch","Dagger Throw","Envenom","A Thousand Cuts","A Thousand Cuts","Backstab","Accuracy","Acrobatics","Noxious Fumes","Footwork+1","Dagger Spray","Adrenaline+1","Blade Dance","Noxious Fumes+1","Riddle With Holes","Blur"],"relics":["Ring of the Snake","Golden Idol","Ancient Tea Set","Odd Mushroom","Pandora\u0027s Box","Letter Opener","Juzu Bracelet"],"acts_visited":["Exordium","TheCity"],"potions_floor_usage":[27,27],"damage_taken":[{"damage":0.0,"enemies":"Cultist","floor":1.0,"turns":3.0},{"damage":0.0,"enemies":"2 Louse","floor":2.0,"turns":2.0},{"damage":0.0,"enemies":"Small Slimes","floor":3.0,"turns":4.0},{"damage":5.0,"enemies":"3 Louse","floor":4.0,"turns":3.0},{"damage":2.0,"enemies":"Large Slime","floor":5.0,"turns":6.0},{"damage":0.0,"enemies":"2 Fungi Beasts","floor":7.0,"turns":5.0},{"damage":0.0,"enemies":"3 Louse","floor":12.0,"turns":4.0},{"damage":12.0,"enemies":"The Mushroom Lair","floor":13.0,"turns":4.0},{"damage":5.0,"enemies":"Red Slaver","floor":14.0,"turns":3.0},{"damage":16.0,"enemies":"The Guardian","floor":16.0,"turns":13.0},{"damage":3.0,"enemies":"3 Byrds","floor":18.0,"turns":4.0},{"damage":17.0,"enemies":"Shell Parasite","floor":24.0,"turns":4.0},{"damage":50,"enemies":"Book of Stabbing","floor":27,"turns":4}],"seed_played":"9168728034766601107","potions_obtained":[{"floor":1.0,"key":"GamblersBrew"},{"floor":3.0,"key":"Explosive Potion"},{"floor":4.0,"key":"SteroidPotion"},{"floor":5.0,"key":"DistilledChaos"},{"floor":13.0,"key":"ColorlessPotion"},{"floor":14.0,"key":"PowerPotion"},{"floor":24.0,"key":"LiquidMemories"}],"is_trial":false,"path_per_floor":["M","M","M","M","M","R","M","?","T","R","?","M","?","M","R","B",null,"M","$","?","?","?","R","M","R","T","E"],"character_chosen":"THE_SILENT","items_purchased":["Riddle With Holes"],"campfire_rested":1,"item_purchase_floors":[19],"current_hp_per_floor":[70,70,70,65,63,63,63,63,63,63,52,52,40,35,56,40,70,67,67,67,67,67,67,50,50,50,0,0],"gold":374,"neow_bonus":"THREE_CARDS","is_daily":false,"chose_seed":false,"campfire_upgraded":4,"win_rate":0.0,"timestamp":1613341233,"path_taken":["M","M","?","M","M","R","M","?","T","R","?","M","?","M","R","BOSS","M","$","?","?","?","R","M","R","T","E"],"items_purchased_type":["Card"],"build_version":"2020-12-22","purchased_purges":1,"victory":false,"max_hp_per_floor":[70,70,70,70,70,70,70,70,70,70,70,70,70,70,70,70,70,70,70,70,70,70,70,70,70,70,70,70],"card_choices":[{"not_picked":["Deadly Poison","Sucker Punch"],"picked":"Blade Dance","floor":0.0},{"not_picked":["All Out Attack","Tactician","Calculated Gamble"],"picked":"SKIP","floor":1.0},{"not_picked":["Sucker Punch","Concentrate"],"picked":"PiercingWail","floor":2.0},{"not_picked":["Acrobatics","Deadly Poison"],"picked":"Finisher","floor":3.0},{"not_picked":["Sucker Punch","Flying Knee"],"picked":"Terror","floor":4.0},{"not_picked":["Deflect","Blade Dance"],"picked":"Footwork","floor":5.0},{"not_picked":["Outmaneuver","Backflip"],"picked":"Deadly Poison","floor":7.0},{"not_picked":["Eviscerate","All Out Attack"],"picked":"Backflip","floor":12.0},{"not_picked":["Heel Hook","A Thousand Cuts"],"picked":"Sucker Punch","floor":13.0},{"not_picked":["Cloak And Dagger","Crippling Poison"],"picked":"Dagger Throw","floor":14.0},{"not_picked":["Corpse Explosion","Storm of Steel"],"picked":"Envenom","floor":16.0},{"not_picked":["Riddle With Holes","Flying Knee"],"picked":"Noxious Fumes+1","floor":18.0},{"not_picked":["Dagger Throw","Deflect"],"picked":"Blur","floor":24.0}],"player_experience":125207,"relics_obtained":[{"floor":9.0,"key":"Ancient Tea Set"},{"floor":13.0,"key":"Odd Mushroom"},{"floor":26.0,"key":"Juzu Bracelet"}],"event_choices":[{"damage_healed":0.0,"max_hp_gain":0.0,"max_hp_loss":0.0,"gold_gain":0.0,"event_name":"Golden Idol","player_choice":"Take Wound","floor":8.0,"gold_loss":0.0,"damage_taken":0.0,"relics_obtained":["Golden Idol"],"cards_obtained":["Injury"]},{"damage_healed":0.0,"max_hp_gain":0.0,"max_hp_loss":0.0,"gold_gain":75.0,"event_name":"World of Goop","player_choice":"Gather Gold","floor":11.0,"gold_loss":0.0,"damage_taken":11.0},{"damage_healed":0.0,"max_hp_gain":0.0,"max_hp_loss":0.0,"gold_gain":0.0,"event_name":"Mushrooms","player_choice":"Fought Mushrooms","floor":13.0,"gold_loss":0.0,"damage_taken":0.0},{"damage_healed":0.0,"max_hp_gain":0.0,"max_hp_loss":0.0,"gold_gain":0.0,"event_name":"Vampires","player_choice":"Ignored","floor":20.0,"gold_loss":0.0,"damage_taken":0.0},{"damage_healed":0.0,"max_hp_gain":0.0,"max_hp_loss":0.0,"gold_gain":0.0,"event_name":"Addict","player_choice":"Obtained Relic","floor":21.0,"gold_loss":85.0,"damage_taken":0.0,"relics_obtained":["Letter Opener"]},{"damage_healed":0.0,"max_hp_gain":0.0,"max_hp_loss":0.0,"gold_gain":99.0,"event_name":"Nest","player_choice":"Stole From Cult","floor":22.0,"gold_loss":0.0,"damage_taken":0.0}],"is_beta":false,"boss_relics":[{"not_picked":["Astrolabe","Philosopher\u0027s Stone"],"picked":"Pandora\u0027s Box"}],"items_purged_floors":[19],"is_endless":false,"potions_floor_spawned":[1,3,4,5,13,14,16,24],"killed_by":"Book of Stabbing","ascension_level":3}}