{"host":"1ie89x0glpq08u84","time":1613334761,"event":{"mods":["AchievementEnabler","BaseMod","Highlight Path","Minty Spire (QoL Compilation)","StSLib","Unceasing Turn Reminder"],"gold_per_floor":[112,187,201,201,215,250,312,338,338,355,368,368,333,349,349,349,349],"floor_reached":16,"language":"ENG","playtime":453,"items_purged":[],"score":212,"play_id":"3843b97f-590d-4629-8874-8b2aac8121af","local_time":"20210214153241","is_ascension_mode":true,"campfire_choices":[{"floor":12,"key":"REST"},{"data":"Tantrum","floor":15,"key":"SMITH"}],"circlet_count":0,"master_deck":["AscendersBane","Strike_P","Strike_P","Strike_P","Strike_P","Defend_P","Defend_P","Defend_P","Defend_P","Eruption","Vigilance","Crescendo","FlyingSleeves","EmptyFist","EmptyBody","SpiritShield","BowlingBash","Tantrum+1","BowlingBash","FearNoEvil","Swivel"],"relics":["PureWater","NeowsBlessing","Dream Catcher","FossilizedHelix","Toy Ornithopter","Pantograph"],"acts_visited":["Exordium"],"potions_floor_usage":[6,7,10],"damage_taken":[{"damage":0,"enemies":"Small Slimes","floor":1,"turns":1},{"damage":0,"enemies":"2 Louse","floor":3,"turns":1},{"damage":0,"enemies":"Cultist","floor":5,"turns":1},{"damage":32,"enemies":"3 Sentries","floor":6,"turns":7},{"damage":26,"enemies":"Gremlin Nob","floor":7,"turns":4},{"damage":0,"enemies":"Gremlin Nob","floor":8,"turns":3},{"damage":0,"enemies":"Large Slime","floor":10,"turns":3},{"damage":0,"enemies":"Lots of Slimes","floor":11,"turns":4},{"damage":8,"enemies":"Red Slaver","floor":14,"turns":4},{"damage":69,"enemies":"Hexaghost","floor":16,"turns":9}],"seed_played":"-8260700846748198088","potions_obtained":[{"floor":3,"key":"PowerPotion"},{"floor":6,"key":"BlessingOfTheForge"},{"floor":8,"key":"Fire Potion"},{"floor":11,"key":"EssenceOfSteel"}],"is_trial":false,"path_per_floor":["M","?","M","?","M","E","?","E","T","M","M","R","?","M","R","B"],"character_chosen":"WATCHER","items_purchased":[],"campfire_rested":1,"item_purchase_floors":[],"current_hp_per_floor":[65,54,54,59,59,27,1,1,1,6,6,29,48,40,40,0,0],"gold":349,"neow_bonus":"THREE_ENEMY_KILL","is_daily":false,"chose_seed":false,"campfire_upgraded":1,"win_rate":0.0,"timestamp":1613334761,"path_taken":["M","?","M","?","M","E","?","E","T","M","M","R","?","M","R","BOSS"],"items_purchased_type":[],"build_version":"2020-12-22","purchased_purges":0,"victory":false,"max_hp_per_floor":[72,72,72,77,77,77,77,77,77,77,77,77,77,77,77,77,77],"card_choices":[{"not_picked":["ClearTheMind","Evaluate"],"picked":"Crescendo","floor":1},{"not_picked":["CrushJoints","FlurryOfBlows"],"picked":"FlyingSleeves","floor":3},{"not_picked":["InnerPeace","EmptyBody"],"picked":"EmptyFist","floor":5},{"not_picked":["EmptyFist","JustLucky"],"picked":"EmptyBody","floor":6},{"not_picked":["PathToVictory","CutThroughFate"],"picked":"SpiritShield","floor":7},{"not_picked":["SignatureMove","Indignation"],"picked":"BowlingBash","floor":8},{"not_picked":["FlurryOfBlows","Consecrate"],"picked":"Tantrum","floor":10},{"not_picked":["FollowUp","ClearTheMind"],"picked":"BowlingBash","floor":11},{"not_picked":["ForeignInfluence","Fasting2"],"picked":"FearNoEvil","floor":12},{"not_picked":["JustLucky","EmptyBody"],"picked":"Swivel","floor":14}],"player_experience":413619,"relics_obtained":[{"floor":6,"key":"Dream Catcher"},{"floor":7,"key":"FossilizedHelix"},{"floor":8,"key":"Toy Ornithopter"},{"floor":9,"key":"Pantograph"}],"event_choices":[{"damage_healed":0,"gold_gain":75,"player_choice":"Gather Gold","damage_taken":11,"max_hp_gain":0,"max_hp_loss":0,"event_name":"World of Goop","floor":2,"gold_loss":0},{"damage_healed":0,"gold_gain":0,"player_choice":"Donut","damage_taken":0,"max_hp_gain":5,"max_hp_loss":0,"event_name":"Big Fish","floor":4,"gold_loss":0},{"damage_healed":0,"gold_gain":0,"player_choice":"Searched \u00271\u0027 times","damage_taken":0,"max_hp_gain":0,"max_hp_loss":0,"event_name":"Dead Adventurer","floor":7,"gold_loss":0},{"damage_healed":19,"gold_gain":0,"player_choice":"Healed","damage_taken":0,"max_hp_gain":0,"max_hp_loss":0,"event_name":"The Cleric","floor":13,"gold_loss":35}],"is_beta":false,"boss_relics":[],"items_purged_floors":[],"is_endless":false,"potions_floor_spawned":[3,6,8,11],"killed_by":"Hexaghost","ascension_level":11}}