{"host":"nlbr7nnijupf3yfg","time":1613272452,"event":{"mods":["AchievementEnabler","BaseMod","BetterRewards","Colored Powertips","DeckTracker","Downfall","Hermit","Hubris","Infinite Spire","Minty Spire (QoL Compilation)","Quick Restart","Replay The Spire","StSLib","SuperFastMode"],"gold_per_floor":[115,132,132,145,109,137,150,169,169,150,150,165,182,193,193,292,292,311,311,311,311,327,327,359,359,359,359,385,385,579,597,597,701,701,717,179,179,229,248,248,281,281,281,300,209,0,14,42,42,42],"floor_reached":51,"language":"ENG","playtime":1643,"items_purged":[],"score":991,"play_id":"d649fc84-dc89-439c-b39b-1417eb31e065","local_time":"20210213221412","is_ascension_mode":true,"campfire_choices":[{"floor":15,"key":"REST"},{"floor":23,"key":"REST"},{"data":"Feel No Pain","floor":25,"key":"SMITH"},{"data":"infinitespire:OneForAll","floor":27,"key":"SMITH"},{"floor":32,"key":"REST"},{"data":"ReplayUltimateDefense","floor":40,"key":"SMITH"},{"data":"Exhume","floor":49,"key":"SMITH"}],"circlet_count":0,"master_deck":["Bash","Run Through","Self Repair+1","Anger","infinitespire:OneForAll+1","WeaponsOverheat","Ghostly Armor","Replay:Undeath\u0027s Touch","Anger","Thunderclap","Hemogenesis","Impervious","Havoc","Cleave","Mirror Shield","Impervious","Evolve","Offering","Feel No Pain+1","Power Through","Barricade+1","Flex","Clash+1","Cleave+1","Impervious","Twin Strike+1","Havoc+1","Exhume+1","Body Slam","Rupture","Rupture","ReplayUltimateDefense+1","Fire Breathing+1","Dual Wield","Seeing Red","Parasite","Havoc+1","Rupture","Shrug It Off+1","hubris:NaturalOne","Shrug It Off+1"],"relics":["NeowsBlessing","Iron Core","Strawberry","hubris:Potato","Pandora\u0027s Box","Nilry\u0027s Codex","hubris:Icosahedron","Juzu Bracelet","Mercury Hourglass","Toy Ornithopter","hubris:AstralHammer","Snecko Eye","hubris:Backtick","Dead Branch","Membership Card","Mummified Hand","Replay:Ringing Soul","hubris:FunFungus","Gremlin Horn","Vajra","PreservedInsect","infinitespire:Lucky Rock","Red Mask","Bottled Lightning"],"acts_visited":["Exordium","TheCity","TheBeyond"],"potions_floor_usage":[6,16,16,22,33,41,48,50],"damage_taken":[{"damage":0,"enemies":"Small Slimes","floor":1,"turns":1},{"damage":0,"enemies":"Jaw Worm","floor":2,"turns":1},{"damage":0,"enemies":"2 Louse","floor":4,"turns":1},{"damage":64,"enemies":"Replay:BlueRogue","floor":6,"turns":8},{"damage":16,"enemies":"2 Fungi Beasts","floor":7,"turns":4},{"damage":12,"enemies":"Looter","floor":8,"turns":4},{"damage":19,"enemies":"Exordium Thugs","floor":10,"turns":4},{"damage":4,"enemies":"Red Slaver","floor":12,"turns":3},{"damage":0,"enemies":"Large Slime","floor":13,"turns":5},{"damage":10,"enemies":"2 Fungi Beasts","floor":14,"turns":3},{"damage":42,"enemies":"Hexaghost","floor":16,"turns":9},{"damage":0,"enemies":"Shell Parasite","floor":18,"turns":9},{"damage":26,"enemies":"3 Byrds","floor":22,"turns":9},{"damage":1,"enemies":"Replay:Snechameleon","floor":24,"turns":12},{"damage":33,"enemies":"Gremlin Leader","floor":28,"turns":9},{"damage":0,"enemies":"Snake Plant","floor":31,"turns":6},{"damage":10,"enemies":"hubris:MusketHawk","floor":33,"turns":2},{"damage":9,"enemies":"3 Darklings","floor":35,"turns":5},{"damage":0,"enemies":"Mind Bloom Boss Battle","floor":38,"turns":6},{"damage":0,"enemies":"3 Shapes","floor":39,"turns":2},{"damage":0,"enemies":"Nightmare","floor":41,"turns":3},{"damage":27,"enemies":"Writhing Mass","floor":44,"turns":4},{"damage":0,"enemies":"3 Darklings","floor":47,"turns":3},{"damage":2,"enemies":"Nemesis","floor":48,"turns":5},{"damage":49,"enemies":"Time Eater","floor":50,"turns":13}],"seed_played":"-5658270713999731312","potions_obtained":[{"floor":1,"key":"SpeedPotion"},{"floor":4,"key":"Toxic Potion"},{"floor":8,"key":"champ:CounterPotion"},{"floor":12,"key":"SkillPotion"},{"floor":18,"key":"EssenceOfSteel"},{"floor":24,"key":"Swift Potion"},{"floor":35,"key":"Swift Potion"},{"floor":41,"key":"sneckomod:MuddlingPotion"}],"is_trial":false,"path_per_floor":["M","M","?","M","$","E","M","M","T","M","$","M","M","M","R","B",null,"M","?","?","?","M","R","E","R","T","R","E","AVR","?","M","R","B",null,"M","$","?","?","M","R","NM","AVR","T","M","$","?","M","E","R","B",null],"character_chosen":"IRONCLAD","items_purchased":["infinitespire:OneForAll","Membership Card","Mummified Hand","Rupture","Block Potion","Replay:Ringing Soul","ReplayUltimateDefense","Rupture","infinitespire:Lucky Rock"],"campfire_rested":3,"item_purchase_floors":[5,36,36,36,36,36,36,45,45],"current_hp_per_floor":[78,80,80,80,80,33,27,25,25,16,16,22,32,22,48,21,71,81,65,65,65,54,80,87,87,87,87,64,64,30,45,71,76,84,85,88,90,93,96,96,99,99,99,85,88,88,92,108,108,83],"gold":42,"neow_bonus":"THREE_ENEMY_KILL","is_daily":false,"chose_seed":false,"campfire_upgraded":4,"win_rate":0.0,"timestamp":1613272452,"path_taken":["M","M","?","M","$","E","M","M","T","M","$","M","M","M","R","BOSS","M","?","?","?","M","R","E","R","T","R","E","AVR","?","M","R","BOSS","M","$","?","?","M","R","NM","AVR","T","M","$","?","M","E","R","BOSS"],"items_purchased_type":["Card","Relic","Relic","Card","Potion","Relic","Card","Card","Relic"],"build_version":"2020-12-22","purchased_purges":0,"victory":true,"max_hp_per_floor":[80,80,80,80,80,87,87,87,87,87,87,87,87,87,87,87,87,87,87,87,87,87,87,87,87,87,87,87,87,87,87,87,87,87,87,90,90,93,96,96,99,99,99,102,105,105,108,111,111,111],"card_choices":[{"not_picked":["Blood for Blood","Clash"],"picked":"Replay:Undeath\u0027s Touch","floor":1},{"not_picked":["Entrench","Massacre"],"picked":"Run Through","floor":2},{"not_picked":["Flex","Combust"],"picked":"Anger","floor":4},{"not_picked":["Seeing Red","Dark Embrace"],"picked":"WeaponsOverheat","floor":6},{"not_picked":["Perfected Strike","Fire Breathing"],"picked":"Ghostly Armor","floor":7},{"not_picked":["Run Through","Heavy Blade"],"picked":"Replay:Undeath\u0027s Touch","floor":8},{"not_picked":["True Grit","Havoc"],"picked":"Anger","floor":10},{"not_picked":["Pommel Strike","Cleave"],"picked":"Thunderclap","floor":12},{"not_picked":["Recycle","Iron Wave","Second Wind"],"picked":"SKIP","floor":13},{"not_picked":["ReplayTheSpireMod:LeadingStrike","Body Slam"],"picked":"Hemogenesis","floor":14},{"not_picked":["Juggernaut","hubris:StunningStrike"],"picked":"Impervious","floor":16},{"not_picked":["Sword Boomerang","Dual Wield"],"picked":"Flex","floor":18},{"not_picked":["Pommel Strike+1","Iron Wave"],"picked":"Clash+1","floor":22},{"not_picked":["Headbutt","Sword Boomerang"],"picked":"Cleave+1","floor":24},{"not_picked":["Dual Wield","Perfected Strike"],"picked":"Impervious","floor":28},{"not_picked":["Thunderclap","ReplayTheSpireMod:Strike From Hell"],"picked":"Twin Strike+1","floor":30},{"not_picked":["Spot Weakness","True Grit"],"picked":"Havoc+1","floor":31},{"not_picked":["Fiend Fire","Feed"],"picked":"Exhume","floor":33},{"not_picked":["Clash","Iron Wave"],"picked":"Body Slam","floor":35},{"not_picked":["Heavy Blade+1","Replay:Undeath\u0027s Touch"],"picked":"Fire Breathing+1","floor":38},{"not_picked":["Anger+1","Twin Strike"],"picked":"Dual Wield","floor":39},{"not_picked":["Carnage","Body Slam+1"],"picked":"Seeing Red","floor":41},{"not_picked":["Life Link+1","Cleave+1"],"picked":"Havoc+1","floor":44},{"not_picked":["Flex","Dropkick+1"],"picked":"Shrug It Off+1","floor":47},{"not_picked":["Armaments","Body Slam"],"picked":"Shrug It Off+1","floor":48}],"player_experience":58636,"relics_obtained":[{"floor":6,"key":"Strawberry"},{"floor":9,"key":"hubris:Potato"},{"floor":19,"key":"Nilry\u0027s Codex"},{"floor":24,"key":"Juzu Bracelet"},{"floor":26,"key":"Mercury Hourglass"},{"floor":28,"key":"Toy Ornithopter"},{"floor":38,"key":"hubris:FunFungus"},{"floor":41,"key":"Gremlin Horn"},{"floor":43,"key":"PreservedInsect"},{"floor":48,"key":"Bottled Lightning"}],"event_choices":[{"damage_healed":0,"gold_gain":0,"player_choice":"Obtained Book","damage_taken":16,"max_hp_gain":0,"max_hp_loss":0,"event_name":"Cursed Tome","floor":19,"gold_loss":0},{"cards_removed":["Replay:Undeath\u0027s Touch"],"damage_healed":5,"gold_gain":0,"player_choice":"Offered Common","damage_taken":0,"max_hp_gain":0,"max_hp_loss":0,"event_name":"Bonfire Elementals","floor":37,"gold_loss":0},{"cards_removed":["Replay:Undeath\u0027s Touch"],"damage_healed":5,"gold_gain":0,"player_choice":"Offered Special","damage_taken":0,"max_hp_gain":0,"max_hp_loss":0,"event_name":"Bonfire Elementals","floor":37,"gold_loss":0},{"damage_healed":0,"gold_gain":0,"player_choice":"Fight","damage_taken":0,"max_hp_gain":0,"max_hp_loss":0,"event_name":"MindBloom","floor":38,"gold_loss":0},{"damage_healed":0,"gold_gain":0,"player_choice":"Paid","damage_taken":0,"relics_obtained":["Red Mask"],"max_hp_gain":0,"max_hp_loss":0,"event_name":"Tomb of Lord Red Mask","floor":46,"gold_loss":209}],"is_beta":false,"boss_relics":[{"not_picked":["ReplayTheSpireMod:DimensionalGlitch","hubris:TerracottaHorce"],"picked":"Pandora\u0027s Box"},{"not_picked":["Painkiller Herb","Empty Cage"],"picked":"hubris:Backtick"}],"items_purged_floors":[],"is_endless":false,"potions_floor_spawned":[1,4,8,12,18,24,31,35,38,41],"ascension_level":9}}