{"host":"8cqz7u612ax6p4mk","time":1613339085,"event":{"mods":["AchievementEnabler","BaseMod","Bestiary","Colored Map","DeckTracker","Highlight Path","Minty Spire (QoL Compilation)","Relic Stats","The Servant 0.9.4"],"gold_per_floor":[115,65,80,98,98,98,118,118,118,136,61,75,75,86,86,86,86],"floor_reached":16,"language":"ENG","playtime":793,"items_purged":["Strike_S"],"score":118,"play_id":"f72fa7f4-df33-408a-b76a-6f281700c7b4","local_time":"20210214164445","is_ascension_mode":true,"campfire_choices":[{"data":"RealityMarble","floor":6,"key":"SMITH"},{"floor":8,"key":"RECALL"},{"floor":13,"key":"REST"},{"floor":15,"key":"REST"}],"circlet_count":0,"master_deck":["Strike_S","Strike_S","Strike_S","Defend_S","Defend_S","Defend_S","KidneyShot","Exchange","PendulumOfEternity","TimeWarp","RealityMarble+1","Revamp+1","Misdirection","Moonlight"],"relics":["Uniform","StrikeDummy"],"acts_visited":["Exordium"],"potions_floor_usage":[16,16],"damage_taken":[{"damage":9,"enemies":"2 Louse","floor":1,"turns":2},{"damage":2,"enemies":"Cultist","floor":3,"turns":4},{"damage":7,"enemies":"Small Slimes","floor":4,"turns":5},{"damage":10,"enemies":"Gremlin Gang","floor":7,"turns":4},{"damage":13,"enemies":"Blue Slaver","floor":10,"turns":5},{"damage":10,"enemies":"Exordium Thugs","floor":12,"turns":5},{"damage":16,"enemies":"3 Louse","floor":14,"turns":4},{"damage":58,"enemies":"Slime Boss","floor":16,"turns":9}],"seed_played":"4633471748442413121","potions_obtained":[{"floor":1,"key":"Swift Potion"},{"floor":7,"key":"Regen Potion"},{"floor":14,"key":"Ancient Potion"}],"is_trial":false,"path_per_floor":["M","$","M","M","?","R","M","R","T","M","$","M","R","M","R","B"],"character_chosen":"THE_SERVANT","items_purchased":["TimeWarp"],"campfire_rested":2,"item_purchase_floors":[2],"current_hp_per_floor":[56,56,54,47,47,47,37,37,37,24,24,14,33,17,36,0,0],"gold":86,"neow_bonus":"TRANSFORM_CARD","is_daily":false,"chose_seed":false,"campfire_upgraded":1,"win_rate":0.0,"timestamp":1613339085,"path_taken":["M","$","M","M","?","R","?","R","T","M","$","M","R","M","R","BOSS"],"items_purchased_type":["Card"],"build_version":"2020-12-22","purchased_purges":1,"victory":false,"max_hp_per_floor":[65,65,65,65,65,65,65,65,65,65,65,65,65,65,65,65,65],"relic_stats":{"counters":[8,38],"obtain_stats":[{"Uniform":0,"StrikeDummy":9},{"Uniform":0,"StrikeDummy":4},{"Uniform":0,"StrikeDummy":15}]},"card_choices":[{"not_picked":["Manipulate","Starlight","Defy"],"picked":"SKIP","floor":1},{"not_picked":["Ricochet","Unruled"],"picked":"RealityMarble","floor":3},{"not_picked":["Deadline","Luminosity"],"picked":"Revamp","floor":4},{"not_picked":["Rearm","Read","Ricochet"],"picked":"SKIP","floor":7},{"not_picked":["Rearm","Hightail","Reset"],"picked":"SKIP","floor":10},{"not_picked":["Moonlight","Luminosity"],"picked":"Misdirection","floor":12},{"not_picked":["Read","StarChef"],"picked":"Moonlight","floor":14}],"player_experience":195230,"relics_obtained":[{"floor":9,"key":"StrikeDummy"}],"event_choices":[{"damage_healed":0,"gold_gain":0,"player_choice":"Forge","damage_taken":0,"max_hp_gain":0,"max_hp_loss":0,"event_name":"Accursed Blacksmith","floor":5,"gold_loss":0,"cards_upgraded":["Revamp"]}],"is_beta":false,"boss_relics":[],"items_purged_floors":[11],"is_endless":false,"potions_floor_spawned":[1,7,14],"killed_by":"Slime Boss","ascension_level":5}}