{"host":"t9zjxed0utvsfjwc","time":1613262606,"event":{"mods":["2.2 Compatiblity","Aspiration","BaseMod","Better Altar","Better Match","Better Note","Better Sensory Stone","Better Skull","Better Third Choice","Block Reminder","Colored Map","Colored Powertips","Custom Start","Downfall","Hermit","Highlight Path","Hubris","Infinite Spire","Marisa????????","Minty Spire (QoL Compilation)","Quick Restart","Rare Cards Sparkle","Reliquary","Replay The Spire","StSLib","The Cursed","The Marked","The Runesmith","Unceasing Turn Reminder","everything is the same but u backflip on backflip"],"gold_per_floor":[117,117,132,149,149,160,160,22,22,40,56,56,75,91,91,186,286,300,315,331,5,36,36,36,38,61,69,69],"floor_reached":27,"language":"ENG","playtime":869,"items_purged":["theMarked:Strike","theMarked:Strike"],"score":209,"play_id":"1841f2b7-e549-4823-9b4d-b4f61516c699","local_time":"20210214003006","is_ascension_mode":false,"campfire_choices":[{"data":"theMarked:SwordAndMagic","floor":7,"key":"SMITH"},{"floor":15,"key":"DIG"},{"data":"theMarked:EmpowerWeapon","floor":23,"key":"SMITH"}],"circlet_count":0,"master_deck":["theMarked:Strike","theMarked:Strike","theMarked:Defend","theMarked:Defend","theMarked:Defend","theMarked:Defend","theMarked:SoldierOfQuellstein+1","theMarked:SwordAndMagic+1","theMarked:EternalStudent","theMarked:EmpowerWeapon+1"],"relics":["theMarked:ArtifactOfAir","aspiration:Nostalgia","Sizzling Blood","Replay:Rubber Ducky","PreservedInsect","hubris:TenFootPole","Replay:Wanted Poster","infinitespire:Midas Blood","Gremlin Food"],"acts_visited":["Exordium","TheCity"],"potions_floor_usage":[13,16,18,20],"damage_taken":[{"damage":2,"enemies":"Small Slimes","floor":1,"turns":3},{"damage":0,"enemies":"2 Louse","floor":3,"turns":2},{"damage":0,"enemies":"Cultist","floor":4,"turns":3},{"damage":2,"enemies":"Blue Slaver","floor":6,"turns":4},{"damage":5,"enemies":"Looter","floor":10,"turns":2},{"damage":10,"enemies":"Exordium Thugs","floor":11,"turns":3},{"damage":0,"enemies":"Lots of Slimes","floor":13,"turns":2},{"damage":8,"enemies":"Red Slaver","floor":14,"turns":3},{"damage":43,"enemies":"Hexaghost","floor":16,"turns":7},{"damage":16,"enemies":"Spheric Guardian","floor":18,"turns":4},{"damage":7,"enemies":"Shell Parasite","floor":19,"turns":2},{"damage":13,"enemies":"Shelled Parasite and Fungi","floor":20,"turns":3},{"damage":40,"enemies":"Sentry and Sphere","floor":22,"turns":5},{"damage":14,"enemies":"Chosen and Byrds","floor":27,"turns":4}],"seed_played":"-6893948388606571669","potions_obtained":[{"floor":1,"key":"theMarked:SummonPotion"},{"floor":4,"key":"Explosive Potion"},{"floor":11,"key":"SpeedPotion"},{"floor":19,"key":"Adrenaline Potion"}],"is_trial":false,"path_per_floor":["M","?","M","M","?","M","R","$","T","M","M","$","M","M","R_BF","B",null,"M","M","M","$","M","R","?","$","T","M"],"character_chosen":"THE_DEFAULT","items_purchased":["theMarked:EternalStudent","infinitespire:Midas Blood"],"campfire_rested":0,"item_purchase_floors":[8,21],"current_hp_per_floor":[74,74,74,74,74,74,74,74,74,73,67,67,71,67,67,28,74,62,59,50,50,14,14,14,12,12,0,0],"gold":69,"neow_bonus":"NOSTALGIA","is_daily":false,"chose_seed":false,"campfire_upgraded":2,"win_rate":0.0,"timestamp":1613262606,"path_taken":["M","?","M","M","?","M","R","$","T","M","M","$","M","M","R_BF","BOSS","M","?","M","$","M","R","?","?","T","?"],"items_purchased_type":["Card","Relic"],"build_version":"2020-12-22","purchased_purges":2,"victory":false,"max_hp_per_floor":[74,74,74,74,74,74,74,74,74,74,74,74,74,74,74,74,74,74,74,74,74,74,74,74,74,74,74,74],"card_choices":[{"not_picked":["theMarked:BanishingStrike","theMarked:Electrify","theMarked:Frustration"],"picked":"SKIP","floor":1},{"not_picked":["theMarked:ElectricStrings","theMarked:Parkour","theMarked:Frustration"],"picked":"SKIP","floor":3},{"not_picked":["theMarked:ResourceFulStrike","theMarked:Generate","theMarked:Overthink"],"picked":"SKIP","floor":4},{"not_picked":["theMarked:BanishingStrike","theMarked:Electrify"],"picked":"theMarked:SwordAndMagic","floor":6},{"not_picked":["theMarked:TurnInvisible","theMarked:Seal","theMarked:Heritage"],"picked":"SKIP","floor":10},{"not_picked":["theMarked:Aftermath","theMarked:Parkour","theMarked:RepellingDischarge"],"picked":"SKIP","floor":11},{"not_picked":["theMarked:Frustration","theMarked:ShockingTouch","theMarked:Panic"],"picked":"SKIP","floor":13},{"not_picked":["theMarked:Aftermath","theMarked:ElectricStrings","theMarked:Challenge"],"picked":"SKIP","floor":14},{"not_picked":["theMarked:Overcharge","theMarked:Memento+1"],"picked":"theMarked:EmpowerWeapon","floor":18},{"not_picked":["theMarked:TakeCover","theMarked:Frustration","theMarked:Aftermath"],"picked":"SKIP","floor":19},{"not_picked":["theMarked:Pokerface","theMarked:Improvise","theMarked:ChainLightning"],"picked":"SKIP","floor":20},{"not_picked":["theMarked:EmpowerWeapon","theMarked:WardOff","theMarked:ComboAttacks"],"picked":"SKIP","floor":22}],"player_experience":556892,"relics_obtained":[{"floor":5,"key":"Replay:Rubber Ducky"},{"floor":9,"key":"PreservedInsect"},{"floor":15,"key":"hubris:TenFootPole"},{"floor":26,"key":"Gremlin Food"}],"event_choices":[{"damage_healed":0,"gold_gain":0,"player_choice":"Relic","damage_taken":0,"max_hp_gain":0,"max_hp_loss":0,"event_name":"Wheel of Change","floor":5,"gold_loss":0},{"cards_removed":["theMarked:Strike"],"damage_healed":0,"gold_gain":0,"player_choice":"Purged","damage_taken":0,"max_hp_gain":0,"max_hp_loss":0,"event_name":"Purifier","floor":24,"gold_loss":0}],"is_beta":false,"boss_relics":[{"not_picked":["Painkiller Herb","Runic Pyramid"],"picked":"Replay:Wanted Poster"}],"items_purged_floors":[21,25],"is_endless":false,"potions_floor_spawned":[1,4,11,19],"killed_by":"Chosen and Byrds","ascension_level":0}}