{"host":"nklmypyldyuut5re","time":1613324430,"event":{"mods":["AchievementEnabler","BaseMod","Colored Map","DeckTracker","Highlight Path","Keyboard Shortcuts","Minty Spire (QoL Compilation)","Permanent Neow","SuperFastMode","everything is the same but u backflip on backflip"],"gold_per_floor":[109,129,143,143,155,186,186,203,203,216,216,216,216,64,64,64,64],"floor_reached":16,"language":"KOR","playtime":769,"items_purged":[],"score":102,"play_id":"ef7fb994-ce4e-40bb-a2c7-a00449dd3abc","local_time":"20210215024030","is_ascension_mode":false,"campfire_choices":[{"data":"Twin Strike","floor":7,"key":"SMITH"},{"floor":11,"key":"REST"},{"floor":13,"key":"REST"},{"data":"Bludgeon","floor":15,"key":"SMITH"}],"circlet_count":0,"master_deck":["Strike_R","Strike_R","Strike_R","Strike_R","Strike_R","Defend_R","Defend_R","Defend_R","Defend_R","Bash","Twin Strike","Whirlwind+1","Barricade","Twin Strike+1","Clash","Headbutt","Pommel Strike","Bludgeon+1"],"relics":["Burning Blood","Bird Faced Urn","Ancient Tea Set"],"acts_visited":["Exordium"],"potions_floor_usage":[],"damage_taken":[{"damage":20,"enemies":"Cultist","floor":1,"turns":7},{"damage":0,"enemies":"2 Louse","floor":2,"turns":3},{"damage":0,"enemies":"Small Slimes","floor":3,"turns":2},{"damage":10,"enemies":"Looter","floor":5,"turns":3},{"damage":19,"enemies":"Gremlin Nob","floor":6,"turns":4},{"damage":0,"enemies":"3 Louse","floor":8,"turns":1},{"damage":36,"enemies":"Gremlin Gang","floor":10,"turns":4},{"damage":88,"enemies":"The Guardian","floor":16,"turns":14}],"seed_played":"-3389449689778938095","potions_obtained":[{"floor":2,"key":"BlessingOfTheForge"},{"floor":3,"key":"PowerPotion"},{"floor":6,"key":"Fruit Juice"}],"is_trial":false,"path_per_floor":["M","M","M","?","M","E","R","M","T","M","R","?","R","$","R","B"],"character_chosen":"IRONCLAD","items_purchased":["Bludgeon"],"campfire_rested":2,"item_purchase_floors":[14],"current_hp_per_floor":[66,72,78,78,74,61,61,67,67,37,61,61,80,80,80,0,0],"gold":64,"neow_bonus":"","is_daily":false,"chose_seed":false,"campfire_upgraded":2,"win_rate":0.0,"timestamp":1613324430,"path_taken":["M","M","?","?","M","E","R","?","T","?","R","?","R","$","R","BOSS"],"items_purchased_type":["Card"],"build_version":"2020-12-22","purchased_purges":0,"victory":false,"max_hp_per_floor":[80,80,80,80,80,80,80,80,80,80,80,80,80,80,80,80,80],"card_choices":[{"not_picked":["Dual Wield","True Grit"],"picked":"Twin Strike","floor":1},{"not_picked":["Warcry","True Grit"],"picked":"Whirlwind","floor":2},{"not_picked":["Anger","Rampage"],"picked":"Barricade","floor":3},{"not_picked":["Thunderclap","Metallicize"],"picked":"Twin Strike","floor":5},{"not_picked":["True Grit","Warcry"],"picked":"Clash","floor":6},{"not_picked":["Bloodletting","Power Through"],"picked":"Headbutt","floor":8},{"not_picked":["Anger","Pummel"],"picked":"Pommel Strike","floor":10}],"player_experience":0,"relics_obtained":[{"floor":6,"key":"Bird Faced Urn"},{"floor":9,"key":"Ancient Tea Set"}],"event_choices":[{"damage_healed":0,"gold_gain":0,"player_choice":"Upgraded","damage_taken":0,"max_hp_gain":0,"max_hp_loss":0,"event_name":"Upgrade Shrine","floor":4,"gold_loss":0,"cards_upgraded":["Whirlwind"]},{"damage_healed":0,"gold_gain":0,"player_choice":"Ignored","damage_taken":0,"max_hp_gain":0,"max_hp_loss":0,"event_name":"Shining Light","floor":12,"gold_loss":0}],"is_beta":false,"boss_relics":[],"items_purged_floors":[],"is_endless":false,"potions_floor_spawned":[2,3,6],"killed_by":"The Guardian","ascension_level":0}}