{"host":"clf2hd4adhiiw0zf","time":1613294012,"event":{"mods":["AchievementEnabler","BaseMod","Beaked The Cultist","Bestiary","Dark Map","Downfall","Gremlin Mod","Hermit","Jorbs\u0027s Wanderer Trilogy","Marisa????????","Minty Spire (QoL Compilation)","Shop Mod","StSLib","The Cursed","The Servant 0.9.4","Wide Potions"],"gold_per_floor":[99,274,293,293,310,416,416,434,446,446,54,66,66,83,100,100,100,100],"floor_reached":16,"language":"ENG","playtime":595,"items_purged":["Doubt"],"score":166,"play_id":"62f65249-a11b-4720-880b-5c29e13d0f64","local_time":"20210214021332","is_ascension_mode":true,"campfire_choices":[{"data":"champ:Execute","floor":1,"key":"SMITH"},{"data":"champ:GladiatorStyle","floor":13,"key":"SMITH"}],"circlet_count":0,"master_deck":["AscendersBane","champ:Strike+1","champ:Strike+1","champ:Strike","champ:Strike","champ:Defend","champ:Defend","champ:Defend","champ:Defend","champ:Execute+1","champ:Taunt","Writhe","champ:GladiatorStyle+1","champ:FanOfKnives","champ:SwordSigil","champ:AdrenalArmor","champ:Backstep","champ:EnchantShield","champ:StanceDance","champ:TornadoPunch","champ:FlashCut"],"relics":["champ:ChampionCrown","Thread and Needle","Whetstone","Blue Candle","Turnip"],"acts_visited":[],"potions_floor_usage":[6],"damage_taken":[{"damage":10,"enemies":"Small Slimes","floor":3,"turns":3},{"damage":10,"enemies":"2 Louse","floor":5,"turns":3},{"damage":33,"enemies":"3 Sentries","floor":6,"turns":9},{"damage":3,"enemies":"Cultist","floor":8,"turns":4},{"damage":25,"enemies":"3 Louse","floor":9,"turns":4},{"damage":51,"enemies":"downfall:FleeingMerchant","floor":11,"turns":4},{"damage":30,"enemies":"Gremlin Gang","floor":12,"turns":5},{"damage":0,"enemies":"Blue Slaver","floor":14,"turns":3},{"damage":22,"enemies":"2 Fungi Beasts","floor":15,"turns":3},{"damage":77,"enemies":"IC_STATUS_ARCHETYPE","floor":16,"turns":10}],"seed_played":"-6656610962350174251","potions_obtained":[{"floor":4,"key":"champ:OpenerPotion"},{"floor":5,"key":"ColorlessPotion"},{"floor":9,"key":"champ:UltimateStancePotion"},{"floor":12,"key":"sneckomod:MuddlingPotion"}],"is_trial":false,"path_per_floor":["R","?","M","?","M","E","T","M","M","?","$","M","R","M","M","B"],"character_chosen":"THE_CHAMP","items_purchased":["Turnip"],"campfire_rested":0,"item_purchase_floors":[11],"current_hp_per_floor":[81,81,81,81,81,73,73,70,70,65,64,54,54,54,47,0,0,0],"gold":100,"neow_bonus":"ONE_RARE_RELIC","is_daily":false,"chose_seed":false,"campfire_upgraded":2,"win_rate":0.0,"timestamp":1613294012,"path_taken":["R","?","M","?","M","E","T","M","?","?","$","M","R","?","M","BOSS"],"items_purchased_type":["Relic"],"build_version":"2020-12-22","purchased_purges":1,"victory":false,"max_hp_per_floor":[90,90,90,90,90,90,90,90,90,90,90,90,90,90,90,90,90,90],"card_choices":[{"not_picked":["champ:ShieldSigil","champ:SetATrap"],"picked":"champ:GladiatorStyle","floor":3},{"not_picked":["champ:EnGarde","champ:CrookedStrike"],"picked":"champ:FanOfKnives","floor":5},{"not_picked":["champ:EnragedBash","champ:ShieldSigil"],"picked":"champ:SwordSigil","floor":6},{"not_picked":["champ:FanOfKnives","champ:ShieldSlam"],"picked":"champ:AdrenalArmor","floor":8},{"not_picked":["champ:EnragedBash","champ:BladeFlurry"],"picked":"champ:Backstep","floor":9},{"not_picked":["champ:Circumvent","champ:EnGarde"],"picked":"champ:EnchantShield","floor":11},{"not_picked":["champ:HeartStrike","champ:CrownThrow"],"picked":"champ:StanceDance","floor":12},{"not_picked":["champ:RapidStrikes","champ:Circumvent"],"picked":"champ:TornadoPunch","floor":14},{"not_picked":["champ:ShieldSigil","champ:AdrenalArmor"],"picked":"champ:FlashCut","floor":15}],"player_experience":284794,"relics_obtained":[{"floor":6,"key":"Whetstone"},{"floor":7,"key":"Blue Candle"}],"event_choices":[{"damage_healed":0,"gold_gain":0,"player_choice":"Got Potions","damage_taken":0,"max_hp_gain":0,"max_hp_loss":0,"event_name":"Lab","floor":4,"gold_loss":0}],"is_beta":false,"boss_relics":[],"items_purged_floors":[11],"is_endless":false,"potions_floor_spawned":[5,9,12],"killed_by":"IC_STATUS_ARCHETYPE","ascension_level":12}}