{"host":"8o45mh5p3pp1o2mi","time":1613266086,"event":{"mods":["BaseMod","Bestiary","Better Match","Better Third Choice","BetterRewards","Dark Map","Downfall","Fox Events","Minty Spire (QoL Compilation)","Rare Cards Sparkle","Relic Stats","Replay The Spire","Shop Mod","Spire Exporter","StSLib","everything is the same but u backflip on backflip"],"gold_per_floor":[99,110,129,129,304,335,335,345,358,23,34,54,54,88,104,200,200,200,217,217,49,59,159,184,195,207,222,251,431,447,478,498,594,594,494,494,508,8,8,59,59,59,59,92,102,2,12,23,34,34,34,34],"floor_reached":50,"language":"ENG","playtime":3718,"items_purged":["hexamod:Defend","Doubt"],"score":603,"play_id":"a2a4f83b-4506-4a42-b7f4-3a07d82a5ade","local_time":"20210214012806","is_ascension_mode":false,"campfire_choices":[{"data":"hexamod:Defend","floor":1,"key":"PURGE"},{"data":"expansioncontent:QuickStudy","floor":13,"key":"SMITH"},{"floor":18,"key":"DIG"},{"floor":35,"key":"RECALL"},{"data":"hexamod:HexaLevel","floor":43,"key":"SMITH"},{"data":"hexamod:SoulSteal","floor":46,"key":"SMITH"}],"circlet_count":0,"master_deck":["hexamod:Strike","hexamod:Strike","hexamod:Strike","hexamod:Strike","hexamod:Defend","hexamod:Defend","hexamod:Sear","hexamod:Float","hexamod:InspiringFlames","hexamod:RadiantFlame","hexamod:SoulSteal+1","hexamod:FastForward","expansioncontent:QuickStudy+1","hexamod:Again","hexamod:SkipABeat","hexamod:FlamesFromBeyond","hexamod:HexaLevel+1","hexamod:AdvancingGuard+1","hexamod:SwordOfDarkness+1","hexamod:FlamesFromBeyond","hexamod:Incineration+1","hexamod:ChargedBarrage","hexamod:TimeOfNeed","hexamod:FastForward","hexamod:HauntingEcho+1","hexamod:RainOfEmbers+1"],"relics":["Coffee Dripper","StrikeDummy","ReplayTheSpireMod:Shallot","Replay:Kaleidoscope","Sling","Replay:Rubber Ducky","Busted Crown","Molten Egg 2","PreservedInsect","Replay:Towering Pillar of Hats","Iron Hammer","Simple Rune","Bag of Marbles","Art of War","Black Star","downfall:HeartBlessingGreen","Lee\u0027s Waffle","Replay:Accelerometer","Gambling Chip","Frozen Egg 2","Replay:Baseball","Regal Pillow","downfall:HeartBlessingBlue"],"acts_visited":["Exordium","TheCity","TheBeyond"],"potions_floor_usage":[11,14,14,14,19,29,30,33,47,48],"damage_taken":[{"damage":0,"enemies":"Small Slimes","floor":2,"turns":2},{"damage":1,"enemies":"Jaw Worm","floor":3,"turns":3},{"damage":9,"enemies":"Replay:BlueRogue","floor":6,"turns":5},{"damage":0,"enemies":"Cultist","floor":8,"turns":3},{"damage":0,"enemies":"Large Slime","floor":9,"turns":4},{"damage":1,"enemies":"downfall:FleeingMerchant","floor":10,"turns":4},{"damage":6,"enemies":"Exordium Thugs","floor":11,"turns":5},{"damage":1,"enemies":"downfall:LooterAlt","floor":12,"turns":3},{"damage":1,"enemies":"3 Sentries","floor":14,"turns":5},{"damage":3,"enemies":"3 Louse","floor":15,"turns":3},{"damage":19,"enemies":"SI_SHIV_ARCHETYPE","floor":16,"turns":6},{"damage":0,"enemies":"3 Byrds","floor":19,"turns":4},{"damage":10,"enemies":"downfall:FleeingMerchant","floor":21,"turns":4},{"damage":3,"enemies":"Chosen","floor":22,"turns":4},{"damage":0,"enemies":"Colosseum Nobs","floor":23,"turns":4},{"damage":0,"enemies":"Centurion and Healer","floor":25,"turns":4},{"damage":0,"enemies":"Chosen and Byrds","floor":26,"turns":5},{"damage":2,"enemies":"3 Cultists","floor":27,"turns":4},{"damage":12,"enemies":"Gremlin Leader","floor":28,"turns":4},{"damage":0,"enemies":"downfall:FleeingMerchant","floor":29,"turns":4},{"damage":0,"enemies":"Snake Plant","floor":30,"turns":3},{"damage":4,"enemies":"Book of Stabbing","floor":31,"turns":2},{"damage":0,"enemies":"Chosen and Byrds","floor":32,"turns":4},{"damage":32,"enemies":"IC_MUSHROOM_ARCHETYPE","floor":33,"turns":6},{"damage":7,"enemies":"Orb Walker","floor":37,"turns":3},{"damage":35,"enemies":"2 Orb Walkers","floor":40,"turns":3},{"damage":12,"enemies":"Nemesis","floor":44,"turns":3},{"damage":0,"enemies":"3 Shapes","floor":45,"turns":3},{"damage":8,"enemies":"3 Darklings","floor":47,"turns":3},{"damage":14,"enemies":"Maw","floor":48,"turns":6},{"damage":0,"enemies":"Sphere and 2 Shapes","floor":49,"turns":3},{"damage":59,"enemies":"DF_ARCHETYPE_ORBS","floor":50,"turns":5}],"seed_played":"-4009118883249923810","potions_obtained":[{"floor":3,"key":"Ancient Potion"},{"floor":9,"key":"Regen Potion"},{"floor":12,"key":"EntropicBrew"},{"floor":14,"key":"Flashbang"},{"floor":15,"key":"Guardian:BlockOnCardUsePotion"},{"floor":16,"key":"ColorlessPotion"},{"floor":25,"key":"PowerPotion"},{"floor":26,"key":"hexamod:EctoCoolerPotion"},{"floor":31,"key":"Fire Potion"},{"floor":32,"key":"hexamod:DoubleChargePotion"},{"floor":37,"key":"hexamod:DoubleChargePotion"},{"floor":48,"key":"Elixir"},{"floor":49,"key":"Fire Potion"}],"is_trial":false,"path_per_floor":["R","M","M","?","?","E","T","M","M","$","M","M","R","E","M","B",null,"R","M","?","$","M","?","T","M","M","M","E","$","M","E","M","B",null,"R","?","M","$","?","?","T","$","R","E","M","R","M","M","M","B"],"character_chosen":"THE_SPIRIT","items_purchased":["expansioncontent:QuickStudy","Sling","PreservedInsect","hexamod:Incineration+1","Lee\u0027s Waffle","Replay:Accelerometer"],"campfire_rested":0,"item_purchase_floors":[10,10,21,29,38,38],"current_hp_per_floor":[70,70,69,69,69,60,60,60,60,59,67,66,66,65,62,43,70,70,70,70,60,57,57,57,57,57,55,43,43,43,39,39,7,70,70,70,63,77,77,42,42,42,42,30,30,40,32,18,18,0,0,0],"gold":34,"neow_bonus":"BOSS_RELIC","is_daily":false,"chose_seed":false,"campfire_upgraded":3,"win_rate":0.0,"timestamp":1613266086,"path_taken":["R","M","M","?","?","E","T","M","M","$","M","?","R","E","M","BOSS","R","M","?","$","M","?","T","M","M","?","E","$","M","E","M","BOSS","R","?","M","$","?","?","T","$","R","E","M","R","M","?","M","BOSS"],"items_purchased_type":["Card","Relic","Relic","Card","Relic","Relic"],"build_version":"2020-12-22","purchased_purges":2,"victory":false,"max_hp_per_floor":[70,70,70,70,70,70,70,70,70,70,70,70,70,70,70,70,70,70,70,70,70,70,70,70,70,70,70,70,70,70,70,70,70,70,70,70,70,77,77,77,77,77,77,77,77,87,87,87,87,87,87,87],"relic_stats":{"Lee\u0027s Waffle":14,"Regal Pillow":0,"Busted Crown":40,"counters":[32,124],"Gambling Chip":[12],"PreservedInsect":169,"Art of War":[7],"Black Star":1,"obtain_stats":[{"Replay:Accelerometer":38,"Lee\u0027s Waffle":38,"Regal Pillow":44,"Replay:Towering Pillar of Hats":23,"downfall:HeartBlessingGreen":35,"PreservedInsect":21,"Replay:Kaleidoscope":7,"Frozen Egg 2":41,"Sling":10,"Replay:Rubber Ducky":14,"Replay:Baseball":44,"Busted Crown":17,"ReplayTheSpireMod:Shallot":6,"downfall:HeartBlessingBlue":46,"Gambling Chip":40,"Molten Egg 2":18,"Simple Rune":24,"Iron Hammer":23,"Coffee Dripper":0,"Bag of Marbles":28,"Art of War":31,"Black Star":34,"StrikeDummy":4,"hexamod:SpiritBrand":0},{"Replay:Accelerometer":25,"Lee\u0027s Waffle":25,"Regal Pillow":27,"Replay:Towering Pillar of Hats":15,"downfall:HeartBlessingGreen":24,"PreservedInsect":13,"Replay:Kaleidoscope":3,"Frozen Egg 2":26,"Sling":6,"Replay:Rubber Ducky":9,"Replay:Baseball":27,"Busted Crown":11,"ReplayTheSpireMod:Shallot":3,"downfall:HeartBlessingBlue":28,"Gambling Chip":26,"Molten Egg 2":11,"Simple Rune":15,"Iron Hammer":15,"Coffee Dripper":0,"Bag of Marbles":19,"Art of War":22,"Black Star":24,"StrikeDummy":2,"hexamod:SpiritBrand":0},{"Replay:Accelerometer":98,"Lee\u0027s Waffle":98,"Regal Pillow":104,"Replay:Towering Pillar of Hats":59,"downfall:HeartBlessingGreen":95,"PreservedInsect":51,"Replay:Kaleidoscope":10,"Frozen Egg 2":101,"Sling":21,"Replay:Rubber Ducky":34,"Replay:Baseball":104,"Busted Crown":43,"ReplayTheSpireMod:Shallot":10,"downfall:HeartBlessingBlue":107,"Gambling Chip":101,"Molten Egg 2":43,"Simple Rune":59,"Iron Hammer":59,"Coffee Dripper":0,"Bag of Marbles":76,"Art of War":85,"Black Star":95,"StrikeDummy":5,"hexamod:SpiritBrand":0}]},"card_choices":[{"not_picked":["hexamod:SpectersWail","hexamod:NightmareGuise"],"picked":"hexamod:InspiringFlames","floor":2},{"not_picked":["hexamod:GhostLash","hexamod:DynamicBlow","hexamod:Incineration"],"picked":"SKIP","floor":3},{"not_picked":["hexamod:ExtraCrispy","hexamod:SpectralAdrenaline"],"picked":"hexamod:RadiantFlame","floor":6},{"not_picked":["hexamod:SpectralAdrenaline","hexamod:Firestarter"],"picked":"hexamod:SoulSteal","floor":8},{"not_picked":["hexamod:InspiringFlames","hexamod:FirstSeal"],"picked":"hexamod:FastForward","floor":9},{"not_picked":["hexamod:SpectralAdrenaline","hexamod:NightmareGuise","hexamod:RainOfEmbers"],"picked":"SKIP","floor":10},{"not_picked":["hexamod:GhostShield","hexamod:NightmareGuise","hexamod:Haunt"],"picked":"SKIP","floor":11},{"not_picked":["hexamod:HeatMetal","hexamod:Firestarter"],"picked":"hexamod:Again","floor":12},{"not_picked":["hexamod:CatchUp","hexamod:Firestarter"],"picked":"hexamod:SkipABeat","floor":14},{"not_picked":["hexamod:UnleashSpirits","hexamod:NightmareStrike"],"picked":"hexamod:FlamesFromBeyond","floor":15},{"not_picked":["hexamod:SearingWound","hexamod:TurnItUp"],"picked":"hexamod:HexaLevel","floor":16},{"not_picked":["hexamod:Rewind"],"picked":"SKIP","floor":19},{"not_picked":["hexamod:SecondSeal"],"picked":"SKIP","floor":21},{"not_picked":["hexamod:NightmareStrike+1"],"picked":"SKIP","floor":22},{"not_picked":["hexamod:FlamesFromBeyond"],"picked":"SKIP","floor":25},{"not_picked":[],"picked":"hexamod:AdvancingGuard+1","floor":26},{"not_picked":[],"picked":"hexamod:SwordOfDarkness+1","floor":27},{"not_picked":[],"picked":"hexamod:FlamesFromBeyond","floor":28},{"not_picked":["hexamod:BurningTouch"],"picked":"SKIP","floor":29},{"not_picked":["hexamod:Firestarter+1"],"picked":"SKIP","floor":30},{"not_picked":["hexamod:InspiringFlames+1"],"picked":"SKIP","floor":31},{"not_picked":[],"picked":"hexamod:ChargedBarrage","floor":32},{"not_picked":[],"picked":"hexamod:TimeOfNeed","floor":33},{"not_picked":[],"picked":"hexamod:FastForward","floor":37},{"not_picked":[],"picked":"hexamod:HauntingEcho+1","floor":40},{"not_picked":["hexamod:SpectersWail+1"],"picked":"SKIP","floor":44},{"not_picked":["hexamod:SecondSeal"],"picked":"SKIP","floor":45},{"not_picked":["hexamod:GhostOfSpirePast+1"],"picked":"SKIP","floor":47},{"not_picked":[],"picked":"hexamod:RainOfEmbers+1","floor":48},{"not_picked":["hexamod:SoulSteal+1"],"picked":"SKIP","floor":49}],"player_experience":199349,"relics_obtained":[{"floor":6,"key":"ReplayTheSpireMod:Shallot"},{"floor":7,"key":"Replay:Kaleidoscope"},{"floor":14,"key":"Replay:Rubber Ducky"},{"floor":18,"key":"Molten Egg 2"},{"floor":23,"key":"Replay:Towering Pillar of Hats"},{"floor":23,"key":"Iron Hammer"},{"floor":24,"key":"Simple Rune"},{"floor":28,"key":"Bag of Marbles"},{"floor":31,"key":"Art of War"},{"floor":40,"key":"Gambling Chip"},{"floor":41,"key":"Frozen Egg 2"},{"floor":44,"key":"Replay:Baseball"},{"floor":44,"key":"Regal Pillow"}],"event_choices":[{"damage_healed":0,"gold_gain":0,"player_choice":"Ignored","damage_taken":0,"max_hp_gain":0,"max_hp_loss":0,"event_name":"Vampires","floor":20,"gold_loss":0},{"damage_healed":0,"gold_gain":0,"player_choice":"Fight","damage_taken":0,"max_hp_gain":0,"max_hp_loss":0,"event_name":"Mysterious Sphere","floor":40,"gold_loss":0}],"is_beta":false,"boss_relics":[{"not_picked":["Ring of Chaos","bronze:MakeshiftBattery"],"picked":"Busted Crown"},{"not_picked":["Tiny House","Runic Pyramid"],"picked":"Black Star"}],"items_purged_floors":[29,38],"is_endless":false,"potions_floor_spawned":[3,9,12,14,15,16,25,26,27,28,31,32,37,48,49],"killed_by":"DF_ARCHETYPE_ORBS","ascension_level":0}}