{"host":"v4tuy5ykrbdcm9o9","time":1613271559,"event":{"mods":["BaseMod","Duelist Mod","Minty Spire (QoL Compilation)","Replay The Spire","StSLib"],"gold_per_floor":[115,126,91,109,31,56,66,101,101,77,77,112,128,158,158,158,158],"floor_reached":16,"language":"ENG","playtime":1820,"items_purged":[],"score":214,"play_id":"bc647c68-2d83-4b30-81cb-487154434604","local_time":"20210213215919","is_ascension_mode":true,"campfire_choices":[{"floor":11,"key":"REST"},{"floor":15,"key":"RECALL"}],"circlet_count":0,"master_deck":["Strike_G","Strike_G","Strike_G","Strike_G","Strike_G","Defend_G","Defend_G","Defend_G","Defend_G","Defend_G","Survivor","Neutralize","Blade Dance","Flying Knee","Choke","Masterful Stab","ReplayTheSpireMod:Scrap Shanks","Backstab+1","Endless Agony+1","ReplayTheSpireMod:Tripwire","Flying Knee+1","Sneak Up"],"relics":["Ring of the Snake","Molten Egg 2","Frozen Egg 2","Replay:Ringing Soul","Golden Egg","Nunchaku"],"acts_visited":[],"potions_floor_usage":[6,7,8,16],"damage_taken":[{"damage":0,"enemies":"Cultist","floor":1,"turns":3},{"damage":0,"enemies":"2 Louse","floor":2,"turns":2},{"damage":0,"enemies":"Small Slimes","floor":4,"turns":3},{"damage":19,"enemies":"3 Sentries","floor":6,"turns":9},{"damage":11,"enemies":"Looter","floor":7,"turns":3},{"damage":17,"enemies":"Lagavulin","floor":8,"turns":5},{"damage":17,"enemies":"3 Sentries","floor":12,"turns":7},{"damage":0,"enemies":"Exordium Thugs","floor":13,"turns":3},{"damage":18,"enemies":"Lagavulin","floor":14,"turns":6},{"damage":68,"enemies":"Fading Forest","floor":16,"turns":10}],"seed_played":"-4570329771676002166","potions_obtained":[{"floor":2,"key":"Adrenaline Potion"},{"floor":6,"key":"Regen Potion"},{"floor":7,"key":"Swift Potion"},{"floor":14,"key":"BlessingOfTheForge"}],"is_trial":false,"path_per_floor":["M","M","?","M","$","E","M","E","T","?","R","E","M","E","R","B"],"character_chosen":"THE_SILENT","items_purchased":["Masterful Stab"],"campfire_rested":1,"item_purchase_floors":[5],"current_hp_per_floor":[70,70,77,77,77,58,56,39,39,39,62,48,51,36,36,0,0],"gold":158,"neow_bonus":"TEN_PERCENT_HP_BONUS","is_daily":false,"chose_seed":false,"campfire_upgraded":0,"win_rate":0.0,"timestamp":1613271559,"path_taken":["M","M","?","M","$","E","M","E","T","?","R","E","M","E","R","BOSS"],"items_purchased_type":["Card"],"build_version":"2020-12-22","purchased_purges":0,"victory":false,"max_hp_per_floor":[77,77,77,77,77,77,77,77,77,77,77,80,83,86,86,86,86],"card_choices":[{"not_picked":["Dagger Spray","Bouncing Flask"],"picked":"Blade Dance","floor":1},{"not_picked":["Concentrate","Sucker Punch"],"picked":"Flying Knee","floor":2},{"not_picked":["Slice","Deflect"],"picked":"Choke","floor":4},{"not_picked":["Setup","Sucker Punch+1"],"picked":"ReplayTheSpireMod:Scrap Shanks","floor":6},{"not_picked":["PiercingWail","Underhanded Strike+1"],"picked":"Backstab+1","floor":7},{"not_picked":["Heel Hook+1","Leg Sweep"],"picked":"Endless Agony+1","floor":8},{"not_picked":["Sucker Punch+1","Backflip"],"picked":"ReplayTheSpireMod:Tripwire","floor":12},{"not_picked":["Deflect","Predator+1"],"picked":"Flying Knee+1","floor":13},{"not_picked":["ReplayTheSpireMod:From All Sides+1","Noxious Fumes+1"],"picked":"Sneak Up","floor":14}],"player_experience":861723,"relics_obtained":[{"floor":6,"key":"Molten Egg 2"},{"floor":8,"key":"Frozen Egg 2"},{"floor":9,"key":"Replay:Ringing Soul"},{"floor":12,"key":"Golden Egg"},{"floor":14,"key":"Nunchaku"}],"event_choices":[{"damage_healed":19,"gold_gain":0,"player_choice":"Healed","damage_taken":0,"max_hp_gain":0,"max_hp_loss":0,"event_name":"The Cleric","floor":3,"gold_loss":35},{"damage_healed":0,"gold_gain":0,"player_choice":"Left Gold","damage_taken":0,"max_hp_gain":0,"max_hp_loss":0,"event_name":"World of Goop","floor":10,"gold_loss":24}],"is_beta":false,"boss_relics":[],"items_purged_floors":[],"is_endless":false,"potions_floor_spawned":[2,6,7,14],"killed_by":"Fading Forest","ascension_level":9}}