{"host":"4rvakrj1idbgia3f","time":1613337155,"event":{"mods":["BaseMod","Colored Map","Colored Powertips","DeckTracker","Highlight Path","Minty Spire (QoL Compilation)","Random Character Button","StSLib"],"gold_per_floor":[116,266,266,280,54,54,88,102,102,117,117,117,152,77,77,158,158,187,187,88,88,102,102,131,151,151,151,160,189,189,189,189],"floor_reached":31,"language":"JPN","playtime":1332,"items_purged":["Doubt"],"score":486,"play_id":"42e15a58-7fb9-4383-8287-90cdddca1712","local_time":"20210215061235","is_ascension_mode":true,"campfire_choices":[{"data":"Gash","floor":6.0,"key":"SMITH"},{"data":"1","floor":11.0,"key":"LIFT"},{"floor":15,"key":"REST"},{"data":"2","floor":23,"key":"LIFT"},{"data":"3","floor":27,"key":"LIFT"},{"data":"Zap","floor":30,"key":"SMITH"}],"circlet_count":0,"master_deck":["AscendersBane","Strike_B+1","Strike_B+1","Strike_B+1","Strike_B+1","Defend_B+1","Defend_B+1","Defend_B+1","Defend_B+1","Zap+1","Dualcast","All For One","Steam","Stack","Gash+1","Finesse","Glacier","Beam Cell","Cold Snap","Gash","Hologram","Machine Learning","Conserve Battery","Gash","Steam","Coolheaded","J.A.X.","Hologram+1"],"relics":["Cracked Core","Girya","Bottled Lightning","InkBottle","CeramicFish","Cursed Key"],"acts_visited":["Exordium","TheCity"],"potions_floor_usage":[13,29],"damage_taken":[{"damage":3.0,"enemies":"2 Louse","floor":1.0,"turns":3.0},{"damage":7.0,"enemies":"Jaw Worm","floor":4.0,"turns":5.0},{"damage":15.0,"enemies":"3 Sentries","floor":7.0,"turns":12.0},{"damage":0.0,"enemies":"Cultist","floor":8.0,"turns":3.0},{"damage":0.0,"enemies":"Gremlin Gang","floor":10.0,"turns":4.0},{"damage":15,"enemies":"Lagavulin","floor":13,"turns":7},{"damage":25,"enemies":"The Guardian","floor":16,"turns":12},{"damage":3,"enemies":"3 Byrds","floor":18,"turns":5},{"damage":0,"enemies":"Chosen","floor":22,"turns":3},{"damage":5,"enemies":"Centurion and Healer","floor":24,"turns":6},{"damage":5,"enemies":"Snake Plant","floor":25,"turns":4},{"damage":8,"enemies":"Sentry and Sphere","floor":29,"turns":5},{"damage":35,"enemies":"Snecko","floor":31,"turns":7}],"seed_played":"-4162703469498597746","potions_obtained":[{"floor":7.0,"key":"ColorlessPotion"},{"floor":8.0,"key":"FearPotion"},{"floor":22,"key":"FearPotion"},{"floor":24,"key":"EssenceOfDarkness"}],"is_trial":false,"path_per_floor":["M","?","?","M","$","R","E","M","T","M","R","T","E","$","R","B",null,"M","?","$","?","M","R","M","M","T","R","?","M","R","M"],"character_chosen":"DEFECT","items_purchased":["Gash","Finesse","Glacier","Gash","Steam"],"campfire_rested":1,"item_purchase_floors":[5,5,5,20,20],"current_hp_per_floor":[43,43,43,36,36,36,21,21,21,21,21,21,6,6,27,2,54,51,51,51,51,51,51,46,41,41,41,41,33,33,0,0],"gold":189,"neow_bonus":"THREE_RARE_CARDS","is_daily":false,"chose_seed":false,"campfire_upgraded":2,"win_rate":0.0,"timestamp":1613337155,"path_taken":["M","?","?","?","$","R","E","?","T","?","R","?","E","?","R","BOSS","M","?","$","?","M","R","M","M","T","R","?","M","R","M"],"items_purchased_type":["Card","Card","Card","Card","Card"],"build_version":"2020-12-22","purchased_purges":1,"victory":false,"max_hp_per_floor":[71,71,71,71,71,71,71,71,71,71,71,71,71,71,71,71,71,71,71,71,71,71,71,71,71,71,71,71,71,71,71,71],"card_choices":[{"not_picked":["Meteor Strike","Amplify"],"picked":"All For One","floor":0.0},{"not_picked":["Turbo","Tempest"],"picked":"Steam","floor":1.0},{"not_picked":["Rebound","Thunder Strike"],"picked":"Stack","floor":4.0},{"not_picked":["Sunder","Rebound"],"picked":"Beam Cell","floor":7.0},{"not_picked":["Stack","Ball Lightning"],"picked":"Cold Snap","floor":8.0},{"not_picked":["Undo","Turbo"],"picked":"Gash","floor":10.0},{"not_picked":["Beam Cell","Ball Lightning"],"picked":"Hologram","floor":13},{"not_picked":["Multi-Cast","Amplify"],"picked":"Machine Learning","floor":16},{"not_picked":["White Noise","Cold Snap"],"picked":"Conserve Battery","floor":18},{"not_picked":["Static Discharge","Hologram","Aggregate"],"picked":"SKIP","floor":22},{"not_picked":["Recycle","BootSequence"],"picked":"Coolheaded","floor":24},{"not_picked":["Multi-Cast","Stack"],"picked":"Hologram+1","floor":29}],"player_experience":2381447,"relics_obtained":[{"floor":7.0,"key":"Girya"},{"floor":9.0,"key":"Bottled Lightning"},{"floor":12.0,"key":"InkBottle"},{"floor":13,"key":"CeramicFish"}],"event_choices":[{"damage_healed":0.0,"max_hp_gain":0.0,"max_hp_loss":0.0,"gold_gain":150.0,"event_name":"Liars Game","player_choice":"AGREE","floor":2.0,"gold_loss":0.0,"damage_taken":0.0,"cards_obtained":["Doubt"]},{"damage_healed":0.0,"max_hp_gain":0.0,"max_hp_loss":0.0,"gold_gain":0.0,"event_name":"Shining Light","player_choice":"Ignored","floor":3.0,"gold_loss":0.0,"damage_taken":0.0},{"damage_healed":0,"gold_gain":0,"player_choice":"Simplicity","damage_taken":0,"max_hp_gain":0,"max_hp_loss":0,"event_name":"Back to Basics","floor":19,"gold_loss":0,"cards_upgraded":["Strike_B","Strike_B","Strike_B","Strike_B","Defend_B","Defend_B","Defend_B","Defend_B"]},{"damage_healed":0,"gold_gain":0,"player_choice":"Ignored","damage_taken":0,"max_hp_gain":0,"max_hp_loss":0,"event_name":"Vampires","floor":21,"gold_loss":0},{"damage_healed":0,"gold_gain":0,"player_choice":"Obtain J.A.X.","damage_taken":0,"max_hp_gain":0,"max_hp_loss":0,"event_name":"Drug Dealer","floor":28,"gold_loss":0,"cards_obtained":["J.A.X."]}],"is_beta":false,"boss_relics":[{"not_picked":["SlaversCollar","Calling Bell"],"picked":"Cursed Key"}],"items_purged_floors":[14],"is_endless":false,"potions_floor_spawned":[7,8,22,24],"killed_by":"Snecko","ascension_level":20}}