{"host":"178rghtqlvp3zue2","time":1613270735,"event":{"mods":["2.2 Compatiblity","AchievementEnabler","BaseMod","DeckTracker","Minty Spire (QoL Compilation)","Quick Restart","SuperFastMode","The Servant 0.9.4"],"gold_per_floor":[118,118,118,193,293,322,336,371,397,397,417,430,480,507,507],"floor_reached":14,"language":"KOR","playtime":354,"items_purged":[],"score":140,"play_id":"6b4b3a78-5ec3-4529-9148-b57144ffe171","local_time":"20210214114535","is_ascension_mode":true,"campfire_choices":[{"floor":10,"key":"REST"}],"circlet_count":0,"master_deck":["Strike_S","Strike_S","Strike_S","Strike_S","Defend_S","Defend_S","Defend_S","Defend_S","KidneyShot+1","Exchange","Spin","BottledTime","Potential","KillingDoll","Revamp","Misdirection"],"relics":["Uniform","NeowsBlessing","Regal Pillow","Toy Ornithopter","Nunchaku","Broom","Bottled Flame"],"acts_visited":["Exordium"],"potions_floor_usage":[14],"damage_taken":[{"damage":0,"enemies":"2 Louse","floor":1,"turns":1},{"damage":0,"enemies":"3 Sentries","floor":6,"turns":2},{"damage":0,"enemies":"Small Slimes","floor":7,"turns":1},{"damage":26,"enemies":"Gremlin Nob","floor":8,"turns":5},{"damage":2,"enemies":"Jaw Worm","floor":11,"turns":3},{"damage":8,"enemies":"Red Slaver","floor":12,"turns":4},{"damage":18,"enemies":"3 Sentries","floor":14,"turns":8}],"seed_played":"3654122763659968538","potions_obtained":[{"floor":6,"key":"Ancient Potion"},{"floor":8,"key":"Fire Potion"},{"floor":12,"key":"Explosive Potion"}],"is_trial":false,"path_per_floor":["M","?","$","?","?","E","M","E","T","R","M","M","T","E"],"character_chosen":"THE_SERVANT","items_purchased":[],"campfire_rested":1,"item_purchase_floors":[],"current_hp_per_floor":[65,65,65,54,54,54,54,28,28,62,60,52,52,39,39],"gold":507,"neow_bonus":"THREE_ENEMY_KILL","is_daily":false,"chose_seed":false,"campfire_upgraded":0,"win_rate":0.0,"timestamp":1613270735,"path_taken":["M","?","$","?","?","E","M","E","T","R","?","M","?","E"],"items_purchased_type":[],"build_version":"2020-12-22","purchased_purges":0,"victory":false,"max_hp_per_floor":[65,65,65,65,65,65,65,65,65,65,65,65,65,65,65],"card_choices":[{"not_picked":["FastForward","Rewind"],"picked":"Spin","floor":1},{"not_picked":["DoubleEdge","Alleviate"],"picked":"BottledTime","floor":6},{"not_picked":["Hightail","Spin"],"picked":"Potential","floor":7},{"not_picked":["InstantArmor","Rewind"],"picked":"KillingDoll","floor":8},{"not_picked":["Unruled","Replace"],"picked":"Revamp","floor":11},{"not_picked":["Alleviate","Potential"],"picked":"Misdirection","floor":12}],"player_experience":276712,"relics_obtained":[{"floor":6,"key":"Regal Pillow"},{"floor":8,"key":"Toy Ornithopter"},{"floor":9,"key":"Nunchaku"},{"floor":13,"key":"Broom"},{"floor":14,"key":"Bottled Flame"}],"event_choices":[{"damage_healed":0,"gold_gain":0,"player_choice":"Grow","damage_taken":0,"max_hp_gain":0,"max_hp_loss":0,"event_name":"Living Wall","floor":2,"gold_loss":0,"cards_upgraded":["KidneyShot"]},{"damage_healed":0,"gold_gain":75,"player_choice":"Gather Gold","damage_taken":11,"max_hp_gain":0,"max_hp_loss":0,"event_name":"World of Goop","floor":4,"gold_loss":0},{"damage_healed":0,"gold_gain":100,"player_choice":"Pray","damage_taken":0,"max_hp_gain":0,"max_hp_loss":0,"event_name":"Golden Shrine","floor":5,"gold_loss":0}],"is_beta":false,"boss_relics":[],"items_purged_floors":[],"is_endless":false,"potions_floor_spawned":[6,8,12],"killed_by":"3 Sentries","ascension_level":1}}