{"host":"5aybe1nma5c8fep7","time":1613261611,"event":{"mods":["BaseMod","Conspire","Downfall","Friendly Minions","Minty Spire (QoL Compilation)","Replay The Spire","SacredBarkPlus","StSLib"],"gold_per_floor":[199,210,229,27,41,51,127,189,203,235,135,162,162,162,174,277,277,277,297,313,323,81,81,107,135,151,151,151,151],"floor_reached":27,"language":"ENG","playtime":1982,"items_purged":["bronze:Strike"],"score":257,"play_id":"fa0f8590-7370-412c-9510-574e88af1e38","local_time":"20210213161331","is_ascension_mode":true,"campfire_choices":[{"floor":1.0,"key":"RECALL"},{"floor":11.0,"key":"REST"},{"floor":13.0,"key":"REST"},{"floor":18.0,"key":"DIG"},{"data":"bronze:AlphaBuild","floor":23.0,"key":"SMITH"}],"circlet_count":0,"master_deck":["bronze:Strike","bronze:Strike","bronze:Defend","bronze:Defend","bronze:Defend","bronze:Defend","bronze:WhirlingStrike","bronze:RecursiveStrike","bronze:Fortify","bronze:Iterate","bronze:Overheat","bronze:AlphaBuild+1","bronze:Safeguard+1","bronze:ForceShield+1","bronze:Optimize","bronze:FineTuning+1","bronze:OilSpill","m_BronzeSurvivor+1","bronze:Boost+1","bronze:CleanCode","bronze:DelayedGuard+1","bronze:WildBeam+1","bronze:Fortify","bronze:Shell+1","bronze:Overload+1"],"relics":["bronze:BronzeCore","Omamori","Toxic Egg 2","Replay:PocketPolymizer","Happy Flower","downfall:HeartBlessingRed","Lantern","Black Star","Ancient Tea Set","HandDrill","conspire:TopHat","bronze:CableSpool"],"acts_visited":["Exordium","TheCity"],"potions_floor_usage":[26],"damage_taken":[{"damage":2.0,"enemies":"Cultist","floor":2.0,"turns":6.0},{"damage":0.0,"enemies":"2 Louse","floor":3.0,"turns":2.0},{"damage":0.0,"enemies":"downfall:FleeingMerchant","floor":4.0,"turns":4.0},{"damage":5.0,"enemies":"Small Slimes","floor":5.0,"turns":3.0},{"damage":7.0,"enemies":"2 Fungi Beasts","floor":6.0,"turns":2.0},{"damage":20.0,"enemies":"Gremlin Nob","floor":8.0,"turns":4.0},{"damage":13.0,"enemies":"conspire:2 RoseBushes","floor":9.0,"turns":3.0},{"damage":17.0,"enemies":"Lagavulin","floor":10.0,"turns":6.0},{"damage":4.0,"enemies":"Replay:BlueRogue","floor":12.0,"turns":5.0},{"damage":5.0,"enemies":"downfall:LooterAlt","floor":15.0,"turns":2.0},{"damage":11.0,"enemies":"SI_SHIV_ARCHETYPE","floor":16.0,"turns":5.0},{"damage":0.0,"enemies":"Chosen","floor":19.0,"turns":2.0},{"damage":5.0,"enemies":"3 Byrds","floor":20.0,"turns":5.0},{"damage":18.0,"enemies":"3 Cultists","floor":21.0,"turns":5.0},{"damage":8.0,"enemies":"downfall:FleeingMerchant","floor":22.0,"turns":4.0},{"damage":31.0,"enemies":"Replay:Snechameleon","floor":25.0,"turns":6.0},{"damage":3,"enemies":"Centurion and Healer","floor":26,"turns":5},{"damage":7,"enemies":"Shelled Parasite and Fungi","floor":27,"turns":1}],"seed_played":"8700854851470090494","potions_obtained":[{"floor":5.0,"key":"Guardian:BlockOnCardUsePotion"},{"floor":6.0,"key":"sneckomod:MuddlingPotion"},{"floor":9.0,"key":"Energy Potion"},{"floor":10.0,"key":"hexamod:SoulburnPotion"},{"floor":16.0,"key":"AttackPotion"},{"floor":20.0,"key":"LiquidBronze"},{"floor":25.0,"key":"Block Potion"},{"floor":26,"key":"hexamod:SoulburnPotion"}],"is_trial":false,"path_per_floor":["R","M","M","$","M","M","T","?","M","E","R","E","R","?","M","B",null,"R","M","M","M","$","R","T","E","M","M"],"character_chosen":"THE_AUTOMATON","items_purchased":["Omamori","bronze:Fortify","HandDrill"],"campfire_rested":2,"item_purchase_floors":[4,4,22],"current_hp_per_floor":[70,68,68,68,63,56,56,36,23,6,27,23,44,44,39,28,70,70,70,65,47,39,39,39,8,5,0,0,0],"gold":151,"neow_bonus":"HUNDRED_GOLD","is_daily":false,"chose_seed":false,"campfire_upgraded":1,"win_rate":0.0,"timestamp":1613261611,"path_taken":["R","M","M","$","?","M","T","?","M","E","R","E","R","?","M","BOSS","R","M","M","M","$","R","T","E","M","M"],"items_purchased_type":["Relic","Card","Relic"],"build_version":"2020-12-22","purchased_purges":1,"victory":false,"max_hp_per_floor":[70,70,70,70,70,70,70,70,70,70,70,70,70,70,70,70,70,70,70,70,70,70,70,70,70,70,70,70,70],"card_choices":[{"not_picked":["bronze:Branch","bronze:DelayedGuard"],"picked":"bronze:WhirlingStrike","floor":2.0},{"not_picked":["bronze:MaxOutput","bronze:BronzeArmor"],"picked":"bronze:ChildClass","floor":3.0},{"not_picked":["bronze:Overload","bronze:BugBarrage"],"picked":"bronze:RecursiveStrike","floor":4.0},{"not_picked":["bronze:MaxOutput","bronze:Deprecate"],"picked":"bronze:Iterate","floor":5.0},{"not_picked":["bronze:Deprecate","bronze:DelayedSlice"],"picked":"bronze:Overheat","floor":6.0},{"not_picked":["bronze:BugBarrage","bronze:Invalidate+1"],"picked":"bronze:AlphaBuild","floor":8.0},{"not_picked":["bronze:Deprecate+1","bronze:CutThrough"],"picked":"bronze:Safeguard+1","floor":9.0},{"not_picked":["bronze:Return+1","bronze:Branch"],"picked":"bronze:ForceShield+1","floor":10.0},{"not_picked":["bronze:BitShift+1","bronze:BronzeArmor+1"],"picked":"bronze:FineTuning+1","floor":12.0},{"not_picked":["bronze:BronzeOrb","bronze:Branch"],"picked":"bronze:Boost+1","floor":15.0},{"not_picked":["bronze:BurnOut","bronze:Mutator"],"picked":"bronze:CleanCode","floor":16.0},{"not_picked":["bronze:Turbo+1","bronze:DarkDash"],"picked":"bronze:DelayedGuard+1","floor":19.0},{"not_picked":["bronze:ForceShield+1","bronze:Constructor+1"],"picked":"bronze:WildBeam+1","floor":20.0},{"not_picked":["bronze:Invalidate+1","bronze:Allocate+1","bronze:Separator"],"picked":"SKIP","floor":21.0},{"not_picked":["bronze:Invalidate+1","bronze:Deprecate+1","bronze:Shield+1"],"picked":"SKIP","floor":22.0},{"not_picked":["bronze:FindAndReplace+1","bronze:Frontload+1"],"picked":"bronze:Shell+1","floor":25.0},{"not_picked":["bronze:OilSpill","bronze:Invalidate+1"],"picked":"bronze:Overload+1","floor":26}],"player_experience":459418,"relics_obtained":[{"floor":7.0,"key":"Toxic Egg 2"},{"floor":8.0,"key":"Replay:PocketPolymizer"},{"floor":10.0,"key":"Happy Flower"},{"floor":12.0,"key":"Lantern"},{"floor":18.0,"key":"Ancient Tea Set"},{"floor":25.0,"key":"conspire:TopHat"},{"floor":25.0,"key":"bronze:CableSpool"}],"event_choices":[],"is_beta":false,"boss_relics":[{"not_picked":["Busted Crown","Sozu"],"picked":"Black Star"}],"items_purged_floors":[22],"is_endless":false,"potions_floor_spawned":[5,6,9,10,16,20,25,26],"killed_by":"Shelled Parasite and Fungi","ascension_level":1}}