{"host":"su4bqgzf8ryjohfr","time":1613335452,"event":{"mods":["BaseMod","Minty Spire (QoL Compilation)"],"gold_per_floor":[118,129,1570,1580,1591,1616,1616,1628,1675,1689,953,983,983,1000,1000,1102,1102,1120,263,273,273,2675,2707,2723,2638,2638,2738,2757,2757,2777,1757,1757,1855,1855,1869,1881,1901,1920,1930,1930,1943,1943,1970,1097,1007,1037,1037,1052,1052,1052,1052,1052,110,145,145],"floor_reached":56,"language":"ENG","playtime":4567,"items_purged":["Strike_G","Strike_G","Strike_G","Strike_G","Defend_G","Defend_G+1","Choke+1"],"score":1696,"play_id":"5790bfe5-1f5c-4552-a17f-8bfc7f99c368","local_time":"20210214154412","is_ascension_mode":true,"campfire_choices":[{"data":"Blade Dance","floor":7,"key":"SMITH"},{"data":"Blade Dance","floor":13,"key":"SMITH"},{"data":"Predator","floor":15,"key":"SMITH"},{"data":"Blade Dance","floor":29,"key":"SMITH"},{"data":"Stack","floor":32,"key":"SMITH"},{"floor":40,"key":"RECALL"},{"data":"Footwork","floor":47,"key":"SMITH"},{"data":"Wraith Form v2","floor":49,"key":"SMITH"},{"data":"Flechettes","floor":52,"key":"SMITH"}],"circlet_count":0,"master_deck":["Survivor","Neutralize","Endless Agony+1","Deflect+1","Blade Dance+1","Flechettes+1","Footwork+1","Backstab","Blur","Panacea","Acrobatics","Accuracy+1","Underhanded Strike","Prepared","Finisher","Blade Dance+1","Wraith Form v2+1","Predator+1","Backstab","Phantasmal Killer","Outmaneuver+1","Blade Dance+1","Footwork","Distraction+1","Stack+1","Blade Dance+1","Storm of Steel+1","Endless Agony+1","Apotheosis+1","Blade Dance+1","Stack+1"],"relics":["Astrolabe","ClockworkSouvenir","Thread and Needle","Pantograph","Dead Branch","Sling","Strawberry","War Paint","Bottled Tornado","WristBlade","Vajra","Mango","PrismaticShard","Anchor","Potion Belt","Pear","Ornamental Fan","Tingsha","Mummified Hand","TheAbacus","Toxic Egg 2","Frozen Egg 2","Runic Pyramid","Dream Catcher","PreservedInsect","StoneCalendar","Ancient Tea Set","Nunchaku","Toolbox","Ninja Scroll","Ice Cream","CaptainsWheel"],"acts_visited":["Exordium","TheCity","TheBeyond","TheEnding"],"potions_floor_usage":[],"damage_taken":[{"damage":1,"enemies":"Cultist","floor":1,"turns":3},{"damage":0,"enemies":"Jaw Worm","floor":2,"turns":2},{"damage":0,"enemies":"2 Louse","floor":4,"turns":1},{"damage":0,"enemies":"Blue Slaver","floor":5,"turns":3},{"damage":9,"enemies":"3 Sentries","floor":6,"turns":8},{"damage":0,"enemies":"Red Slaver","floor":8,"turns":3},{"damage":14,"enemies":"Exordium Thugs","floor":10,"turns":3},{"damage":0,"enemies":"Lagavulin","floor":12,"turns":4},{"damage":2,"enemies":"Gremlin Gang","floor":14,"turns":4},{"damage":10,"enemies":"Slime Boss","floor":16,"turns":17},{"damage":0,"enemies":"3 Byrds","floor":18,"turns":3},{"damage":0,"enemies":"Shell Parasite","floor":20,"turns":3},{"damage":25,"enemies":"Slavers","floor":23,"turns":4},{"damage":0,"enemies":"Centurion and Healer","floor":24,"turns":1},{"damage":0,"enemies":"Colosseum Slavers","floor":27,"turns":2},{"damage":0,"enemies":"Colosseum Nobs","floor":27,"turns":3},{"damage":0,"enemies":"Cultist and Chosen","floor":28,"turns":2},{"damage":0,"enemies":"Snake Plant","floor":30,"turns":1},{"damage":0,"enemies":"Champ","floor":33,"turns":7},{"damage":2,"enemies":"3 Shapes","floor":35,"turns":2},{"damage":0,"enemies":"3 Darklings","floor":36,"turns":2},{"damage":0,"enemies":"Sphere and 2 Shapes","floor":37,"turns":1},{"damage":0,"enemies":"Spire Growth","floor":38,"turns":2},{"damage":0,"enemies":"3 Darklings","floor":39,"turns":4},{"damage":0,"enemies":"Sphere and 2 Shapes","floor":41,"turns":1},{"damage":0,"enemies":"Nemesis","floor":46,"turns":3},{"damage":0,"enemies":"Transient","floor":48,"turns":5},{"damage":11,"enemies":"Time Eater","floor":50,"turns":7},{"damage":0,"enemies":"Shield and Spear","floor":54,"turns":2},{"damage":47,"enemies":"The Heart","floor":55,"turns":9}],"seed_played":"2472581477063718510","potions_obtained":[{"floor":1,"key":"GamblersBrew"},{"floor":5,"key":"BlessingOfTheForge"},{"floor":24,"key":"FairyPotion"},{"floor":28,"key":"GhostInAJar"}],"is_trial":false,"path_per_floor":["M","M","$","M","M","E","R","M","T","M","$","E","R","M","R","B",null,"M","$","M","?","$","E","M","?","T","?","M","R","M","$","R","B",null,"M","M","M","M","M","R","M","T","T","$","?","E","R","M","R","B",null,"R","$","E","B",null],"character_chosen":"THE_SILENT","items_purchased":["ClockworkSouvenir","Thread and Needle","Pantograph","Footwork","Backstab","Blur","Panacea","GhostInAJar","Ancient Potion","Sling","Strawberry","War Paint","Blade Dance","Wraith Form v2","Vajra","Mango","PrismaticShard","Blade Dance","Footwork","Anchor","TheAbacus","Toxic Egg 2","Frozen Egg 2","Blade Dance+1","Storm of Steel+1","StoneCalendar","Ancient Tea Set","Apotheosis+1","Blade Dance+1","Toolbox","Ninja Scroll","Ice Cream"],"campfire_rested":0,"item_purchase_floors":[3,3,3,3,3,3,3,3,3,11,11,11,11,11,19,19,19,19,19,22,31,31,31,31,31,44,44,44,44,53,53,53],"current_hp_per_floor":[69,69,69,69,69,60,60,60,60,46,53,53,53,51,51,66,77,77,91,91,91,91,66,66,76,76,76,76,76,76,76,76,101,101,99,99,99,99,99,99,99,99,99,99,99,99,99,99,99,90,101,101,101,101,54],"gold":145,"neow_bonus":"BOSS_RELIC","is_daily":false,"chose_seed":false,"campfire_upgraded":8,"win_rate":0.0,"timestamp":1613335452,"path_taken":["M","M","$","M","M","E","R","M","T","M","$","E","R","M","R","BOSS","M","?","M","?","$","E","M","?","T","?","M","R","?","$","R","BOSS","M","M","M","M","M","R","M","?","T","$","?","E","R","M","R","BOSS","R","$","E","BOSS"],"items_purchased_type":["Relic","Relic","Relic","Card","Card","Card","Card","Potion","Potion","Relic","Relic","Relic","Card","Card","Relic","Relic","Relic","Card","Card","Relic","Relic","Relic","Relic","Card","Card","Relic","Relic","Card","Card","Relic","Relic","Relic"],"build_version":"2020-12-22","purchased_purges":7,"victory":true,"max_hp_per_floor":[70,70,70,70,70,70,70,70,70,70,77,77,77,77,77,77,77,77,91,91,91,91,91,91,101,101,101,101,101,101,101,101,101,101,101,101,101,101,101,101,101,101,101,101,101,101,101,101,101,101,101,101,101,101,101],"card_choices":[{"not_picked":["Eviscerate","Slice"],"picked":"Blade Dance","floor":1},{"not_picked":["Noxious Fumes","Leg Sweep"],"picked":"Flechettes","floor":2},{"not_picked":["Tactician","Bouncing Flask"],"picked":"Acrobatics","floor":4},{"not_picked":["Poisoned Stab","Dodge and Roll"],"picked":"Accuracy","floor":5},{"not_picked":["Dagger Throw","Prepared"],"picked":"Underhanded Strike","floor":6},{"not_picked":["Dagger Throw","Dodge and Roll"],"picked":"Prepared","floor":8},{"not_picked":["Slice","Acrobatics"],"picked":"Finisher","floor":10},{"not_picked":["All Out Attack","PiercingWail"],"picked":"Predator","floor":12},{"not_picked":["Bane","PiercingWail"],"picked":"Backstab","floor":14},{"not_picked":["Tools of the Trade","Bullet Time"],"picked":"Phantasmal Killer","floor":16},{"not_picked":["Expertise+1","Heel Hook+1"],"picked":"Outmaneuver+1","floor":18},{"not_picked":["Calculated Gamble","CrushJoints","Distraction"],"picked":"SKIP","floor":20},{"not_picked":["Compile Driver+1","Forethought"],"picked":"Distraction+1","floor":23},{"not_picked":["Prepared","Streamline","FlyingSleeves"],"picked":"SKIP","floor":24},{"not_picked":["Aggregate","Halt+1","White Noise"],"picked":"SKIP","floor":28},{"not_picked":["Quick Slash+1","Go for the Eyes"],"picked":"Stack","floor":30},{"not_picked":["Flame Barrier+1","Dagger Spray+1","InnerPeace+1"],"picked":"SKIP","floor":35},{"not_picked":["Aggregate+1","Compile Driver","Quick Slash+1"],"picked":"SKIP","floor":36},{"not_picked":["InnerPeace+1","Chaos+1"],"picked":"Endless Agony+1","floor":37},{"not_picked":["WreathOfFlame+1","Deadly Poison+1","Iron Wave+1"],"picked":"SKIP","floor":38},{"not_picked":["Bane","Poisoned Stab+1","BattleHymn+1"],"picked":"SKIP","floor":39},{"not_picked":["FlyingSleeves+1","Pommel Strike","Seek+1"],"picked":"SKIP","floor":41},{"not_picked":["Thunder Strike","Anger+1"],"picked":"Stack+1","floor":46},{"not_picked":["Go for the Eyes","FlurryOfBlows","Steam Power+1"],"picked":"SKIP","floor":48},{"not_picked":["EmptyBody+1","Immolate","Hemokinesis+1"],"picked":"SKIP","floor":54}],"player_experience":56830,"relics_obtained":[{"floor":6,"key":"Dead Branch"},{"floor":12,"key":"Bottled Tornado"},{"floor":23,"key":"Potion Belt"},{"floor":26,"key":"Ornamental Fan"},{"floor":27,"key":"Tingsha"},{"floor":27,"key":"Mummified Hand"},{"floor":42,"key":"Dream Catcher"},{"floor":43,"key":"PreservedInsect"},{"floor":46,"key":"Nunchaku"},{"floor":54,"key":"CaptainsWheel"}],"event_choices":[{"damage_healed":0,"gold_gain":0,"player_choice":"Ignored","damage_taken":0,"max_hp_gain":0,"max_hp_loss":0,"event_name":"Ghosts","floor":21,"gold_loss":0},{"damage_healed":0,"gold_gain":0,"player_choice":"Obtained Relic","damage_taken":0,"relics_obtained":["Pear"],"max_hp_gain":0,"max_hp_loss":0,"event_name":"Addict","floor":25,"gold_loss":85},{"damage_healed":0,"gold_gain":0,"player_choice":"Fight","damage_taken":0,"max_hp_gain":0,"max_hp_loss":0,"event_name":"Colosseum","floor":27,"gold_loss":0},{"damage_healed":0,"gold_gain":0,"player_choice":"Fought Nobs","damage_taken":0,"max_hp_gain":0,"max_hp_loss":0,"event_name":"Colosseum","floor":27,"gold_loss":0},{"cards_removed":["Defend_G"],"damage_healed":0,"gold_gain":0,"player_choice":"Upgrade and Remove","damage_taken":0,"max_hp_gain":0,"max_hp_loss":0,"event_name":"Designer","floor":45,"gold_loss":90,"cards_upgraded":["Accuracy"]}],"is_beta":false,"boss_relics":[{"not_picked":["Fusion Hammer","Runic Dome"],"picked":"WristBlade"},{"not_picked":["SlaversCollar","Snecko Eye"],"picked":"Runic Pyramid"}],"items_purged_floors":[3,11,19,22,31,44,53],"is_endless":false,"potions_floor_spawned":[1,4,5,6,18,24,28,30,33,36,38,39,46],"ascension_level":4}}