{"host":"ekyl8r8j8fco3zlk","time":1613293747,"event":{"mods":["Act Like it!","Arknights","BaseMod","CapriCore","Decade(王小明)","Dota2Spire","Friendly Minions","Gensokyo","Marisa（F雨　魔理沙）","Minty Spire (QoL Compilation)","READ ME - Guardian Mod","Rare Cards Sparkle","Reimu（博丽灵梦）","StSLib","The Alterego","The Immortal","The Jungle","The Senshi","TheWitcher","Waifu the Spire","WarShipGirlsR/战舰少女R mod","Yakumo Yukari mod","【遗物卡牌】REMEMod"],"gold_per_floor":[118,218,234,280,292,292,292,307,307,307,326,352,45,45,45,145,145,158,168,187,187,200,200,200,200,200],"floor_reached":25,"language":"ZHS","playtime":1032,"items_purged":[],"score":230,"play_id":"042024f5-7489-422c-a064-f3925a6e170c","local_time":"20210214170907","is_ascension_mode":false,"campfire_choices":[{"data":"alterego_mod:DustData","floor":6,"key":"SMITH"},{"data":"alterego_mod:Impale","floor":10,"key":"SMITH"},{"data":"alterego_mod:AlterEgo","floor":15,"key":"SMITH"},{"data":"alterego_mod:Vow","floor":23,"key":"SMITH"}],"circlet_count":0,"master_deck":["alterego_mod:Strike+1","alterego_mod:Strike+1","alterego_mod:Strike+1","alterego_mod:Strike+1","alterego_mod:Defend+1","alterego_mod:Defend+1","alterego_mod:Defend+1","alterego_mod:Defend+1","alterego_mod:Impale+1","alterego_mod:BigMeatyClaws","alterego_mod:BrynhildrsRune","Core Surge","alterego_mod:Pet","alterego_mod:Undulate","alterego_mod:MaintainEyeContact","alterego_mod:GoddessCore","alterego_mod:Exercise","alterego_mod:DeftHands","alterego_mod:Rake","alterego_mod:AlterEgo+1","alterego_mod:Vow+1","alterego_mod:SakuraFive","alterego_mod:MagicResistance+1","alterego_mod:Mirror+1"],"relics":["alterego_mod:MasochisticConstitution","REME_ComplimentaryCards","Dota2Spire:BattleFury","Ice Cream","Art of War","Dota2Spire:Mjollnir","REME_ChargedStone"],"acts_visited":["Exordium","TheCity"],"potions_floor_usage":[4,12,20,25,25,25],"damage_taken":[{"damage":6,"enemies":"Small Slimes","floor":1,"turns":5},{"damage":11,"enemies":"Jaw Worm","floor":3,"turns":6},{"damage":0,"enemies":"Cultist","floor":4,"turns":6},{"damage":13,"enemies":"Exordium Wildlife","floor":5,"turns":8},{"damage":10,"enemies":"Exordium Thugs","floor":8,"turns":3},{"damage":3,"enemies":"3 Louse","floor":11,"turns":4},{"damage":16,"enemies":"Lagavulin","floor":12,"turns":7},{"damage":31,"enemies":"The Guardian","floor":16,"turns":10},{"damage":18,"enemies":"2 Thieves","floor":18,"turns":4},{"damage":20,"enemies":"Spheric Guardian","floor":19,"turns":5},{"damage":9,"enemies":"Chosen and Byrds","floor":20,"turns":4},{"damage":21,"enemies":"Snake Plant","floor":22,"turns":3},{"damage":15,"enemies":"REME_1_Revenger","floor":25,"turns":3}],"seed_played":"844282673338932381","potions_obtained":[{"floor":3,"key":"REME_GoldPotion"},{"floor":5,"key":"Strength Potion"},{"floor":11,"key":"Energy Potion"},{"floor":16,"key":"Swift Potion"},{"floor":20,"key":"Strength Potion"},{"floor":22,"key":"Fire Potion"}],"is_trial":false,"path_per_floor":["M","?","M","M","M","R","T","M","T","R","M","E","$","?","R","B",null,"M","M","M","?","M","R","?","E"],"character_chosen":"The_Alterego","items_purchased":["Dota2Spire:Mjollnir"],"campfire_rested":0,"item_purchase_floors":[13],"current_hp_per_floor":[71,71,68,72,71,71,71,62,62,62,60,52,52,52,52,22,77,60,41,40,40,27,27,12,0,0],"gold":200,"neow_bonus":"THREE_CARDS","is_daily":false,"chose_seed":false,"campfire_upgraded":4,"win_rate":0.0,"timestamp":1613293747,"path_taken":["M","?","?","M","?","R","?","M","T","R","M","E","?","?","R","BOSS","M","?","M","?","M","R","?","E"],"items_purchased_type":["Relic"],"build_version":"2020-12-22","purchased_purges":0,"victory":false,"max_hp_per_floor":[71,71,72,72,73,73,73,74,74,74,75,76,76,76,76,77,77,78,79,80,80,81,81,86,86,86],"card_choices":[{"not_picked":["alterego_mod:HighServant","alterego_mod:Lingerie"],"picked":"alterego_mod:Pet","floor":0},{"not_picked":["alterego_mod:SakuraPetals","alterego_mod:MagicResistance"],"picked":"alterego_mod:Undulate","floor":1},{"not_picked":["alterego_mod:DiscoLights","alterego_mod:Maid"],"picked":"alterego_mod:DustData","floor":3},{"not_picked":["alterego_mod:GachaTicket","alterego_mod:DiscoLights"],"picked":"alterego_mod:MaintainEyeContact","floor":4},{"not_picked":["alterego_mod:Cooking","alterego_mod:MagicResistance"],"picked":"alterego_mod:GoddessCore","floor":5},{"not_picked":["alterego_mod:GoddessCore","alterego_mod:RocketPunch"],"picked":"alterego_mod:Exercise","floor":8},{"not_picked":["alterego_mod:HighServant","alterego_mod:Cooking"],"picked":"alterego_mod:DeftHands","floor":11},{"not_picked":["alterego_mod:ChallengeComplete","alterego_mod:MagicResistance"],"picked":"alterego_mod:Rake","floor":12},{"not_picked":[],"picked":"alterego_mod:AlterEgo","floor":14},{"not_picked":["alterego_mod:Antipathy","alterego_mod:Rake"],"picked":"alterego_mod:Vow","floor":16},{"not_picked":["alterego_mod:Exercise","alterego_mod:Maid","alterego_mod:BoobPocket+1"],"picked":"SKIP","floor":18},{"not_picked":["alterego_mod:1TonWallop","alterego_mod:Mirror"],"picked":"alterego_mod:SakuraFive","floor":19},{"not_picked":["alterego_mod:Rip","alterego_mod:BiFurious"],"picked":"alterego_mod:MagicResistance+1","floor":20},{"not_picked":["alterego_mod:Bounce","alterego_mod:Jiggle"],"picked":"alterego_mod:Mirror+1","floor":22}],"player_experience":617738,"relics_obtained":[{"floor":7,"key":"Dota2Spire:BattleFury"},{"floor":9,"key":"Ice Cream"},{"floor":12,"key":"Art of War"}],"event_choices":[{"damage_healed":0,"gold_gain":100,"player_choice":"Gold","damage_taken":0,"max_hp_gain":0,"max_hp_loss":0,"event_name":"Wheel of Change","floor":2,"gold_loss":0},{"damage_healed":0,"gold_gain":0,"player_choice":"Simplicity","damage_taken":0,"max_hp_gain":0,"max_hp_loss":0,"event_name":"Back to Basics","floor":21,"gold_loss":0,"cards_upgraded":["alterego_mod:Strike","alterego_mod:Strike","alterego_mod:Strike","alterego_mod:Strike","alterego_mod:Defend","alterego_mod:Defend","alterego_mod:Defend","alterego_mod:Defend"]},{"damage_healed":0,"gold_gain":0,"player_choice":"Shed Blood","damage_taken":20,"max_hp_gain":5,"max_hp_loss":0,"event_name":"Forgotten Altar","floor":24,"gold_loss":0}],"is_beta":false,"boss_relics":[{"not_picked":["REME_LowDesire","RedLine:ReiMu"],"picked":"REME_ChargedStone"}],"items_purged_floors":[],"is_endless":false,"potions_floor_spawned":[3,5,11,16,20,22],"killed_by":"REME_1_Revenger","ascension_level":0}}