{"host":"farxtl2u8hmkbdo2","time":1613321746,"event":{"mods":["A Magickal Journey","BaseMod","Better Altar","Better Note","Better Sensory Stone","Better Skull","Better Third Choice","Challenge The Spire","Colored Map","Colored Powertips","Current Relic Mod","Downfall","Energized Spire","Fox Events","Gremlin Mod","Hermit","Hubris","Mimic Mod","Minty Spire (QoL Compilation)","Quick Restart","READ ME - Guardian Mod","Rare Cards Sparkle","StSLib","The Bladedancer","The Bug Knight","The Cursed","The Disciple","The Hierophant","The Marked","The Necromancer","The Runesmith","Transform Curses"],"gold_per_floor":[118,118,118,146,223,256,274,274,351,378,493,523,542,562,562,665,742,755,768,693,712,731,756,756,882,1008,1008,1034,497,525,545,545,647,724,743,743,743,743,291,291,326,13,142,177,177,177,196,212,212,212,212,212,11,44,44,44],"floor_reached":55,"language":"SPA","playtime":4552,"items_purged":["Runesmith:Defend_RS"],"score":1443,"play_id":"78ccf192-42be-4982-bd6b-17ad5b587836","local_time":"20210214135546","is_ascension_mode":true,"campfire_choices":[{"data":"Runesmith:Reinforce","floor":8.0,"key":"SMITH"},{"floor":15.0,"key":"REST"},{"data":"Runesmith:Firewall","floor":24.0,"key":"SMITH"},{"data":"Runesmith:Fortify","floor":27.0,"key":"SMITH"},{"floor":32.0,"key":"REST"},{"data":"Runesmith:CraftFirestone","floor":40.0,"key":"SMITH"},{"floor":46.0,"key":"RECALL"},{"data":"Runesmith:MetallurgicalResearch","floor":49.0,"key":"SMITH"},{"data":"Runesmith:Grindstone","floor":52.0,"key":"SMITH"}],"circlet_count":0,"master_deck":["Runesmith:Strike_RS","Runesmith:Strike_RS","Runesmith:Strike_RS","Runesmith:Defend_RS","Runesmith:Defend_RS","Runesmith:Defend_RS","Runesmith:CraftFirestone+1","Runesmith:Fortify+1","Runesmith:Reinforce+1","Runesmith:Firewall+1","Runesmith:GrandSlam+1","Runesmith:NanitesCloud","Runesmith:RuneHurl+1","Runesmith:ShiftingStrike+1","Runesmith:ShiftingStrike+1","Runesmith:Malloc","Runesmith:CreatorForm","Runesmith:BackupBattery","Runesmith:HammerThrow+1","Runesmith:NanitesCloud","Slimebound:LeechingTouch+1","Runesmith:HammerThrow+1","Runesmith:ChiselStab+1","Runesmith:ShiftingStrike+1","Slimebound:ProtectTheBoss","Runesmith:BackupBattery","Runesmith:Grindstone+1","Runesmith:WhiteBalance+1","Slimebound:HauntingLick","Runesmith:MakeshiftArmor","Runesmith:HammerTime+1","Runesmith:RuneHurl+1","Slimebound:SplitAcid","Runesmith:UnstableHammer+1","Runesmith:EnergizedChisel+1","Runesmith:HeatExchange+1","Slimebound:MinionMaster","Runesmith:EarthShield","Runesmith:CraftIncendium","Runesmith:Empowerment","Slimebound:Prepare","Runesmith:StaticCage+1","Runesmith:CraftMagma","Runesmith:CraftSpiculum","Slimebound:Equalize+1","Runesmith:GoWithTheFlow+1","Good Instincts","Runesmith:NanitesCloud","Runesmith:UnstableHammer+1","Runesmith:CraftPrismatica+1","Slimebound:SlimeSpikes","Runesmith:NanitesCloud","Runesmith:DoubleUp","Runesmith:UnstableHammer+1","Slimebound:Schlurp","Runesmith:GenerateForcefield","Runesmith:CraftMedicinae","Runesmith:MetallurgicalResearch+1","Slimebound:Recycling","Runesmith:CraftMagma","Runesmith:StaticCage+1","Runesmith:EarthShield+1","Slimebound:SamplingLick","Madness","Madness","Runesmith:CraftIncendium","Runesmith:MakeshiftArmor+1","Runesmith:Grindstone","Runesmith:CraftMagma","Slimebound:HauntingLick","Runesmith:StaticCage+1","Runesmith:HeatExchange+1","Runesmith:Refine+1","Slimebound:Grow","Runesmith:ShiftingStrike+1","Runesmith:MakeshiftArmor+1","Runesmith:Firestorm+1","Slimebound:SlimeSpikes"],"relics":["Runesmith:BrokenRuby","hubris:Towel","hubris:Icosahedron","foxEvents:LuckyCharm","Molten Egg 2","Nunchaku","hubris:CuriousFeather","hubris:DisguiseKit","Unceasing Top","energizedSpire:StickyHand","Runesmith:Nanobots","Runesmith:EmergencyProvisions","Anchor","hubris:FunFungus","Regal Pillow","Potion Belt","hubris:TinFlute","hubris:RunicObelisk","Bag of Preparation","Pear","Ancient Tea Set","Torii","Lizard Tail","Vajra","hubris:AstralHammer"],"acts_visited":["Exordium","TheCity","TheBeyond","TheEnding"],"potions_floor_usage":[55,55],"damage_taken":[{"damage":5.0,"enemies":"2 Louse","floor":1.0,"turns":4.0},{"damage":16.0,"enemies":"Colosseum Slavers","floor":4.0,"turns":6.0},{"damage":16.0,"enemies":"Lagavulin","floor":6.0,"turns":8.0},{"damage":10.0,"enemies":"Small Slimes","floor":7.0,"turns":4.0},{"damage":0.0,"enemies":"Gremlin Nob","floor":10.0,"turns":2.0},{"damage":0.0,"enemies":"Cultist","floor":11.0,"turns":4.0},{"damage":22.0,"enemies":"3 Sentries","floor":12.0,"turns":8.0},{"damage":0.0,"enemies":"Exordium Thugs","floor":13.0,"turns":4.0},{"damage":0.0,"enemies":"Exordium Wildlife","floor":14.0,"turns":5.0},{"damage":0.0,"enemies":"Slime Boss","floor":16.0,"turns":8.0},{"damage":0.0,"enemies":"Spheric Guardian","floor":18.0,"turns":3.0},{"damage":6.0,"enemies":"Shell Parasite","floor":19.0,"turns":6.0},{"damage":2.0,"enemies":"Snake Plant","floor":21.0,"turns":4.0},{"damage":1.0,"enemies":"Centurion and Healer","floor":22.0,"turns":5.0},{"damage":24.0,"enemies":"Book of Stabbing","floor":23.0,"turns":4.0},{"damage":23.0,"enemies":"HollowMod:Nosk","floor":25.0,"turns":6.0},{"damage":0.0,"enemies":"Gremlin Leader","floor":28.0,"turns":6.0},{"damage":5.0,"enemies":"Slavers","floor":30.0,"turns":5.0},{"damage":0.0,"enemies":"Cultist and Chosen","floor":31.0,"turns":3.0},{"damage":42.0,"enemies":"Automaton","floor":33.0,"turns":9.0},{"damage":0.0,"enemies":"3 Shapes","floor":35.0,"turns":4.0},{"damage":0.0,"enemies":"Giant Head","floor":41.0,"turns":4.0},{"damage":0.0,"enemies":"Reptomancer","floor":44.0,"turns":4.0},{"damage":0.0,"enemies":"Orb Walker","floor":47.0,"turns":3.0},{"damage":1.0,"enemies":"Writhing Mass","floor":48.0,"turns":5.0},{"damage":115.0,"enemies":"Time Eater","floor":50.0,"turns":12.0},{"damage":18.0,"enemies":"Shield and Spear","floor":54.0,"turns":6.0},{"damage":58,"enemies":"The Heart","floor":55,"turns":5}],"seed_played":"-7658293762759255688","potions_obtained":[{"floor":6.0,"key":"SmokeBomb"},{"floor":7.0,"key":"sneckomod:MuddlingPotion"},{"floor":13.0,"key":"SpeedPotion"},{"floor":14.0,"key":"PowerPotion"},{"floor":16.0,"key":"EssenceOfSteel"},{"floor":19.0,"key":"SteroidPotion"},{"floor":21.0,"key":"PowerPotion"},{"floor":25.0,"key":"FearPotion"},{"floor":28.0,"key":"SkillPotion"},{"floor":33.0,"key":"champ:CounterPotion"},{"floor":41.0,"key":"champ:CounterPotion"},{"floor":44.0,"key":"FearPotion"},{"floor":54.0,"key":"DuplicationPotion"}],"is_trial":false,"path_per_floor":["M","?","?","?","T","E","M","R","T","E","M","E","M","M","R","B",null,"M","M","?","M","M","E","R","E","T","R","E","$","E","M","R","B",null,"M","?","?","?","$","R","E","$","T","E","$","R","M","M","R","B",null,"R","$","E","B"],"character_chosen":"RUNESMITH_CLASS","items_purchased":["Regal Pillow","Potion Belt","Runesmith:GoWithTheFlow+1","Good Instincts","Bag of Preparation","Pear","Runesmith:CraftIncendium","Torii","Vajra","FearPotion"],"campfire_rested":2,"item_purchase_floors":[29,29,29,29,39,39,39,42,53,53],"current_hp_per_floor":[65,65,65,49,49,33,23,23,23,23,23,1,1,1,24,24,64,64,58,58,56,55,53,53,30,30,30,30,30,36,36,74,33,66,67,67,67,57,67,67,69,69,69,75,75,75,77,78,78,34,74,74,74,56,0,0],"gold":44,"neow_bonus":"TEN_PERCENT_HP_BONUS","is_daily":false,"chose_seed":false,"campfire_upgraded":6,"win_rate":0.0,"timestamp":1613321746,"path_taken":["M","?","?","?","?","E","M","R","T","E","M","E","M","?","R","BOSS","M","M","?","M","M","E","R","E","T","R","E","$","E","M","R","BOSS","M","?","?","?","$","R","E","$","T","E","?","R","M","M","R","BOSS","R","$","E","BOSS"],"items_purchased_type":["Relic","Relic","Card","Card","Relic","Relic","Card","Relic","Relic","Potion"],"build_version":"2020-12-22","purchased_purges":1,"victory":false,"max_hp_per_floor":[77,77,77,77,77,77,77,77,77,77,77,77,77,77,77,77,77,77,77,77,77,77,77,77,77,77,77,77,77,77,77,77,77,77,77,77,77,77,87,87,87,87,87,87,87,87,87,87,87,87,87,87,87,87,87,87],"card_choices":[{"not_picked":["Runesmith:EarthShield","Runesmith:Repurpose"],"picked":"Runesmith:Reinforce","floor":1.0},{"not_picked":["Runesmith:RuneHurl+1","Runesmith:Empowerment"],"picked":"Runesmith:Firewall","floor":6.0},{"not_picked":["Runesmith:CraftVitae","Runesmith:UnstableHammer+1"],"picked":"Runesmith:GrandSlam+1","floor":7.0},{"not_picked":["Runesmith:UnstableHammer+1","Runesmith:HeatExchange+1"],"picked":"Runesmith:NanitesCloud","floor":10.0},{"not_picked":["Runesmith:Repurpose","Runesmith:EarthShield","Slimebound:AcidTongue"],"picked":"Runesmith:RuneHurl+1","floor":11.0},{"not_picked":["Runesmith:Duplicate","Runesmith:Augment","Slimebound:Grow"],"picked":"Runesmith:ShiftingStrike+1","floor":12.0},{"not_picked":["Runesmith:EnergizedChisel+1","Runesmith:CraftProtectio","Slimebound:HauntingLick"],"picked":"Runesmith:ShiftingStrike+1","floor":13.0},{"not_picked":["Runesmith:ShiftingStrike+1","Runesmith:NanitesCloud","Slimebound:Gluttony"],"picked":"Runesmith:Malloc","floor":14.0},{"not_picked":["Runesmith:FissionHammer+1","Runesmith:LightningRod","Slimebound:FirmFortitude"],"picked":"Runesmith:CreatorForm","floor":16.0},{"not_picked":["Runesmith:BackupBattery","Runesmith:NanitesCloud","Slimebound:LeechingTouch"],"picked":"Runesmith:HammerThrow+1","floor":18.0},{"not_picked":["Runesmith:HammerThrow+1","Runesmith:ChiselStab+1","Runesmith:ShiftingStrike+1"],"picked":"Slimebound:ProtectTheBoss","floor":19.0},{"not_picked":["Runesmith:BackupBattery","Runesmith:Grindstone","Slimebound:HauntingLick"],"picked":"Runesmith:WhiteBalance+1","floor":21.0},{"not_picked":["Runesmith:MakeshiftArmor","Runesmith:HammerTime+1","Runesmith:RuneHurl+1"],"picked":"Slimebound:SplitAcid","floor":22.0},{"not_picked":["Runesmith:UnstableHammer+1","Runesmith:EnergizedChisel+1","Slimebound:MinionMaster"],"picked":"Runesmith:HeatExchange+1","floor":23.0},{"not_picked":["Runesmith:EarthShield","Runesmith:Empowerment","Slimebound:Prepare"],"picked":"Runesmith:CraftIncendium","floor":25.0},{"not_picked":["Runesmith:StaticCage+1","Runesmith:CraftSpiculum","Slimebound:Equalize"],"picked":"Runesmith:CraftMagma","floor":28.0},{"not_picked":["Runesmith:NanitesCloud","Runesmith:UnstableHammer+1","Slimebound:SlimeSpikes"],"picked":"Runesmith:CraftPrismatica","floor":30.0},{"not_picked":["Runesmith:NanitesCloud","Runesmith:DoubleUp","Slimebound:Schlurp"],"picked":"Runesmith:UnstableHammer+1","floor":31.0},{"not_picked":["Runesmith:GenerateForcefield","Runesmith:MetallurgicalResearch","Slimebound:Recycling"],"picked":"Runesmith:CraftMedicinae","floor":33.0},{"not_picked":["Runesmith:CraftMagma","Runesmith:StaticCage+1","Runesmith:EarthShield+1"],"picked":"Slimebound:SamplingLick","floor":35.0},{"not_picked":["Runesmith:MakeshiftArmor+1","Runesmith:Grindstone","Slimebound:HauntingLick"],"picked":"Runesmith:CraftMagma","floor":41.0},{"not_picked":["Runesmith:UnstableHammer+1","Runesmith:CraftMagma","Runesmith:HeatExchange+1","Slimebound:PressTheAttack"],"picked":"SKIP","floor":44.0},{"not_picked":["Runesmith:StaticCage+1","Runesmith:HeatExchange+1","Slimebound:Grow"],"picked":"Runesmith:Refine+1","floor":47.0},{"not_picked":["Runesmith:HeatedChisel+1","Runesmith:EnergizedChisel+1","Runesmith:ChiselStab+1","Slimebound:ItLooksTasty"],"picked":"SKIP","floor":48.0},{"not_picked":["Runesmith:ShiftingStrike+1","Runesmith:MakeshiftArmor+1","Slimebound:SlimeSpikes"],"picked":"Runesmith:Firestorm+1","floor":54.0}],"player_experience":2212009,"relics_obtained":[{"floor":4.0,"key":"foxEvents:LuckyCharm"},{"floor":5.0,"key":"Molten Egg 2"},{"floor":6.0,"key":"Nunchaku"},{"floor":9.0,"key":"hubris:CuriousFeather"},{"floor":10.0,"key":"hubris:DisguiseKit"},{"floor":12.0,"key":"Unceasing Top"},{"floor":23.0,"key":"Runesmith:Nanobots"},{"floor":25.0,"key":"Runesmith:EmergencyProvisions"},{"floor":26.0,"key":"Anchor"},{"floor":28.0,"key":"hubris:FunFungus"},{"floor":30.0,"key":"hubris:TinFlute"},{"floor":41.0,"key":"Ancient Tea Set"},{"floor":44.0,"key":"Lizard Tail"},{"floor":54.0,"key":"hubris:AstralHammer"}],"event_choices":[{"cards_removed":["Runesmith:Strike_RS"],"damage_healed":0.0,"max_hp_gain":0.0,"max_hp_loss":0.0,"gold_gain":0.0,"event_name":"Beggar","player_choice":"Gave Gold","floor":20.0,"gold_loss":75.0,"damage_taken":0.0},{"damage_healed":0.0,"max_hp_gain":0.0,"max_hp_loss":0.0,"gold_gain":0.0,"event_name":"Tomb of Lord Red Mask","player_choice":"Ignored","floor":36.0,"gold_loss":0.0,"damage_taken":0.0},{"damage_healed":0.0,"max_hp_gain":0.0,"max_hp_loss":0.0,"gold_gain":0.0,"event_name":"Winding Halls","player_choice":"Embrace Madness","floor":38.0,"gold_loss":0.0,"damage_taken":10.0,"cards_obtained":["Madness","Madness"]}],"is_beta":false,"boss_relics":[{"not_picked":["Runesmith:UraniumAnvil","Velvet Choker"],"picked":"energizedSpire:StickyHand"},{"not_picked":["Snecko Eye","energizedSpire:RedRose"],"picked":"hubris:RunicObelisk"}],"items_purged_floors":[29],"is_endless":false,"potions_floor_spawned":[6,7,13,14,16,19,21,25,28,33,41,44,54],"killed_by":"The Heart","ascension_level":7}}