{"host":"pi8b3ffzwvxqztac","time":1613323233,"event":{"mods":["BaseMod","Colored Map","Custom Start","Downfall","Minty Spire (QoL Compilation)","StSLib"],"gold_per_floor":[18,29,46,11,11,11,11,26,100,100,100,100,130,16,16,114,114,133,152,172,186,186,186,186,212,212,311,342,342,40,60,60,157,207,221,239,258,258,59,59,71,71,71,89,101,0,16,16,16,16],"floor_reached":51,"language":"ENG","playtime":2349,"items_purged":[],"score":933,"play_id":"4d6178fc-b378-4168-8eba-1a1bc38d6a39","local_time":"20210215062033","is_ascension_mode":true,"campfire_choices":[{"data":"1","floor":6,"key":"LIFT"},{"data":"2","floor":10,"key":"LIFT"},{"floor":12,"key":"REST"},{"data":"3","floor":15,"key":"LIFT"},{"data":"Zap","floor":23,"key":"SMITH"},{"data":"Dualcast","floor":29,"key":"SMITH"},{"floor":32,"key":"REST"},{"data":"Tempest","floor":40,"key":"SMITH"},{"data":"Scrape","floor":42,"key":"SMITH"},{"floor":49,"key":"REST"}],"circlet_count":0,"master_deck":["Strike_B","Strike_B","Defend_B+1","Defend_B","Defend_B","Defend_B","Zap+1","Dualcast+1","Reinforced Body+1","Gash+1","Rebound","Scrape+1","Reboot","Chill+1","Hologram+1","Gash+1","Beam Cell","Scrape","Leap","Go for the Eyes+1","Tempest+1","Gash","Leap","Beam Cell","Scrape","Leap+1","Reinforced Body+1","Gash+1"],"relics":["Cracked Core","Girya","The Courier","Question Card","Bronze Scales","Chemical X","expansioncontent:StudyCardRelic","Strawberry","Matryoshka","Juzu Bracelet","Medical Kit","Lantern","Tiny House","Omamori","Calipers","Red Mask"],"acts_visited":["Exordium","TheCity","TheBeyond"],"potions_floor_usage":[13,13,28,31,33,37,41,50,50],"damage_taken":[{"damage":7,"enemies":"Jaw Worm","floor":1,"turns":4},{"damage":4,"enemies":"Small Slimes","floor":2,"turns":3},{"damage":1,"enemies":"2 Louse","floor":3,"turns":3},{"damage":18,"enemies":"Exordium Thugs","floor":8,"turns":8},{"damage":15,"enemies":"3 Sentries","floor":13,"turns":9},{"damage":11,"enemies":"Slime Boss","floor":16,"turns":8},{"damage":0,"enemies":"3 Byrds","floor":18,"turns":2},{"damage":4,"enemies":"Shell Parasite","floor":19,"turns":3},{"damage":1,"enemies":"Shelled Parasite and Fungi","floor":20,"turns":3},{"damage":17,"enemies":"Sentry and Sphere","floor":21,"turns":3},{"damage":3,"enemies":"Slavers","floor":28,"turns":5},{"damage":2,"enemies":"Snake Plant","floor":31,"turns":2},{"damage":30,"enemies":"Champ","floor":33,"turns":7},{"damage":0,"enemies":"Orb Walker","floor":35,"turns":3},{"damage":0,"enemies":"3 Shapes","floor":36,"turns":4},{"damage":18,"enemies":"Spire Growth","floor":37,"turns":3},{"damage":0,"enemies":"Sphere and 2 Shapes","floor":41,"turns":4},{"damage":0,"enemies":"Maw","floor":44,"turns":5},{"damage":0,"enemies":"Jaw Worm Horde","floor":45,"turns":3},{"damage":0,"enemies":"3 Darklings","floor":47,"turns":3},{"damage":60,"enemies":"Awakened One","floor":50,"turns":11}],"seed_played":"1923239540270910020","potions_obtained":[{"floor":2,"key":"Energy Potion"},{"floor":8,"key":"PowerPotion"},{"floor":13,"key":"Weak Potion"},{"floor":19,"key":"Dexterity Potion"},{"floor":20,"key":"SpeedPotion"},{"floor":21,"key":"Block Potion"},{"floor":28,"key":"Explosive Potion"},{"floor":34,"key":"AttackPotion"},{"floor":36,"key":"Energy Potion"},{"floor":38,"key":"Slimebound:ThreeZeroPotion"},{"floor":38,"key":"Guardian:BlockOnCardUsePotion"},{"floor":41,"key":"Energy Potion"},{"floor":47,"key":"ColorlessPotion"}],"is_trial":false,"path_per_floor":["M","M","M","?","?","R","?","M","T","R","T","R","E","$","R","B",null,"M","M","M","M","?","R","?","T","T","?","E","R","$","M","R","B",null,"M","M","M","?","$","R","M","R","T","M","M","?","M","?","R","B",null],"character_chosen":"DEFECT","items_purchased":["Chemical X","Medical Kit","Lantern","Scrape","Gash","Leap","Beam Cell","Scrape","Stack"],"campfire_rested":3,"item_purchase_floors":[14,30,30,30,39,39,39,39,39],"current_hp_per_floor":[61,57,56,74,67,67,52,34,34,34,34,56,41,41,41,30,64,64,60,59,42,42,42,28,35,35,35,32,32,32,30,56,26,77,77,77,59,59,59,59,59,59,59,59,59,59,59,59,86,26],"gold":16,"neow_bonus":"ONE_RARE_RELIC","is_daily":false,"chose_seed":false,"campfire_upgraded":4,"win_rate":0.0,"timestamp":1613323233,"path_taken":["M","M","M","?","?","R","?","M","T","R","?","R","E","$","R","BOSS","M","M","M","M","?","R","?","?","T","?","E","R","$","M","R","BOSS","M","M","M","?","$","R","M","R","T","M","M","?","M","?","R","BOSS"],"items_purchased_type":["Relic","Relic","Relic","Card","Card","Card","Card","Card","Card"],"build_version":"2020-12-22","purchased_purges":0,"victory":true,"max_hp_per_floor":[75,75,75,75,75,75,75,75,75,75,75,75,75,75,75,75,75,75,75,75,75,75,75,80,87,87,87,87,87,87,87,87,87,92,92,92,92,92,92,92,92,92,92,92,92,92,92,92,92,92],"card_choices":[{"not_picked":["Streamline","Hello World","Compile Driver"],"picked":"SKIP","floor":1},{"not_picked":["Lockon","Rebound"],"picked":"Reinforced Body","floor":2},{"not_picked":["Compile Driver","Chaos"],"picked":"Gash","floor":3},{"not_picked":["Rebound","Redo","Turbo"],"picked":"SKIP","floor":8},{"not_picked":["Redo","Turbo"],"picked":"Rebound","floor":8},{"not_picked":["Tempest","Core Surge","Cold Snap"],"picked":"Scrape","floor":13},{"not_picked":["Multi-Cast","Meteor Strike","Fission"],"picked":"Reboot","floor":16},{"not_picked":["Recycle","Rebound","Hologram"],"picked":"Chill+1","floor":18},{"not_picked":["Genetic Algorithm","Doom and Gloom","Loop"],"picked":"Hologram+1","floor":19},{"not_picked":["Stack","Static Discharge","Ball Lightning","Compile Driver"],"picked":"SKIP","floor":20},{"not_picked":["Steam+1","Melter","Ball Lightning+1"],"picked":"Gash+1","floor":21},{"not_picked":["Doom and Gloom+1","Ball Lightning","Sweeping Beam"],"picked":"Beam Cell","floor":28},{"not_picked":["Hello World","Steam+1","Sweeping Beam+1","Darkness"],"picked":"SKIP","floor":31},{"not_picked":["Sweeping Beam","Barrage","Double Energy+1"],"picked":"Leap","floor":34},{"not_picked":["Redo+1","Loop","Cold Snap+1"],"picked":"Go for the Eyes+1","floor":35},{"not_picked":["Leap","Doom and Gloom+1","Double Energy+1"],"picked":"Tempest","floor":36},{"not_picked":["Coolheaded","Machine Learning","Steam Power","Compile Driver"],"picked":"SKIP","floor":37},{"not_picked":["Melter+1","Heatsinks+1","Beam Cell"],"picked":"Leap+1","floor":41},{"not_picked":["Capacitor+1","Storm+1","Barrage+1"],"picked":"Reinforced Body+1","floor":44},{"not_picked":["Rainbow","Storm+1","Steam","Ball Lightning+1"],"picked":"SKIP","floor":45},{"not_picked":["Hello World+1","Compile Driver","Stack"],"picked":"Gash+1","floor":47}],"player_experience":787621,"relics_obtained":[{"floor":9,"key":"The Courier"},{"floor":11,"key":"Question Card"},{"floor":13,"key":"Bronze Scales"},{"floor":25,"key":"Strawberry"},{"floor":26,"key":"Matryoshka"},{"floor":28,"key":"Juzu Bracelet"},{"floor":43,"key":"Omamori"},{"floor":43,"key":"Calipers"}],"event_choices":[{"damage_healed":18,"gold_gain":0,"player_choice":"Healed","damage_taken":0,"max_hp_gain":0,"max_hp_loss":0,"event_name":"The Cleric","floor":4,"gold_loss":35},{"cards_removed":["Strike_B"],"damage_healed":0,"gold_gain":0,"player_choice":"Card Removal","damage_taken":7,"max_hp_gain":0,"max_hp_loss":0,"event_name":"Golden Wing","floor":5,"gold_loss":0},{"damage_healed":0,"gold_gain":0,"player_choice":"Entered Light","damage_taken":15,"max_hp_gain":0,"max_hp_loss":0,"event_name":"Shining Light","floor":7,"gold_loss":0,"cards_upgraded":["Gash","Defend_B"]},{"cards_removed":["Strike_B"],"damage_healed":0,"gold_gain":0,"player_choice":"Elegance","damage_taken":0,"max_hp_gain":0,"max_hp_loss":0,"event_name":"Back to Basics","floor":22,"gold_loss":0},{"damage_healed":0,"gold_gain":0,"player_choice":"Shed Blood","damage_taken":19,"max_hp_gain":5,"max_hp_loss":0,"event_name":"Forgotten Altar","floor":24,"gold_loss":0},{"damage_healed":0,"gold_gain":99,"player_choice":"Stole From Cult","damage_taken":0,"max_hp_gain":0,"max_hp_loss":0,"event_name":"Nest","floor":27,"gold_loss":0},{"damage_healed":0,"gold_gain":0,"player_choice":"Got Potions","damage_taken":0,"max_hp_gain":0,"max_hp_loss":0,"event_name":"Lab","floor":38,"gold_loss":0},{"damage_healed":0,"gold_gain":0,"player_choice":"Paid","damage_taken":0,"relics_obtained":["Red Mask"],"max_hp_gain":0,"max_hp_loss":0,"event_name":"Tomb of Lord Red Mask","floor":46,"gold_loss":101},{"cards_removed":["Stack"],"damage_healed":0,"gold_gain":0,"player_choice":"Removed Skill","damage_taken":0,"max_hp_gain":0,"max_hp_loss":0,"event_name":"Falling","floor":48,"gold_loss":0}],"is_beta":false,"boss_relics":[{"not_picked":["Fusion Hammer","Busted Crown"],"picked":"expansioncontent:StudyCardRelic"},{"not_picked":["Coffee Dripper","Nuclear Battery"],"picked":"Tiny House"}],"items_purged_floors":[],"is_endless":false,"potions_floor_spawned":[2,8,13,19,20,21,28,36,41,44,47],"ascension_level":7}}