{"host":"egwexuw5uvnxf11j","time":1613287033,"event":{"mods":["2.2 Compatiblity","Aspiration","BaseMod","Better Note","Better Sensory Stone","Better Third Choice","Displayed Cursed Tome","Downfall","Hermit","Key Reminder","Koishi","Marisa????????","Minty Spire (QoL Compilation)","Quick Restart","Shade Mod","Spicy Shops","StSLib","The Construct","The Cursed","The Runesmith","The Senshi","The Servant 0.9.4","Transform Curses"],"gold_per_floor":[114,126,142,21,32,32,67,67,67,96,24,35,35,53,53,158,158,177,177,177,177,191,225,225,33,33,68,68,79,55,72,72,177,177,194,33,33,43,43,43,43],"floor_reached":40,"language":"ENG","playtime":1678,"items_purged":[],"score":524,"play_id":"04839ded-8640-4a66-bcc3-f5bb4ceb7371","local_time":"20210214021713","is_ascension_mode":true,"campfire_choices":[{"data":"Lockon","floor":6,"key":"SMITH"},{"data":"Machine Learning","floor":8,"key":"SMITH"},{"floor":13,"key":"REST"},{"floor":15,"key":"REST"},{"floor":24,"key":"REST"},{"floor":28,"key":"REST"},{"data":"Hello World","floor":32,"key":"SMITH"}],"circlet_count":0,"master_deck":["Strike_B+1","Strike_B+1","Strike_B+1","Strike_B+1","Defend_B+1","Defend_B+1","Defend_B+1","Defend_B+1","Zap","Dualcast+1","Leap","Lockon+1","Self Repair","Ball Lightning","Sweeping Beam","Go for the Eyes","Machine Learning+1","Steam","Conserve Battery","Sweeping Beam","Aggregate","Coolheaded+1","Thunder Strike","Ball Lightning","Self Repair","aspiration:Polymerization","Rebound","Doom and Gloom","Hello World+1","Ball Lightning","Stack","Beam Cell","Redo+1","Seek","Gash+1","Heatsinks","Sunder","Writhe"],"relics":["Cracked Core","Strawberry","Incense Burner","keyreminder:keyreminder","Boot","Nuclear Battery","Mummified Hand","Anchor","Bird Faced Urn","War Paint","aspiration:BursterCore","Membership Card"],"acts_visited":["Exordium","TheCity","TheBeyond"],"potions_floor_usage":[12,16,27,31,33],"damage_taken":[{"damage":0,"enemies":"Cultist","floor":1,"turns":3},{"damage":0,"enemies":"Jaw Worm","floor":2,"turns":3},{"damage":0,"enemies":"2 Louse","floor":3,"turns":3},{"damage":8,"enemies":"Exordium Thugs","floor":5,"turns":4},{"damage":18,"enemies":"Lagavulin","floor":7,"turns":5},{"damage":36,"enemies":"3 Sentries","floor":10,"turns":6},{"damage":14,"enemies":"Red Slaver","floor":12,"turns":4},{"damage":0,"enemies":"Large Slime","floor":14,"turns":3},{"damage":43,"enemies":"Slime Boss","floor":16,"turns":8},{"damage":12,"enemies":"3 Byrds","floor":18,"turns":3},{"damage":15,"enemies":"2 Thieves","floor":22,"turns":4},{"damage":35,"enemies":"Slavers","floor":23,"turns":6},{"damage":20,"enemies":"Book of Stabbing","floor":27,"turns":5},{"damage":10,"enemies":"Centurion and Healer","floor":29,"turns":6},{"damage":3,"enemies":"3 Cultists","floor":31,"turns":4},{"damage":75,"enemies":"Automaton","floor":33,"turns":12},{"damage":32,"enemies":"3 Shapes","floor":35,"turns":4},{"damage":39,"enemies":"3 Darklings","floor":38,"turns":4},{"damage":105,"enemies":"Giant Head","floor":40,"turns":7}],"seed_played":"-71523250489587880","potions_obtained":[{"floor":2,"key":"PotionOfCapacity"},{"floor":10,"key":"Swift Potion"},{"floor":12,"key":"ColorlessPotion"},{"floor":16,"key":"hexamod:SoulburnPotion"},{"floor":27,"key":"LiquidBronze"}],"is_trial":false,"path_per_floor":["M","M","M","$","M","R","E","R","T","E","$","M","R","M","R","B",null,"M","?","T","?","M","E","R","$","T","E","R","M","$","M","R","B",null,"M","$","?","M","?","E"],"character_chosen":"DEFECT","items_purchased":["Strawberry","Sweeping Beam","Conserve Battery","Sweeping Beam","Doom and Gloom","Hello World","Beam Cell","Membership Card","Heatsinks"],"campfire_rested":4,"item_purchase_floors":[4,4,11,11,25,25,30,36,36],"current_hp_per_floor":[75,75,75,82,81,81,70,70,70,41,41,34,58,65,82,46,82,70,70,70,70,69,48,72,72,72,65,82,82,82,82,82,23,82,59,59,67,50,71,0,0],"gold":43,"neow_bonus":"THREE_CARDS","is_daily":false,"chose_seed":false,"campfire_upgraded":3,"win_rate":0.0,"timestamp":1613287033,"path_taken":["M","?","M","$","M","R","E","R","T","E","?","?","R","M","R","BOSS","M","?","?","?","?","E","R","?","T","E","R","M","$","M","R","BOSS","M","$","?","?","?","E"],"items_purchased_type":["Relic","Card","Card","Card","Card","Card","Card","Relic","Card"],"build_version":"2020-12-22","purchased_purges":0,"victory":false,"max_hp_per_floor":[75,75,75,82,82,82,82,82,82,82,82,82,82,82,82,82,82,82,82,82,82,82,82,82,82,82,82,82,82,82,82,82,82,82,82,82,82,82,82,82,82],"card_choices":[{"not_picked":["Force Field","Undo"],"picked":"Leap","floor":0},{"not_picked":["Barrage","Redo"],"picked":"Lockon","floor":1},{"not_picked":["Undo","Lockon"],"picked":"Self Repair","floor":2},{"not_picked":["Gash","Rebound"],"picked":"Ball Lightning","floor":3},{"not_picked":["Hologram","Rebound"],"picked":"Go for the Eyes","floor":5},{"not_picked":["Sweeping Beam","Beam Cell"],"picked":"Machine Learning","floor":7},{"not_picked":["Hello World","Cold Snap"],"picked":"Steam","floor":10},{"not_picked":["Compile Driver","Barrage"],"picked":"Aggregate","floor":12},{"not_picked":["Hologram","Genetic Algorithm"],"picked":"Coolheaded","floor":14},{"not_picked":["All For One","Amplify"],"picked":"Thunder Strike","floor":16},{"not_picked":["Cold Snap+1","Conserve Battery"],"picked":"Ball Lightning","floor":18},{"not_picked":["Ball Lightning","Turbo"],"picked":"aspiration:Polymerization","floor":22},{"not_picked":["Conserve Battery","Aggregate"],"picked":"Rebound","floor":23},{"not_picked":["Steam Power","Hyperbeam"],"picked":"Ball Lightning","floor":27},{"not_picked":["Leap+1","Cold Snap"],"picked":"Stack","floor":29},{"not_picked":["Ball Lightning","Reprogram"],"picked":"Redo+1","floor":31},{"not_picked":["Biased Cognition","Fission"],"picked":"Seek","floor":33},{"not_picked":["Leap","Conserve Battery+1"],"picked":"Gash+1","floor":35},{"not_picked":["Stack+1","Conserve Battery+1"],"picked":"Sunder","floor":38}],"player_experience":2074539,"relics_obtained":[{"floor":7,"key":"Incense Burner"},{"floor":10,"key":"Boot"},{"floor":20,"key":"Mummified Hand"},{"floor":23,"key":"Anchor"},{"floor":26,"key":"Bird Faced Urn"},{"floor":27,"key":"War Paint"}],"event_choices":[{"damage_healed":0,"gold_gain":0,"player_choice":"Simplicity","damage_taken":0,"max_hp_gain":0,"max_hp_loss":8,"event_name":"betterThird:BetterWriting","floor":19,"gold_loss":0},{"damage_healed":0,"gold_gain":0,"player_choice":"Copied","damage_taken":0,"max_hp_gain":0,"max_hp_loss":0,"event_name":"Duplicator","floor":21,"gold_loss":0,"cards_obtained":["Self Repair"]},{"damage_healed":21,"gold_gain":0,"player_choice":"Writhe","damage_taken":0,"max_hp_gain":0,"max_hp_loss":0,"event_name":"Winding Halls","floor":39,"gold_loss":0,"cards_obtained":["Writhe"]}],"is_beta":false,"boss_relics":[{"not_picked":["Ectoplasm","aspiration:IroncladSkillbook"],"picked":"Nuclear Battery"},{"not_picked":["Tiny House","Snecko Eye"],"picked":"aspiration:BursterCore"}],"items_purged_floors":[],"is_endless":false,"potions_floor_spawned":[2,10,12,16,27],"killed_by":"Giant Head","ascension_level":3}}