{"host":"8jwrv7sn1174lfer","time":1613299052,"event":{"mods":["BaseMod","Colored Map","Colored Powertips","Downfall","Highlight Path","Minty Spire (QoL Compilation)","StSLib"],"gold_per_floor":[99,117,117,131,149,249,249,249,249,268,268,284,284,194,214,316,316,316,330,345,445,461,471,498,598,305,340,340,154,166,182,194,194,194,194],"floor_reached":33,"language":"ENG","playtime":2062,"items_purged":["bronze:Strike","bronze:Defend"],"score":287,"play_id":"3d3d90d8-2091-44ef-8ab4-1202cfa62619","local_time":"20210214053732","is_ascension_mode":true,"campfire_choices":[{"data":"bronze:Goto","floor":1,"key":"SMITH"},{"floor":9,"key":"REST"},{"data":"bronze:Spike","floor":13,"key":"SMITH"},{"data":"bronze:Format","floor":18,"key":"SMITH"}],"circlet_count":0,"master_deck":["bronze:Strike","bronze:Strike","bronze:Defend","bronze:Defend","bronze:Replicate","bronze:Goto+1","bronze:Turbo","bronze:OilSpill","bronze:BurnOut+1","bronze:Spike+1","bronze:DazingPulse","bronze:Separator","bronze:Overheat","bronze:TinkerersToolbox","bronze:Format+1","bronze:Iterate","bronze:Iterate+1","bronze:FineTuning+1","expansioncontent:QuickStudy","bronze:Virus","bronze:Iterate+1","bronze:Turbo"],"relics":["bronze:PlatinumCore","Bottled Lightning","TungstenRod","Anchor","FossilizedHelix","Mercury Hourglass","Ginger","Lantern","Akabeko","Chemical X"],"acts_visited":["Exordium","TheCity"],"potions_floor_usage":[8,23,23,27,30,33],"damage_taken":[{"damage":6,"enemies":"2 Louse","floor":2,"turns":3},{"damage":1,"enemies":"Cultist","floor":4,"turns":4},{"damage":2,"enemies":"Jaw Worm","floor":5,"turns":2},{"damage":22,"enemies":"downfall:Heads","floor":6,"turns":6},{"damage":37,"enemies":"downfall:Heads","floor":8,"turns":9},{"damage":1,"enemies":"downfall:LooterAlt","floor":10,"turns":2},{"damage":7,"enemies":"Blue Slaver","floor":12,"turns":3},{"damage":0,"enemies":"downfall:FleeingMerchant","floor":14,"turns":4},{"damage":7,"enemies":"Exordium Thugs","floor":15,"turns":4},{"damage":7,"enemies":"SI_SHIV_ARCHETYPE","floor":16,"turns":5},{"damage":21,"enemies":"downfall:LooterAlt2","floor":19,"turns":3},{"damage":0,"enemies":"3 Byrds","floor":20,"turns":4},{"damage":14,"enemies":"3 Cultists","floor":22,"turns":5},{"damage":4,"enemies":"Shelled Parasite and Fungi","floor":23,"turns":3},{"damage":11,"enemies":"WA_ARCHETYPE_RETAIN","floor":25,"turns":4},{"damage":0,"enemies":"downfall:FleeingMerchant","floor":26,"turns":4},{"damage":20,"enemies":"Book of Stabbing","floor":27,"turns":4},{"damage":0,"enemies":"downfall:FleeingMerchant","floor":29,"turns":3},{"damage":0,"enemies":"Snecko","floor":30,"turns":3},{"damage":0,"enemies":"Snake Plant","floor":31,"turns":2},{"damage":0,"enemies":"Cultist and Chosen","floor":32,"turns":3},{"damage":19,"enemies":"IC_MUSHROOM_ARCHETYPE","floor":33,"turns":4}],"seed_played":"-6590176330305721988","potions_obtained":[{"floor":2,"key":"SkillPotion"},{"floor":3,"key":"Dexterity Potion"},{"floor":3,"key":"Guardian:BlockOnCardUsePotion"},{"floor":8,"key":"PowerPotion"},{"floor":23,"key":"Fire Potion"},{"floor":30,"key":"hexamod:SoulburnPotion"},{"floor":32,"key":"Energy Potion"}],"is_trial":false,"path_per_floor":["R","M","?","M","M","?","T","?","R","M","T","M","R","$","M","B",null,"R","M","M","?","M","M","T","?","$","E","?","$","M","M","M","B"],"character_chosen":"THE_AUTOMATON","items_purchased":["expansioncontent:QuickStudy","Lantern","Akabeko","Chemical X","Regen Potion"],"campfire_rested":1,"item_purchase_floors":[26,29,29,29,29],"current_hp_per_floor":[77,71,71,70,68,46,46,9,32,31,31,24,24,24,17,10,77,77,56,56,56,42,38,38,27,27,7,7,7,19,19,19,0,0,0],"gold":194,"neow_bonus":"TEN_PERCENT_HP_BONUS","is_daily":false,"chose_seed":false,"campfire_upgraded":3,"win_rate":0.0,"timestamp":1613299052,"path_taken":["R","M","?","M","?","?","T","?","R","M","?","M","R","$","M","BOSS","R","M","M","?","M","?","T","?","$","E","?","$","?","?","M","BOSS"],"items_purchased_type":["Card","Relic","Relic","Relic","Potion"],"build_version":"2020-12-22","purchased_purges":2,"victory":false,"max_hp_per_floor":[77,77,77,77,77,77,77,77,77,77,77,77,77,77,77,77,77,77,77,77,77,77,77,77,77,77,77,77,77,77,77,77,77,77,77],"card_choices":[{"not_picked":["bronze:NullPointer","bronze:Invalidate"],"picked":"bronze:Turbo","floor":2},{"not_picked":["bronze:DelayedSlice","bronze:Deprecate"],"picked":"bronze:OilSpill","floor":4},{"not_picked":["bronze:DigitalCarnage","bronze:Fortify","bronze:DarkDash"],"picked":"SKIP","floor":5},{"not_picked":[],"picked":"bronze:Spike","floor":8},{"not_picked":[],"picked":"bronze:DazingPulse","floor":8},{"not_picked":["bronze:FineTuning","bronze:Shield"],"picked":"bronze:Separator","floor":8},{"not_picked":["bronze:CutThrough","bronze:DelayedSlice"],"picked":"bronze:Overheat","floor":10},{"not_picked":["bronze:Branch","bronze:ChildClass","bronze:BugBarrage"],"picked":"SKIP","floor":12},{"not_picked":["bronze:DelayedGuard","bronze:DelayedSlice"],"picked":"bronze:TinkerersToolbox","floor":14},{"not_picked":["bronze:Constructor","bronze:BugBarrage","bronze:Separator"],"picked":"SKIP","floor":15},{"not_picked":["bronze:SpaghettiCode","bronze:Assembly"],"picked":"bronze:Format","floor":16},{"not_picked":["bronze:DigitalCarnage","bronze:Backtrace","bronze:BuggyMess"],"picked":"SKIP","floor":19},{"not_picked":["bronze:Branch","bronze:WhirlingStrike","bronze:WildBeam"],"picked":"SKIP","floor":20},{"not_picked":["bronze:DelayedGuard","bronze:BugBarrage"],"picked":"bronze:Iterate","floor":22},{"not_picked":["bronze:Turbo","bronze:WildBeam+1"],"picked":"bronze:Iterate+1","floor":23},{"not_picked":["bronze:WildBeam+1","bronze:OilSpill"],"picked":"bronze:FineTuning+1","floor":25},{"not_picked":["bronze:DelayedSlice","bronze:Terminator","bronze:Format"],"picked":"SKIP","floor":26},{"not_picked":["bronze:DarkDash","bronze:BugBarrage","bronze:ChosenStrike"],"picked":"SKIP","floor":27},{"not_picked":["bronze:Invalidate","bronze:Turbo"],"picked":"bronze:Virus","floor":29},{"not_picked":["bronze:Overheat","bronze:Shield+1"],"picked":"bronze:Iterate+1","floor":30},{"not_picked":["bronze:FollowUp","bronze:BugBarrage+1"],"picked":"bronze:Turbo","floor":31},{"not_picked":["bronze:FineTuning","bronze:Shell","bronze:Terminator+1"],"picked":"SKIP","floor":32}],"player_experience":766970,"relics_obtained":[{"floor":7,"key":"Bottled Lightning"},{"floor":11,"key":"TungstenRod"},{"floor":24,"key":"Anchor"},{"floor":25,"key":"FossilizedHelix"},{"floor":25,"key":"Mercury Hourglass"},{"floor":27,"key":"Ginger"}],"event_choices":[{"damage_healed":0,"gold_gain":0,"player_choice":"Got Potions","damage_taken":0,"max_hp_gain":0,"max_hp_loss":0,"event_name":"Lab","floor":3,"gold_loss":0}],"is_beta":false,"boss_relics":[{"not_picked":["Fusion Hammer","expansioncontent:StudyCardRelic"],"picked":"bronze:PlatinumCore"}],"items_purged_floors":[14,26],"is_endless":false,"potions_floor_spawned":[2,8,10,12,16,19,23,30,32],"killed_by":"IC_MUSHROOM_ARCHETYPE","ascension_level":2}}