{"host":"4gkev1dtxxhiue3x","time":1613324248,"event":{"mods":["AchievementEnabler","Aspiration","BaseMod","Better Altar","Better Match","Better Note","Better Sensory Stone","Better Skull","Better Third Choice","Colored Powertips","Conspire","Downfall","Friendly Minions","Hermit","Hubris","Infinite Spire","Minty Spire (QoL Compilation)","Relic Stats","Replay The Spire","Robot Space Explorer","Shop Mod","StSLib","The Construct","The Disciple","The Hierophant","Wandering Minibosses"],"gold_per_floor":[99,99,99,115,131,131,155,155,184,201,23,23,33,18,31,31,31,31],"floor_reached":16,"language":"ENG","playtime":1912,"items_purged":[],"score":100,"play_id":"e034057d-639a-4764-9994-0688e915d862","local_time":"20210214183728","is_ascension_mode":false,"campfire_choices":[{"floor":1,"key":"DIG"},{"floor":6,"key":"RECALL"},{"data":"Guardian:ShieldCharger","floor":12,"key":"SMITH"}],"circlet_count":0,"master_deck":["Guardian:Strike_Guardian","Guardian:Strike_Guardian","Guardian:Defend_Guardian","Guardian:CurlUp","Guardian:TwinSlam+1","Finisher","hubris:TrickCloak","Guardian:ShieldCharger+1","Guardian:TemporalShield","Sickly","Guardian:SphericShield","Guardian:PrimingBeam","Guardian:BaubleBeam","Guardian:Gem_Green"],"relics":["Guardian:ModeShifter","Replay:Bottled Flurry","Regal Pillow","InkBottle"],"acts_visited":["Exordium"],"potions_floor_usage":[9,16],"damage_taken":[{"damage":0,"enemies":"2 Louse","floor":4,"turns":2},{"damage":5,"enemies":"Small Slimes","floor":5,"turns":4},{"damage":3,"enemies":"Lagavulin","floor":9,"turns":6},{"damage":6,"enemies":"Cultist","floor":10,"turns":4},{"damage":5,"enemies":"downfall:FleeingMerchant","floor":11,"turns":5},{"damage":16,"enemies":"Large Slime","floor":13,"turns":3},{"damage":15,"enemies":"downfall:FleeingMerchant","floor":14,"turns":4},{"damage":7,"enemies":"Exordium Thugs","floor":15,"turns":5},{"damage":32,"enemies":"SI_SHIV_ARCHETYPE","floor":16,"turns":10}],"seed_played":"2413899604596844517","potions_obtained":[{"floor":4,"key":"Energy Potion"},{"floor":5,"key":"Fire Potion"},{"floor":10,"key":"sneckomod:MuddlingPotion"},{"floor":13,"key":"Energy Potion"}],"is_trial":false,"path_per_floor":["R","?","?","M","M","R","T","?","E","M","$","R","M","$","M","B"],"character_chosen":"GUARDIAN","items_purchased":["Guardian:Gem_Orange"],"campfire_rested":0,"item_purchase_floors":[11],"current_hp_per_floor":[88,88,88,88,83,83,83,83,80,74,69,69,53,38,31,0,0,0],"gold":31,"neow_bonus":"TEN_PERCENT_HP_BONUS","is_daily":false,"chose_seed":false,"campfire_upgraded":1,"win_rate":0.0,"timestamp":1613324248,"path_taken":["R","?","?","M","?","R","T","?","E","M","$","R","M","?","M","BOSS"],"items_purchased_type":["Card"],"build_version":"2020-12-22","purchased_purges":0,"victory":false,"max_hp_per_floor":[88,88,88,88,88,88,88,88,88,88,88,88,88,88,88,88,88,88],"relic_stats":{"Regal Pillow":0,"counters":[9,43],"obtain_stats":[{"Regal Pillow":7,"Guardian:ModeShifter":0,"Replay:Bottled Flurry":1,"InkBottle":9},{"Regal Pillow":2,"Guardian:ModeShifter":0,"Replay:Bottled Flurry":0,"InkBottle":3},{"Regal Pillow":6,"Guardian:ModeShifter":0,"Replay:Bottled Flurry":0,"InkBottle":12}],"InkBottle":[10]},"card_choices":[{"not_picked":["Guardian:PrimingBeam","Guardian:Gem_Red"],"picked":"Guardian:ShieldCharger","floor":4},{"not_picked":["Guardian:CrystalBeam","Guardian:PrimingBeam"],"picked":"Guardian:TemporalShield","floor":5},{"not_picked":["Guardian:GuardianWhirl","Guardian:Gem_Cyan"],"picked":"Guardian:SphericShield","floor":9},{"not_picked":["Guardian:Gem_Yellow","Guardian:Recover","Guardian:PrimingBeam"],"picked":"SKIP","floor":10},{"not_picked":["Guardian:HyperBeam_Guardian","Guardian:Gem_Green"],"picked":"Guardian:Gem_White","floor":11},{"not_picked":["Guardian:Suspension","Guardian:CrystalBeam"],"picked":"Guardian:PrimingBeam","floor":13},{"not_picked":["Guardian:ShieldCharger","Guardian:RollAttack"],"picked":"Guardian:BaubleBeam","floor":14},{"not_picked":["Guardian:PiercingHide","Guardian:BronzeArmor"],"picked":"Guardian:Gem_Green","floor":15}],"player_experience":165213,"relics_obtained":[{"floor":1,"key":"Replay:Bottled Flurry"},{"floor":7,"key":"Regal Pillow"},{"floor":9,"key":"InkBottle"}],"event_choices":[],"is_beta":false,"boss_relics":[],"items_purged_floors":[],"is_endless":false,"potions_floor_spawned":[4,5,10,13],"killed_by":"SI_SHIV_ARCHETYPE","ascension_level":0}}