{"host":"bvp2uifzy1c463d9","time":1613292723,"event":{"mods":["AchievementEnabler","BaseMod","Better Note","Block Reminder","Bossed Relics","ChefMod","Colored Map","Colored Powertips","Energized Spire","Hermit","Highlight Path","Hubris","Infinite Spire","Minty Spire (QoL Compilation)","Random Character Button","Relic Sorter","Relic Stats","Reliquary","Replay The Spire","Robot Space Explorer","StSLib","The Blue Laboratory","The Jungle","The Servant 0.9.4","Wandering Minibosses"],"gold_per_floor":[115,135,149,162,162,488,488,488,488,488,488,514,315,340,340,345,345],"floor_reached":16,"language":"ENG","playtime":698,"items_purged":[],"score":112,"play_id":"293480bf-832a-4f57-96ac-59a5ed752b1f","local_time":"20210214025203","is_ascension_mode":true,"campfire_choices":[{"floor":8,"key":"REST"},{"data":"hermit:Showdown","floor":10,"key":"SMITH"},{"floor":15,"key":"REST"}],"circlet_count":0,"master_deck":["hermit:Strike_Hermit+1","hermit:Strike_Hermit","hermit:Strike_Hermit","hermit:Strike_Hermit","hermit:Defend_Hermit","hermit:Defend_Hermit","hermit:Defend_Hermit","hermit:Defend_Hermit","hermit:Snapshot","hermit:Covet","Amnesia","hermit:Vantage","hermit:Showdown+1","hermit:Manifest","hermit:Scavenge","hermit:Gestalt","Injury","hermit:BodyArmor","hermit:Determination","hermit:SprayPray+1","hermit:Manifest","hermit:PistolWhip+1","hermit:Midnight"],"relics":["hermit:Momento","hubris:Teleporter","hubris:Icosahedron","Old Coin","Golden Idol","Molten Egg 2","Orrery"],"acts_visited":["Exordium"],"potions_floor_usage":[6,6,16,16],"damage_taken":[{"damage":1,"enemies":"Jaw Worm","floor":1,"turns":5},{"damage":0,"enemies":"Small Slimes","floor":2,"turns":3},{"damage":10,"enemies":"2 Louse","floor":3,"turns":3},{"damage":6,"enemies":"Looter","floor":4,"turns":3},{"damage":56,"enemies":"Gremlin Nob","floor":6,"turns":8},{"damage":11,"enemies":"Lots of Slimes","floor":12,"turns":7},{"damage":4,"enemies":"2 Fungi Beasts","floor":14,"turns":4},{"damage":36,"enemies":"Hexaghost","floor":16,"turns":11}],"seed_played":"1717298355250802108","potions_obtained":[{"floor":3,"key":"blueLaboratory:BottleOfVodka"},{"floor":4,"key":"blueLaboratory:FruitPunch"},{"floor":6,"key":"blueLaboratory:BottleOfVodka"},{"floor":14,"key":"blueLaboratory:ImpenetrablePotion"}],"is_trial":false,"path_per_floor":["M","M","M","M","?","E","?","R","T","R","?","M","$","M","R","B"],"character_chosen":"HERMIT","items_purchased":["hermit:BodyArmor","Orrery"],"campfire_rested":2,"item_purchase_floors":[13,13],"current_hp_per_floor":[74,74,64,58,58,4,4,27,27,27,27,16,16,12,35,0,0],"gold":345,"neow_bonus":"ONE_RARE_RELIC","is_daily":false,"chose_seed":false,"campfire_upgraded":1,"win_rate":0.0,"timestamp":1613292723,"path_taken":["M","M","M","M","?","E","?","R","T","R","?","M","$","M","R","BOSS"],"items_purchased_type":["Card","Relic"],"build_version":"2020-12-22","purchased_purges":0,"victory":false,"max_hp_per_floor":[75,75,75,75,75,77,77,77,77,77,77,77,77,77,77,77,77],"relic_stats":{"counters":[8,44],"Golden Idol":8,"obtain_stats":[{"hubris:Teleporter":0,"hubris:Icosahedron":5,"Golden Idol":7,"Orrery":13,"Molten Egg 2":9,"hermit:Momento":0,"Old Coin":6},{"hubris:Teleporter":0,"hubris:Icosahedron":4,"Golden Idol":5,"Orrery":6,"Molten Egg 2":5,"hermit:Momento":0,"Old Coin":5},{"hubris:Teleporter":0,"hubris:Icosahedron":14,"Golden Idol":22,"Orrery":29,"Molten Egg 2":22,"hermit:Momento":0,"Old Coin":22}]},"card_choices":[{"not_picked":["hermit:BodyArmor","hermit:Coalescence"],"picked":"hermit:Vantage","floor":1},{"not_picked":["hermit:FullyLoaded","hermit:LowProfile"],"picked":"hermit:Showdown","floor":2},{"not_picked":["hermit:TakeAim","hermit:Grudge"],"picked":"hermit:Manifest","floor":3},{"not_picked":["hermit:Showdown","hermit:GhostlyPresence"],"picked":"hermit:Scavenge","floor":4},{"not_picked":["hermit:PistolWhip","hermit:BigShot"],"picked":"hermit:Gestalt","floor":6},{"not_picked":["hermit:CalledShot+1","hermit:BlackWind+1","hermit:TrackingShot+1"],"picked":"SKIP","floor":12},{"not_picked":["hermit:Vantage","hermit:LowProfile"],"picked":"hermit:Determination","floor":13},{"not_picked":["hermit:Manifest","hermit:Spite+1"],"picked":"hermit:SprayPray+1","floor":13},{"not_picked":["hermit:GoldenBullet+1","hermit:Roughhouse+1"],"picked":"hermit:Manifest","floor":13},{"not_picked":["hermit:Ricochet+1","hermit:Snipe"],"picked":"hermit:PistolWhip+1","floor":13},{"not_picked":["hermit:Dive","hermit:Glare"],"picked":"hermit:Midnight","floor":13},{"not_picked":["hermit:LowProfile","hermit:Feint","hermit:Vantage"],"picked":"SKIP","floor":14}],"player_experience":359035,"relics_obtained":[{"floor":6,"key":"Old Coin"},{"floor":9,"key":"Molten Egg 2"}],"event_choices":[{"damage_healed":0,"gold_gain":0,"player_choice":"Take Wound","damage_taken":0,"relics_obtained":["Golden Idol"],"max_hp_gain":0,"max_hp_loss":0,"event_name":"Golden Idol","floor":7,"gold_loss":0,"cards_obtained":["Injury"]}],"is_beta":false,"boss_relics":[],"items_purged_floors":[],"is_endless":false,"potions_floor_spawned":[3,4,6,14],"killed_by":"Hexaghost","ascension_level":2}}