{"host":"wmojtwekh6s3tor5","time":1613287539,"event":{"mods":["BaseMod","Colored Map","Colored Powertips","DeckTracker","Highlight Path","Minty Spire (QoL Compilation)","Quick Restart","StSLib"],"gold_per_floor":[118,118,68,68,83,114,150,177,215,252,264,276,288,321,333,471,483,511,523,523],"floor_reached":19,"language":"ZHS","playtime":1322,"items_purged":[],"score":211,"play_id":"a49172f5-a938-4369-b8b1-aecce6ef4281","local_time":"20210214152539","is_ascension_mode":true,"campfire_choices":[{"floor":12,"key":"REST"},{"data":"Collect","floor":15,"key":"SMITH"}],"circlet_count":0,"master_deck":["Strike_P","Strike_P","Strike_P","Strike_P","Defend_P+1","Defend_P","Defend_P+1","Defend_P","Eruption+1","Vigilance+1","Scrawl","Evaluate","BowlingBash","Collect+1","Prostrate+1","LessonLearned"],"relics":["PureWater","Golden Idol","MawBank","Ancient Tea Set","Vajra","Cursed Key"],"acts_visited":["Exordium","TheCity"],"potions_floor_usage":[16,16],"damage_taken":[{"damage":7.0,"enemies":"2 Louse","floor":1.0,"turns":2.0},{"damage":1.0,"enemies":"Jaw Worm","floor":5.0,"turns":2.0},{"damage":21.0,"enemies":"Lagavulin","floor":6.0,"turns":6.0},{"damage":0,"enemies":"Cultist","floor":7,"turns":3},{"damage":10,"enemies":"Lots of Slimes","floor":8,"turns":4},{"damage":0,"enemies":"2 Fungi Beasts","floor":10,"turns":2},{"damage":0,"enemies":"Large Slime","floor":14,"turns":3},{"damage":51,"enemies":"Hexaghost","floor":16,"turns":11},{"damage":24,"enemies":"Shell Parasite","floor":18,"turns":10},{"damage":3,"enemies":"Chosen","floor":19,"turns":5}],"seed_played":"3754137268771278456","potions_obtained":[{"floor":5.0,"key":"Regen Potion"},{"floor":8,"key":"Dexterity Potion"},{"floor":14,"key":"Explosive Potion"}],"is_trial":false,"path_per_floor":["M","?","?","?","M","E","M","M","T","M","?","R","?","M","R","B",null,"M","M"],"character_chosen":"WATCHER","items_purchased":[],"campfire_rested":1,"item_purchase_floors":[],"current_hp_per_floor":[58,58,58,58,57,48,48,38,38,38,13,32,53,53,53,2,49,25,22,22],"gold":523,"neow_bonus":"THREE_RARE_CARDS","is_daily":false,"chose_seed":false,"campfire_upgraded":1,"win_rate":0.0,"timestamp":1613287539,"path_taken":["M","?","?","?","?","E","M","M","T","M","?","R","?","M","R","BOSS","M","M"],"items_purchased_type":[],"build_version":"2020-12-22","purchased_purges":0,"victory":false,"max_hp_per_floor":[65,65,65,65,65,65,65,65,65,65,65,65,65,65,65,65,65,65,65,65],"card_choices":[{"not_picked":["Alpha","MasterReality"],"picked":"Scrawl","floor":0.0},{"not_picked":["FlurryOfBlows","Crescendo"],"picked":"Evaluate","floor":1.0},{"not_picked":["Collect","EmptyBody"],"picked":"BowlingBash","floor":5.0},{"not_picked":["Evaluate","Vengeance"],"picked":"Collect","floor":6.0},{"not_picked":["Crescendo","EmptyBody"],"picked":"Prostrate","floor":7},{"not_picked":["FlyingSleeves","Meditate"],"picked":"LessonLearned","floor":8},{"not_picked":["SignatureMove","FlyingSleeves","FlurryOfBlows"],"picked":"SKIP","floor":10},{"not_picked":["FlyingSleeves","Halt","ThirdEye"],"picked":"SKIP","floor":14},{"not_picked":["WreathOfFlame+1","ForeignInfluence","ClearTheMind"],"picked":"SKIP","floor":18}],"player_experience":604722,"relics_obtained":[{"floor":6.0,"key":"MawBank"},{"floor":9,"key":"Ancient Tea Set"}],"event_choices":[{"damage_healed":0.0,"max_hp_gain":0.0,"max_hp_loss":0.0,"gold_gain":0.0,"event_name":"Golden Idol","player_choice":"Take Wound","floor":2.0,"gold_loss":0.0,"damage_taken":0.0,"relics_obtained":["Golden Idol"],"cards_obtained":["Injury"]},{"cards_removed":["Injury"],"damage_healed":0.0,"max_hp_gain":0.0,"max_hp_loss":0.0,"gold_gain":0.0,"event_name":"The Cleric","player_choice":"Card Removal","floor":3.0,"gold_loss":50.0,"damage_taken":0.0},{"damage_healed":0.0,"max_hp_gain":0.0,"max_hp_loss":0.0,"gold_gain":0.0,"event_name":"Living Wall","player_choice":"Grow","floor":4.0,"gold_loss":0.0,"damage_taken":0.0,"cards_upgraded":["Eruption"]},{"damage_healed":0,"gold_gain":0,"player_choice":"Success","damage_taken":25,"relics_obtained":["Vajra"],"max_hp_gain":0,"max_hp_loss":0,"event_name":"Scrap Ooze","floor":11,"gold_loss":0},{"damage_healed":21,"gold_gain":0,"player_choice":"Banana","damage_taken":0,"max_hp_gain":0,"max_hp_loss":0,"event_name":"Big Fish","floor":13,"gold_loss":0}],"is_beta":false,"boss_relics":[{"not_picked":["Snecko Eye","SacredBark"],"picked":"Cursed Key"}],"items_purged_floors":[],"is_endless":false,"potions_floor_spawned":[5,8,14],"killed_by":"Chosen","ascension_level":5}}