{"host":"218bpbmw7wi1tsbm","time":1613296981,"event":{"mods":["BaseMod","Lobotomy","LobotomyExtend","Minty Spire (QoL Compilation)","Prisma Mod","Quick Restart","Rare Cards Sparkle","StSLib"],"gold_per_floor":[109,123,136,1,19,19,49,69,95,105,105,117,117,136,136,239,239,239,239],"floor_reached":18,"language":"JPN","playtime":1305,"items_purged":[],"score":166,"play_id":"c2dd8443-9bf8-462e-a333-08c56bde6865","local_time":"20210214190301","is_ascension_mode":false,"campfire_choices":[{"data":"Shrug It Off","floor":6,"key":"SMITH"},{"data":"Immolate","floor":11,"key":"SMITH"},{"data":"Iron Wave","floor":13,"key":"SMITH"},{"data":"Defend_R","floor":15,"key":"SMITH"}],"circlet_count":0,"master_deck":["Strike_R","Strike_R","Strike_R","Strike_R","Strike_R","Defend_R+1","Defend_R","Defend_R","Defend_R","Bash","Scorched","Iron Wave+1","Shrug It Off+1","OSAHOGD","Feel No Pain","Immolate+1","UniverseFragment","PunishingBird","MeatLantern","Intimidate","Twin Strike","FairyFestival","Anger","BigBadWolf","GalaxyChild","Limit Break"],"relics":["Burning Blood","CogitoBucket","LetterFromLob","Smiling Mask","ResearcherNote","Nunchaku","Cursed Key"],"acts_visited":["Exordium","TheCity"],"potions_floor_usage":[8,18],"damage_taken":[{"damage":1,"enemies":"Cultist","floor":1,"turns":3},{"damage":3,"enemies":"2 Louse","floor":2,"turns":2},{"damage":1,"enemies":"Jaw Worm","floor":3,"turns":2},{"damage":8,"enemies":"Red Slaver","floor":5,"turns":2},{"damage":16,"enemies":"Gremlin Nob","floor":7,"turns":4},{"damage":18,"enemies":"Lots of Slimes","floor":8,"turns":4},{"damage":8,"enemies":"Looter","floor":10,"turns":4},{"damage":0,"enemies":"2 Fungi Beasts","floor":12,"turns":2},{"damage":4,"enemies":"Large Slime","floor":14,"turns":4},{"damage":10,"enemies":"Slime Boss","floor":16,"turns":8},{"damage":55,"enemies":"Spheric Guardian","floor":18,"turns":3}],"seed_played":"-597724062615360382","potions_obtained":[{"floor":7,"key":"Block Potion"},{"floor":8,"key":"SpeedPotion"},{"floor":10,"key":"SneckoOil"},{"floor":12,"key":"Swift Potion"}],"is_trial":false,"path_per_floor":["M","M","M","$","M","R","E","M","T","M","R","M","R","M","R","B",null,"M"],"character_chosen":"IRONCLAD","items_purchased":["Immolate"],"campfire_rested":0,"item_purchase_floors":[4],"current_hp_per_floor":[80,80,80,80,78,78,68,56,56,54,54,61,61,63,63,61,80,25,25],"gold":239,"neow_bonus":"","is_daily":false,"chose_seed":false,"campfire_upgraded":4,"win_rate":0.0,"timestamp":1613296981,"path_taken":["M","?","M","$","M","R","E","M","T","M","R","M","R","M","R","BOSS","M"],"items_purchased_type":["Card"],"build_version":"2020-12-22","purchased_purges":0,"victory":false,"max_hp_per_floor":[80,80,80,80,80,80,80,80,80,80,80,80,80,80,80,80,80,80,80],"card_choices":[{"not_picked":["DreamingCurrent","Murderer"],"picked":"Scorched","floor":1},{"not_picked":["Body Slam","Battle Trance"],"picked":"Iron Wave","floor":1},{"not_picked":["Funeral","CherryBlossoms"],"picked":"LongBird","floor":2},{"not_picked":["Cleave","Thunderclap"],"picked":"Shrug It Off","floor":2},{"not_picked":["MHz","CherryBlossoms"],"picked":"OSAHOGD","floor":3},{"not_picked":["Wild Strike","Bloodletting"],"picked":"Feel No Pain","floor":3},{"not_picked":["Murderer","CherryBlossoms"],"picked":"UniverseFragment","floor":5},{"not_picked":["Havoc","Clothesline"],"picked":"Metallicize","floor":5},{"not_picked":["LaLuna","Porccubus"],"picked":"PunishingBird","floor":7},{"not_picked":["Dark Embrace","Headbutt","Blood for Blood"],"picked":"SKIP","floor":7},{"not_picked":["QueenOfHatred","MHz"],"picked":"MeatLantern","floor":8},{"not_picked":["Combust","Anger"],"picked":"Intimidate","floor":8},{"not_picked":["BeautyBeast","LaLuna"],"picked":"Bloodbath","floor":10},{"not_picked":["Clash","Pommel Strike"],"picked":"Twin Strike","floor":10},{"not_picked":["SpiderBud","Murderer"],"picked":"FairyFestival","floor":12},{"not_picked":["Corruption","Headbutt"],"picked":"Anger","floor":12},{"not_picked":["Funeral","HeroicMonk"],"picked":"BigBadWolf","floor":14},{"not_picked":["Perfected Strike","Ghostly Armor","Havoc"],"picked":"SKIP","floor":14},{"not_picked":["WhitesApple","Murderer"],"picked":"GalaxyChild","floor":16},{"not_picked":["Double Tap","Juggernaut"],"picked":"Limit Break","floor":16}],"player_experience":624050,"relics_obtained":[{"floor":1,"key":"LetterFromLob"},{"floor":7,"key":"Smiling Mask"},{"floor":9,"key":"Nunchaku"}],"event_choices":[],"is_beta":false,"boss_relics":[{"not_picked":["Runic Pyramid","Velvet Choker"],"picked":"Cursed Key"}],"items_purged_floors":[],"is_endless":false,"potions_floor_spawned":[7,8,10,12],"killed_by":"Spheric Guardian","ascension_level":0}}