{"host":"htqwg582tjjtn9p7","time":1613331147,"event":{"mods":["2.2 Compatiblity","AchievementEnabler","Act Like it!","Aspiration","BaseMod","Better Third Choice","Colored Map","Conspire","Curses Come First","Displayed Cursed Tome","Energized Spire","Force Act Four","Fox Events","GifTheSpireLib","Hermit","Highlight Path","JesterMod","Mad Scientist","Minty Spire (QoL Compilation)","Pale of the Ancients","Permanent Neow","Random Character Button","Relic Stats","Reliquary","Replay The Spire","Robot Space Explorer","Somnambulant","Spicy Shops","Spikes Relics","StSLib","Stuff the Spire","The Blue Laboratory","The Bug Knight","The Forsaken","The Gatherer","The Judge","The Jungle","The Marked","The Runesmith","The Servant 0.9.4","Uncapped"],"gold_per_floor":[110,110,123,136,156,191,27,27,27,58,72,84,103,119,119,218,218,232,331,64,79,79,79],"floor_reached":22,"language":"ENG","playtime":1005,"items_purged":[],"score":240,"play_id":"6e931c0f-63a1-44e2-8a7e-6c960b4efa2b","local_time":"20210214203227","is_ascension_mode":true,"campfire_choices":[{"floor":15,"key":"REST"}],"circlet_count":0,"master_deck":["theMarked:SoldierOfQuellstein","theMarked:Parkour","theMarked:EmpowerWeapon","theMarked:Parkour","theMarked:HeightenedSenses","ReplayTheSpireMod:Brewmster","theMarked:OneWithTheBlade","theMarked:ChainLightning","theMarked:EmpowerWeapon","theMarked:Defy","theMarked:Abjuration","theMarked:TunnelVision","theMarked:Standoff","theMarked:ShockingTouch","theMarked:WastefulAttack","theMarked:Heritage","theMarked:Improvise","theMarked:TurnInvisible","Sickly"],"relics":["theMarked:ArtifactOfAir","Potion Belt","StuffTheSpire:Experiment12","StuffTheSpire:Rhapsscallions","Gremlin Food","Pandora\u0027s Box","ReplayTheSpireMod:CursedCoin","conspire:DeflatedDodgeball","MealTicket"],"acts_visited":["Exordium","TheCity"],"potions_floor_usage":[4,6,10,10,11,12,12,12,13,16,16,16,21,21],"damage_taken":[{"damage":7,"enemies":"Jaw Worm","floor":1,"turns":3},{"damage":1,"enemies":"Cultist","floor":3,"turns":3},{"damage":0,"enemies":"2 Louse","floor":4,"turns":3},{"damage":13,"enemies":"Red Slaver","floor":5,"turns":4},{"damage":12,"enemies":"3 Sentries","floor":6,"turns":8},{"damage":11,"enemies":"Gremlin Nob","floor":10,"turns":4},{"damage":11,"enemies":"Blue Slaver","floor":11,"turns":5},{"damage":0,"enemies":"Gremlin Gang","floor":12,"turns":14},{"damage":9,"enemies":"Looter","floor":13,"turns":3},{"damage":13,"enemies":"Exordium Thugs","floor":14,"turns":4},{"damage":17,"enemies":"Fading Forest","floor":16,"turns":11},{"damage":36,"enemies":"Chosen","floor":18,"turns":5},{"damage":26,"enemies":"Spheric Guardian","floor":21,"turns":4},{"damage":0,"enemies":"Snecko","floor":22,"turns":1}],"seed_played":"-6587966959988827769","potions_obtained":[{"floor":3,"key":"blueLaboratory:FruitPunch"},{"floor":5,"key":"BlessingOfTheForge"},{"floor":8,"key":"blueLaboratory:FrostheartPotion"},{"floor":8,"key":"blueLaboratory:ForbiddenFruitJuice"},{"floor":8,"key":"GamblersBrew"},{"floor":10,"key":"blueLaboratory:FruitPunch"},{"floor":13,"key":"blueLaboratory:NullPotion"},{"floor":16,"key":"blueLaboratory:PyrophylliteBrew"}],"is_trial":false,"path_per_floor":["M","?","M","M","M","E","$","?","T","E","M","M","M","M","R","B",null,"M","?","$","M","M"],"character_chosen":"THE_DEFAULT","items_purchased":["ReplayTheSpireMod:Brewmster","ReplayTheSpireMod:CursedCoin","conspire:DeflatedDodgeball","MealTicket"],"campfire_rested":1,"item_purchase_floors":[7,20,20,20],"current_hp_per_floor":[63,63,62,64,51,39,39,39,43,32,23,23,14,1,24,15,78,42,42,42,16,16,16],"gold":79,"neow_bonus":"RANDOM_EVENT","is_daily":false,"chose_seed":false,"campfire_upgraded":0,"win_rate":0.0,"timestamp":1613331147,"path_taken":["M","?","?","M","M","E","$","?","T","E","M","M","?","M","R","BOSS","M","?","$","M","M"],"items_purchased_type":["Card","Relic","Relic","Relic"],"build_version":"2020-12-22","purchased_purges":0,"victory":false,"max_hp_per_floor":[70,70,70,72,72,72,72,72,76,76,78,78,78,78,78,78,78,78,78,78,78,78,78],"relic_stats":{"counters":[14,71],"Pandora\u0027s Box":["theMarked:Abjuration","theMarked:TunnelVision","theMarked:Standoff","theMarked:ShockingTouch","theMarked:WastefulAttack","theMarked:Heritage","theMarked:Improvise","theMarked:TurnInvisible"],"MealTicket":0,"obtain_stats":[{"Potion Belt":2,"Gremlin Food":10,"theMarked:ArtifactOfAir":0,"StuffTheSpire:Experiment12":6,"StuffTheSpire:Rhapsscallions":9,"ReplayTheSpireMod:CursedCoin":20,"Pandora\u0027s Box":17,"MealTicket":20,"conspire:DeflatedDodgeball":20},{"Potion Belt":1,"Gremlin Food":6,"theMarked:ArtifactOfAir":0,"StuffTheSpire:Experiment12":5,"StuffTheSpire:Rhapsscallions":5,"ReplayTheSpireMod:CursedCoin":12,"Pandora\u0027s Box":11,"MealTicket":12,"conspire:DeflatedDodgeball":12},{"Potion Belt":3,"Gremlin Food":25,"theMarked:ArtifactOfAir":0,"StuffTheSpire:Experiment12":21,"StuffTheSpire:Rhapsscallions":21,"ReplayTheSpireMod:CursedCoin":67,"Pandora\u0027s Box":62,"MealTicket":67,"conspire:DeflatedDodgeball":67}]},"card_choices":[{"not_picked":["theMarked:BanishingStrike","theMarked:HeightenedSenses"],"picked":"theMarked:BanishingWave","floor":1},{"not_picked":["theMarked:TwofoldDefense","theMarked:Frustration"],"picked":"theMarked:Parkour","floor":3},{"not_picked":["theMarked:Parry","theMarked:ChainLightning"],"picked":"theMarked:EmpowerWeapon","floor":4},{"not_picked":["theMarked:ContemptForTheProud","theMarked:Determination"],"picked":"theMarked:Parkour","floor":5},{"not_picked":["theMarked:RepellingDischarge","theMarked:MagusForm"],"picked":"theMarked:HeightenedSenses","floor":6},{"not_picked":["theMarked:MysticalArsenal","theMarked:Aftermath","theMarked:Reabsorb"],"picked":"SKIP","floor":10},{"not_picked":["theMarked:TakeCover","theMarked:TunnelVision","theMarked:ResourceFulStrike"],"picked":"SKIP","floor":11},{"not_picked":["theMarked:Convert","theMarked:ElectricStrings"],"picked":"theMarked:OneWithTheBlade","floor":12},{"not_picked":["theMarked:TakeCover","theMarked:ChainLightning","theMarked:Aftermath"],"picked":"SKIP","floor":13},{"not_picked":["theMarked:TakeCover","theMarked:Aftermath"],"picked":"theMarked:ChainLightning","floor":13},{"not_picked":["theMarked:ElectricStrings","theMarked:WastefulAttack"],"picked":"theMarked:EmpowerWeapon","floor":14},{"not_picked":["theMarked:Vacuum","theMarked:UnarmedFury"],"picked":"theMarked:Defy","floor":16},{"not_picked":["theMarked:Frustration","theMarked:SwordAndMagic","theMarked:TakeCover+1"],"picked":"SKIP","floor":18},{"not_picked":["theMarked:Aftermath","theMarked:WardOff+1","theMarked:TakeCover+1"],"picked":"SKIP","floor":21}],"player_experience":2033475,"relics_obtained":[{"floor":6,"key":"StuffTheSpire:Experiment12"},{"floor":9,"key":"StuffTheSpire:Rhapsscallions"},{"floor":10,"key":"Gremlin Food"}],"event_choices":[{"cards_removed":["theMarked:BanishingWave"],"damage_healed":0,"gold_gain":0,"player_choice":"Gave Card","damage_taken":0,"relics_obtained":["Potion Belt"],"max_hp_gain":0,"max_hp_loss":0,"event_name":"WeMeetAgain","floor":2,"gold_loss":0},{"damage_healed":0,"gold_gain":0,"player_choice":"Got Potions","damage_taken":0,"max_hp_gain":0,"max_hp_loss":0,"event_name":"Lab","floor":8,"gold_loss":0},{"damage_healed":0,"gold_gain":99,"player_choice":"Steal","damage_taken":0,"max_hp_gain":0,"max_hp_loss":0,"event_name":"betterThird:BetterNest","floor":19,"gold_loss":0}],"is_beta":false,"boss_relics":[{"not_picked":["reliquary:WritOfMandamus","energizedSpire:NeverEndingSparkler"],"picked":"Pandora\u0027s Box"}],"items_purged_floors":[],"is_endless":false,"potions_floor_spawned":[3,5,10,13,16],"killed_by":"Snecko","ascension_level":4}}