{"host":"zlmf7uudqr1sj8t0","time":1613326896,"event":{"mods":["BaseMod","Colored Map","DeckTracker","Highlight Path","Minty Spire (QoL Compilation)"],"gold_per_floor":[116,126,143,143,143,168,168,201,201,220,238,254,43,57,57,158,158,176,187,199,0,0,0,26,26,26],"floor_reached":25,"language":"ENG","playtime":2444,"items_purged":["Strike_B"],"score":284,"play_id":"5a922b60-c788-4a56-837e-a08735cbb400","local_time":"20210214102136","is_ascension_mode":true,"campfire_choices":[{"data":"Rip and Tear","floor":7,"key":"SMITH"},{"floor":15,"key":"REST"},{"floor":23,"key":"REST"}],"circlet_count":0,"master_deck":["Strike_B","Strike_B","Strike_B","Defend_B","Defend_B","Defend_B","Defend_B","Zap","Dualcast","Ball Lightning","Rip and Tear+1","Gash","Rebound","Gash","Streamline","Scrape","Ball Lightning","Core Surge","Ball Lightning","Core Surge","Beam Cell","Recycle","Beam Cell+1","Ghostly","Ghostly","Ghostly","Ghostly","Ghostly","Go for the Eyes"],"relics":["Cracked Core","MealTicket","Sundial","Philosopher\u0027s Stone","Mummified Hand"],"acts_visited":["Exordium","TheCity"],"potions_floor_usage":[10,16],"damage_taken":[{"damage":0,"enemies":"Cultist","floor":1,"turns":3},{"damage":4,"enemies":"2 Louse","floor":2,"turns":2},{"damage":0,"enemies":"Small Slimes","floor":3,"turns":2},{"damage":26,"enemies":"3 Sentries","floor":6,"turns":6},{"damage":21,"enemies":"Lagavulin","floor":8,"turns":5},{"damage":31,"enemies":"Exordium Thugs","floor":10,"turns":4},{"damage":0,"enemies":"3 Louse","floor":11,"turns":2},{"damage":3,"enemies":"Blue Slaver","floor":12,"turns":2},{"damage":11,"enemies":"Exordium Thugs","floor":14,"turns":3},{"damage":49,"enemies":"The Guardian","floor":16,"turns":7},{"damage":31,"enemies":"3 Byrds","floor":18,"turns":4},{"damage":25,"enemies":"Shell Parasite","floor":19,"turns":4},{"damage":15,"enemies":"3 Cultists","floor":20,"turns":4},{"damage":16,"enemies":"Book of Stabbing","floor":24,"turns":5},{"damage":7,"enemies":"Cultist and Chosen","floor":25,"turns":5}],"seed_played":"2389400944364613081","potions_obtained":[{"floor":5,"key":"FocusPotion"},{"floor":5,"key":"FairyPotion"},{"floor":5,"key":"SkillPotion"},{"floor":6,"key":"Regen Potion"},{"floor":11,"key":"FocusPotion"},{"floor":14,"key":"SteroidPotion"},{"floor":16,"key":"Ancient Potion"},{"floor":18,"key":"Strength Potion"}],"is_trial":false,"path_per_floor":["M","M","M","?","?","E","R","E","T","M","M","M","$","M","R","B",null,"M","M","M","?","?","R","E","M"],"character_chosen":"DEFECT","items_purchased":["Core Surge"],"campfire_rested":2,"item_purchase_floors":[13],"current_hp_per_floor":[82,78,78,78,78,52,52,31,31,9,9,6,21,10,34,16,82,51,26,11,11,11,23,7,0,0],"gold":26,"neow_bonus":"TEN_PERCENT_HP_BONUS","is_daily":false,"chose_seed":false,"campfire_upgraded":1,"win_rate":0.0,"timestamp":1613326896,"path_taken":["M","M","?","?","?","E","R","E","T","M","M","M","$","M","R","BOSS","M","M","M","?","?","R","E","M"],"items_purchased_type":["Card"],"build_version":"2020-12-22","purchased_purges":1,"victory":false,"max_hp_per_floor":[82,82,82,82,82,82,82,82,82,82,82,82,82,82,82,82,82,82,82,82,82,41,41,41,41,41],"card_choices":[{"not_picked":["Sweeping Beam","Redo"],"picked":"Ball Lightning","floor":1},{"not_picked":["Turbo","FTL"],"picked":"Rip and Tear","floor":2},{"not_picked":["Conserve Battery","Sweeping Beam"],"picked":"Gash","floor":3},{"not_picked":["Compile Driver","Turbo"],"picked":"Rebound","floor":6},{"not_picked":["White Noise","Melter"],"picked":"Gash","floor":8},{"not_picked":["Tempest","Turbo"],"picked":"Streamline","floor":10},{"not_picked":["Ball Lightning","Coolheaded"],"picked":"Scrape","floor":11},{"not_picked":["Conserve Battery","Melter"],"picked":"Ball Lightning","floor":12},{"not_picked":["Consume","Sweeping Beam"],"picked":"Ball Lightning","floor":14},{"not_picked":["Seek","Multi-Cast"],"picked":"Core Surge","floor":16},{"not_picked":["Rebound+1","Auto Shields"],"picked":"Beam Cell","floor":18},{"not_picked":["Glacier","Rip and Tear"],"picked":"Recycle","floor":19},{"not_picked":["Sweeping Beam+1","Compile Driver"],"picked":"Beam Cell+1","floor":20},{"not_picked":["Coolheaded","Leap"],"picked":"Go for the Eyes","floor":24}],"player_experience":135543,"relics_obtained":[{"floor":6,"key":"MealTicket"},{"floor":8,"key":"Sundial"},{"floor":24,"key":"Mummified Hand"}],"event_choices":[{"damage_healed":0,"gold_gain":0,"player_choice":"Ignored","damage_taken":0,"max_hp_gain":0,"max_hp_loss":0,"event_name":"Golden Wing","floor":4,"gold_loss":0},{"damage_healed":0,"gold_gain":0,"player_choice":"Got Potions","damage_taken":0,"max_hp_gain":0,"max_hp_loss":0,"event_name":"Lab","floor":5,"gold_loss":0},{"damage_healed":0,"gold_gain":0,"player_choice":"Paid Fearfully","damage_taken":0,"max_hp_gain":0,"max_hp_loss":0,"event_name":"Masked Bandits","floor":21,"gold_loss":199},{"damage_healed":0,"gold_gain":0,"player_choice":"Became a Ghost","damage_taken":0,"max_hp_gain":0,"max_hp_loss":41,"event_name":"Ghosts","floor":22,"gold_loss":0,"cards_obtained":["Ghostly","Ghostly","Ghostly","Ghostly","Ghostly"]}],"is_beta":false,"boss_relics":[{"not_picked":["Runic Dome","Inserter"],"picked":"Philosopher\u0027s Stone"}],"items_purged_floors":[13],"is_endless":false,"potions_floor_spawned":[6,10,11,14,16,18],"killed_by":"Cultist and Chosen","ascension_level":2}}