{"host":"sc0o2qwpf9j16a4i","time":1613325975,"event":{"mods":["AchievementEnabler","BaseMod","BetterRewards","Block Reminder","Colored Map","Colored Powertips","Custom Start","Highlight Path","Minty Spire (QoL Compilation)","Relic Stats"],"gold_per_floor":[113,113,125,136,152,179,5,5,5,17,32,32,62,72,72,144,144,163,163,183,206,222,19,19,19],"floor_reached":24,"language":"ENG","playtime":746,"items_purged":[],"score":420,"play_id":"60122ba8-9173-421b-aded-21ae8fec90cd","local_time":"20210214200615","is_ascension_mode":true,"campfire_choices":[{"data":"Flame Barrier","floor":12.0,"key":"SMITH"},{"data":"Inflame","floor":15.0,"key":"SMITH"}],"circlet_count":0,"master_deck":["AscendersBane","Strike_R+1","Strike_R","Defend_R","Defend_R","Defend_R","Defend_R","Bash+1","Anger","Twin Strike","Wild Strike","Flame Barrier+1","Carnage","Headbutt","Combust","Clothesline","Inflame+1","Corruption","Disarm","Twin Strike","Second Wind","Evolve","Burning Pact","Feel No Pain"],"relics":["Burning Blood","Whetstone","Bag of Marbles","Gambling Chip","Sundial","Black Star","Orichalcum","Membership Card"],"acts_visited":["Exordium","TheCity"],"potions_floor_usage":[24],"damage_taken":[{"damage":2.0,"enemies":"2 Louse","floor":1.0,"turns":3.0},{"damage":2.0,"enemies":"Cultist","floor":3.0,"turns":4.0},{"damage":9.0,"enemies":"Jaw Worm","floor":4.0,"turns":3.0},{"damage":12.0,"enemies":"Exordium Wildlife","floor":5.0,"turns":4.0},{"damage":37.0,"enemies":"Lagavulin","floor":6.0,"turns":9.0},{"damage":8.0,"enemies":"3 Louse","floor":10.0,"turns":3.0},{"damage":2.0,"enemies":"Blue Slaver","floor":11.0,"turns":3.0},{"damage":22.0,"enemies":"3 Sentries","floor":13.0,"turns":5.0},{"damage":6.0,"enemies":"Gremlin Gang","floor":14.0,"turns":4.0},{"damage":27.0,"enemies":"Hexaghost","floor":16.0,"turns":8.0},{"damage":10.0,"enemies":"Spheric Guardian","floor":18.0,"turns":4.0},{"damage":27.0,"enemies":"3 Byrds","floor":20.0,"turns":4.0},{"damage":25.0,"enemies":"Centurion and Healer","floor":22.0,"turns":8.0},{"damage":35,"enemies":"Gremlin Leader","floor":24,"turns":2}],"seed_played":"-6854224491735776861","potions_obtained":[{"floor":4.0,"key":"Block Potion"},{"floor":10.0,"key":"FairyPotion"},{"floor":11.0,"key":"BlessingOfTheForge"},{"floor":22.0,"key":"Regen Potion"}],"is_trial":false,"path_per_floor":["M","?","M","M","M","E","$","T","T","M","M","R","E","M","R","B",null,"M","?","M","T","M","$","E"],"character_chosen":"IRONCLAD","items_purchased":["LiquidBronze","Carnage","Headbutt","Membership Card","Feel No Pain"],"campfire_rested":0,"item_purchase_floors":[7,7,7,23,23],"current_hp_per_floor":[79,79,82,79,73,42,42,42,42,40,44,44,28,28,28,7,63,59,59,38,38,19,19,0,0],"gold":19,"neow_bonus":"TEN_PERCENT_HP_BONUS","is_daily":false,"chose_seed":false,"campfire_upgraded":2,"win_rate":0.0,"timestamp":1613325975,"path_taken":["M","?","M","M","M","E","$","?","T","M","?","R","E","M","R","BOSS","M","?","M","?","M","?","E"],"items_purchased_type":["Potion","Card","Card","Relic","Card"],"build_version":"2020-12-22","purchased_purges":0,"victory":false,"max_hp_per_floor":[82,82,82,82,82,82,82,82,82,82,82,82,82,82,82,82,82,82,82,82,82,82,82,82,82],"relic_stats":{"counters":[14,64],"Sundial":[4],"Gambling Chip":[30],"Black Star":0,"Whetstone":["Bash","Strike_R"],"Orichalcum":[42],"obtain_stats":[{"Sundial":13,"Gambling Chip":9,"Bag of Marbles":8,"Black Star":17,"Whetstone":6,"Membership Card":23,"Orichalcum":21,"Burning Blood":0},{"Sundial":8,"Gambling Chip":5,"Bag of Marbles":5,"Black Star":10,"Whetstone":5,"Membership Card":13,"Orichalcum":12,"Burning Blood":0},{"Sundial":34,"Gambling Chip":23,"Bag of Marbles":23,"Black Star":46,"Whetstone":23,"Membership Card":62,"Orichalcum":54,"Burning Blood":0}],"Burning Blood":77},"card_choices":[{"not_picked":["True Grit","Cleave"],"picked":"Anger","floor":1.0},{"not_picked":["Perfected Strike","Shrug It Off"],"picked":"Twin Strike","floor":3.0},{"not_picked":["Perfected Strike","Brutality"],"picked":"Wild Strike","floor":4.0},{"not_picked":["Feel No Pain","Heavy Blade"],"picked":"Flame Barrier","floor":5.0},{"not_picked":["Flex","Havoc","Heavy Blade"],"picked":"SKIP","floor":6.0},{"not_picked":["Anger","Infernal Blade","Havoc"],"picked":"SKIP","floor":10.0},{"not_picked":["Iron Wave","Cleave"],"picked":"Combust","floor":11.0},{"not_picked":["Flex","Iron Wave"],"picked":"Clothesline","floor":13.0},{"not_picked":["Juggernaut","Armaments"],"picked":"Inflame","floor":14.0},{"not_picked":["Reaper","Exhume"],"picked":"Corruption","floor":16.0},{"not_picked":["Twin Strike","Blood for Blood"],"picked":"Disarm","floor":18.0},{"not_picked":["Flex","Sever Soul+1"],"picked":"Evolve","floor":20.0},{"not_picked":["Flame Barrier","Perfected Strike"],"picked":"Burning Pact","floor":22.0}],"player_experience":1428415,"relics_obtained":[{"floor":6.0,"key":"Whetstone"},{"floor":8.0,"key":"Bag of Marbles"},{"floor":9.0,"key":"Gambling Chip"},{"floor":13.0,"key":"Sundial"},{"floor":21.0,"key":"Orichalcum"}],"event_choices":[{"cards_removed":["Strike_R"],"damage_healed":0.0,"max_hp_gain":0.0,"max_hp_loss":0.0,"gold_gain":0.0,"event_name":"Purifier","player_choice":"Purged","floor":2.0,"gold_loss":0.0,"damage_taken":0.0},{"damage_healed":0.0,"max_hp_gain":0.0,"max_hp_loss":0.0,"gold_gain":0.0,"cards_transformed":["Strike_R","Strike_R"],"event_name":"Drug Dealer","player_choice":"Became Test Subject","floor":19.0,"gold_loss":0.0,"damage_taken":0.0,"cards_obtained":["Twin Strike","Second Wind"]}],"is_beta":false,"boss_relics":[{"not_picked":["Tiny House","Ectoplasm"],"picked":"Black Star"}],"items_purged_floors":[],"is_endless":false,"potions_floor_spawned":[4,10,11,13,22],"killed_by":"Gremlin Leader","ascension_level":20}}