{"host":"rqwnmhn71fwyjegj","time":1613324128,"event":{"mods":["AchievementEnabler","BaseMod","Minty Spire (QoL Compilation)"],"gold_per_floor":[115,67,32,32,45,45,73,5,30,30,30],"floor_reached":10,"language":"ENG","playtime":366,"items_purged":[],"score":86,"play_id":"cc8a6f6c-ec9c-4cec-bfde-2fd312966cac","local_time":"20210214173528","is_ascension_mode":true,"campfire_choices":[{"data":"Crippling Poison","floor":6,"key":"SMITH"}],"circlet_count":0,"master_deck":["Strike_G","Strike_G","Strike_G","Strike_G","Strike_G","Defend_G","Defend_G","Defend_G","Defend_G","Defend_G","Survivor","Neutralize","Sucker Punch","Crippling Poison+1","Caltrops"],"relics":["Ring of the Snake","Torii","Art of War","Bronze Scales"],"acts_visited":["Exordium"],"potions_floor_usage":[],"damage_taken":[{"damage":0,"enemies":"Small Slimes","floor":1,"turns":4},{"damage":0,"enemies":"2 Louse","floor":5,"turns":5},{"damage":48,"enemies":"3 Sentries","floor":7,"turns":14},{"damage":27,"enemies":"Lagavulin","floor":10,"turns":5}],"seed_played":"-5397628566925735166","potions_obtained":[{"floor":5,"key":"GhostInAJar"},{"floor":7,"key":"ColorlessPotion"}],"is_trial":false,"path_per_floor":["M","?","?","$","M","R","E","?","T","E"],"character_chosen":"THE_SILENT","items_purchased":[],"campfire_rested":0,"item_purchase_floors":[],"current_hp_per_floor":[63,63,70,70,70,70,22,22,22,0,0],"gold":30,"neow_bonus":"THREE_CARDS","is_daily":false,"chose_seed":false,"campfire_upgraded":1,"win_rate":0.0,"timestamp":1613324128,"path_taken":["M","?","?","$","M","R","E","?","T","E"],"items_purchased_type":[],"build_version":"2020-12-22","purchased_purges":0,"victory":false,"max_hp_per_floor":[70,70,70,70,70,70,70,70,70,70,70],"card_choices":[{"not_picked":["Acrobatics","Outmaneuver"],"picked":"Sucker Punch","floor":0},{"not_picked":["Sucker Punch","Distraction","Terror"],"picked":"SKIP","floor":1},{"not_picked":["Underhanded Strike","Flechettes"],"picked":"Crippling Poison","floor":5},{"not_picked":["Quick Slash","Crippling Poison"],"picked":"Caltrops","floor":7}],"player_experience":339487,"relics_obtained":[{"floor":7,"key":"Torii"},{"floor":9,"key":"Bronze Scales"}],"event_choices":[{"damage_healed":0,"gold_gain":0,"player_choice":"Left Gold","damage_taken":0,"max_hp_gain":0,"max_hp_loss":0,"event_name":"World of Goop","floor":2,"gold_loss":48},{"damage_healed":17,"gold_gain":0,"player_choice":"Healed","damage_taken":0,"max_hp_gain":0,"max_hp_loss":0,"event_name":"The Cleric","floor":3,"gold_loss":35},{"damage_healed":0,"gold_gain":0,"player_choice":"Paid Gold","damage_taken":0,"relics_obtained":["Art of War"],"max_hp_gain":0,"max_hp_loss":0,"event_name":"WeMeetAgain","floor":8,"gold_loss":68}],"is_beta":false,"boss_relics":[],"items_purged_floors":[],"is_endless":false,"potions_floor_spawned":[5,7],"killed_by":"Lagavulin","ascension_level":7}}