{"host":"onfdonezo2qmaex3","time":1613297564,"event":{"mods":["2.2 Compatiblity","AchievementEnabler","Act Like it!","Aspiration","BaseMod","Colored Powertips","Downfall","Friendly Minions","Gensokyo","Hallownest","Hermit","Highlight Path","Jorbs\u0027s Wanderer Trilogy","Marisa????????","Marked Mod","Minty Spire (QoL Compilation)","Quick Restart","Reliquary","Shop Mod","StSLib","The Disciple","The Hayseed","The Hierophant","The Marked","The Runesmith"],"gold_per_floor":[117,12,12,12,12,47,47,80,80,80,93,103,103,103,103,204,204,224,224,224,187,187,187,207,233,282,308,308,322,272,288,288,288],"floor_reached":32,"language":"ENG","playtime":1199,"items_purged":["downfall:Bewildered","Strike_R"],"score":401,"play_id":"cc0cdb72-2ac3-405f-8e1a-f0df07fcbe3b","local_time":"20210214111244","is_ascension_mode":true,"campfire_choices":[{"data":"Spot Weakness","floor":10,"key":"SMITH"},{"data":"Spot Weakness","floor":15,"key":"SMITH"},{"data":"Impervious","floor":23,"key":"SMITH"},{"floor":28,"key":"REST"},{"data":"Metallicize","floor":32,"key":"SMITH"}],"circlet_count":0,"master_deck":["Strike_R","Strike_R","Defend_R","Defend_R","Defend_R","Bash","Spot Weakness+1","Spot Weakness+1","Gensokyo:SummonPsychicCat","Dropkick","Impervious+1","Cleave","Metallicize+1","Headbutt+1","Disarm+1"],"relics":["Burning Blood","NeowsBlessing","champ:DuelingGlove","Smiling Mask","Gensokyo:Companionship","Strawberry","Velvet Choker","reliquary:PartyBalloon","sneckomod:BabySnecko","MerchantsRug","aspiration:RitualStick","Unceasing Top","Runesmith:AutoHammer","Champion Belt"],"acts_visited":["Gensokyo:Gensokyo","TheCity"],"potions_floor_usage":[25],"damage_taken":[{"damage":0,"enemies":"Gensokyo:Python","floor":1,"turns":1},{"damage":0,"enemies":"Gensokyo:Aya","floor":6,"turns":1},{"damage":0,"enemies":"Gensokyo:Mamizou","floor":8,"turns":2},{"damage":10,"enemies":"Gensokyo:3_Fairies","floor":11,"turns":5},{"damage":2,"enemies":"Gensokyo:Gryphon","floor":12,"turns":2},{"damage":52,"enemies":"Gensokyo:Kokoro","floor":16,"turns":7},{"damage":1,"enemies":"Chosen","floor":18,"turns":4},{"damage":8,"enemies":"Spheric Guardian","floor":24,"turns":4},{"damage":0,"enemies":"Book of Stabbing","floor":25,"turns":4},{"damage":31,"enemies":"Slavers","floor":27,"turns":4},{"damage":13,"enemies":"Snecko","floor":29,"turns":4},{"damage":13,"enemies":"Snake Plant","floor":31,"turns":3}],"seed_played":"223009669434943176","potions_obtained":[{"floor":8,"key":"LiquidBronze"},{"floor":12,"key":"Fire Potion"},{"floor":24,"key":"AttackPotion"},{"floor":25,"key":"PowerPotion"},{"floor":29,"key":"SpeedPotion"}],"is_trial":false,"path_per_floor":["M","COS","?","?","?","E","T","E","T","R","M","M","?","?","R","B",null,"M","?","?","$","?","R","M","E","T","E","R","M","$","M","R"],"character_chosen":"IRONCLAD","items_purchased":["MerchantsRug"],"campfire_rested":1,"item_purchase_floors":[21],"current_hp_per_floor":[80,80,48,72,56,62,62,68,68,74,70,74,71,79,85,39,95,95,95,95,95,76,76,74,80,80,55,83,76,76,69,69,69],"gold":288,"neow_bonus":"THREE_ENEMY_KILL","is_daily":false,"chose_seed":false,"campfire_upgraded":4,"win_rate":0.0,"timestamp":1613297564,"path_taken":["M","COS","?","?","?","E","?","E","T","R","M","?","?","?","R","BOSS","M","?","?","?","?","R","?","E","T","E","R","M","$","M","R"],"items_purchased_type":["Relic"],"build_version":"2020-12-22","purchased_purges":2,"victory":false,"max_hp_per_floor":[80,80,80,80,80,80,80,80,80,80,80,80,87,95,95,95,95,95,95,95,95,95,95,95,95,95,95,95,95,95,95,95,95],"card_choices":[{"not_picked":["Perfected Strike","Thunderclap","Dual Wield"],"picked":"SKIP","floor":1},{"not_picked":["Perfected Strike","Ghostly Armor"],"picked":"Spot Weakness","floor":6},{"not_picked":["Flex","Blood for Blood"],"picked":"Spot Weakness","floor":8},{"not_picked":["Anger","Headbutt"],"picked":"Dropkick","floor":11},{"not_picked":["Flex","Anger","Rage"],"picked":"SKIP","floor":12},{"not_picked":["Bludgeon","Juggernaut"],"picked":"Impervious","floor":16},{"not_picked":["Perfected Strike","Iron Wave"],"picked":"Cleave","floor":18},{"not_picked":["Sever Soul","Armaments"],"picked":"Metallicize","floor":24},{"not_picked":["Cleave","Disarm"],"picked":"Headbutt+1","floor":25},{"not_picked":["Sentinel","Sever Soul","Reckless Charge"],"picked":"SKIP","floor":27},{"not_picked":["Wild Strike","Anger"],"picked":"Disarm+1","floor":29},{"not_picked":["Reckless Charge","Armaments","Wild Strike"],"picked":"SKIP","floor":31}],"player_experience":185614,"relics_obtained":[{"floor":6,"key":"champ:DuelingGlove"},{"floor":8,"key":"Eternal Feather"},{"floor":9,"key":"Smiling Mask"},{"floor":25,"key":"Unceasing Top"},{"floor":26,"key":"Runesmith:AutoHammer"},{"floor":27,"key":"Champion Belt"}],"event_choices":[{"damage_healed":0,"gold_gain":0,"player_choice":"Opened","damage_taken":0,"relics_obtained":["reliquary:PartyBalloon"],"max_hp_gain":0,"max_hp_loss":0,"event_name":"The Mausoleum","floor":19,"gold_loss":0}],"is_beta":false,"boss_relics":[{"not_picked":["Black Blood","reliquary:Craggleroot"],"picked":"Velvet Choker"}],"items_purged_floors":[21,30],"is_endless":false,"potions_floor_spawned":[8,12,24,25,29],"ascension_level":1}}