{"host":"7wi4qgm5yw4j7oz0","time":1613312581,"event":{"mods":["AchievementEnabler","BaseMod","Block Reminder","Colored Map","Colored Powertips","Highlight Path","Minty Spire (QoL Compilation)","Permanent Neow","Random Character Button","Rare Cards Sparkle","StSLib","everything is the same but u backflip on backflip"],"gold_per_floor":[113,124,144,69,69,69,69,69,138,172,172,172,192,212,212,312,312,327,82,82,82,34,34,44,44,96,96,131,149,249,266,266,366,366,384,398,410,410,426,426,459,459,459,486,486,361,374,391,391,391],"floor_reached":51,"language":"KOR","playtime":2988,"items_purged":["Bash","Strike_R","Iron Wave"],"score":1200,"play_id":"2f58520c-0c6e-4db3-8e66-055cede76ee7","local_time":"20210214232301","is_ascension_mode":true,"campfire_choices":[{"data":"Trip","floor":6.0,"key":"SMITH"},{"data":"Perfected Strike","floor":8.0,"key":"SMITH"},{"data":"Carnage","floor":11.0,"key":"SMITH"},{"data":"Rage","floor":15.0,"key":"SMITH"},{"data":"Shrug It Off","floor":23.0,"key":"SMITH"},{"data":"Rampage","floor":25.0,"key":"SMITH"},{"data":"Barricade","floor":32.0,"key":"SMITH"},{"data":"Offering","floor":40.0,"key":"SMITH"},{"data":"Warcry","floor":42.0,"key":"SMITH"},{"data":"Double Tap","floor":45.0,"key":"SMITH"},{"data":"Defend_R","floor":49,"key":"SMITH"}],"circlet_count":0,"master_deck":["AscendersBane","Strike_R+1","Strike_R+1","Defend_R+1","Defend_R+1","Defend_R","Defend_R+1","Trip+1","Carnage+1","Rage+1","Flex+1","Feed","Headbutt+1","Infernal Blade+1","Offering+1","Shrug It Off+1","Rampage+1","Double Tap+1","Warcry+1","Barricade+1","Offering+1","Battle Trance+1","Power Through+1"],"relics":["Burning Blood","Gremlin Horn","Whetstone","CultistMask","Astrolabe","Blood Vial","Oddly Smooth Stone","Orichalcum","Pocketwatch","Eternal Feather","Runic Cube","MealTicket","Pear","Happy Flower"],"acts_visited":["Exordium","TheCity","TheBeyond"],"potions_floor_usage":[50,50],"damage_taken":[{"damage":0.0,"enemies":"2 Louse","floor":1.0,"turns":3.0},{"damage":7.0,"enemies":"Small Slimes","floor":2.0,"turns":3.0},{"damage":1.0,"enemies":"Cultist","floor":3.0,"turns":3.0},{"damage":16.0,"enemies":"Gremlin Nob","floor":10.0,"turns":3.0},{"damage":13.0,"enemies":"Blue Slaver","floor":13.0,"turns":3.0},{"damage":9.0,"enemies":"Lots of Slimes","floor":14.0,"turns":3.0},{"damage":28.0,"enemies":"Slime Boss","floor":16.0,"turns":9.0},{"damage":18.0,"enemies":"3 Byrds","floor":18.0,"turns":4.0},{"damage":10.0,"enemies":"2 Thieves","floor":24.0,"turns":2.0},{"damage":24.0,"enemies":"Book of Stabbing","floor":28.0,"turns":5.0},{"damage":6.0,"enemies":"Centurion and Healer","floor":29.0,"turns":3.0},{"damage":17.0,"enemies":"Colosseum Slavers","floor":30.0,"turns":3.0},{"damage":1.0,"enemies":"Colosseum Nobs","floor":30.0,"turns":4.0},{"damage":6.0,"enemies":"Snake Plant","floor":31.0,"turns":2.0},{"damage":46.0,"enemies":"Champ","floor":33.0,"turns":10.0},{"damage":12.0,"enemies":"3 Darklings","floor":35.0,"turns":4.0},{"damage":6.0,"enemies":"Orb Walker","floor":36.0,"turns":2.0},{"damage":17.0,"enemies":"3 Darklings","floor":37.0,"turns":2.0},{"damage":26.0,"enemies":"Sphere and 2 Shapes","floor":39.0,"turns":2.0},{"damage":12.0,"enemies":"Nemesis","floor":41.0,"turns":3.0},{"damage":12.0,"enemies":"Giant Head","floor":44.0,"turns":4.0},{"damage":12.0,"enemies":"4 Shapes","floor":47.0,"turns":3.0},{"damage":20,"enemies":"Spire Growth","floor":48,"turns":3},{"damage":24,"enemies":"Awakened One","floor":50,"turns":11}],"seed_played":"-5589969365453700130","potions_obtained":[{"floor":2.0,"key":"Swift Potion"},{"floor":3.0,"key":"FearPotion"},{"floor":10.0,"key":"Fruit Juice"},{"floor":16.0,"key":"Block Potion"},{"floor":18.0,"key":"ElixirPotion"},{"floor":29.0,"key":"EssenceOfSteel"},{"floor":31.0,"key":"GamblersBrew"},{"floor":36.0,"key":"DuplicationPotion"},{"floor":38.0,"key":"DistilledChaos"},{"floor":38.0,"key":"Energy Potion"},{"floor":44.0,"key":"Block Potion"},{"floor":47.0,"key":"SneckoOil"}],"is_trial":false,"path_per_floor":["M","M","M","$","?","R","?","R","T","E","R","?","M","M","R","B",null,"M","$","?","?","$","R","M","R","T","$","E","M","?","M","R","B",null,"M","M","M","?","M","R","E","R","T","E","R","$","M","M","R","B",null],"character_chosen":"IRONCLAD","items_purchased":["Blood Vial","Shrug It Off"],"campfire_rested":0,"item_purchase_floors":[19,22],"current_hp_per_floor":[78,77,80,80,85,85,68,68,68,58,58,63,56,53,53,31,75,63,63,45,45,45,45,46,46,46,46,30,35,36,38,50,12,81,77,82,76,76,61,73,72,84,94,90,102,117,113,101,113,100],"gold":391,"neow_bonus":"RANDOM_COLORLESS","is_daily":false,"chose_seed":false,"campfire_upgraded":11,"win_rate":0.0,"timestamp":1613312581,"path_taken":["M","M","M","$","?","R","?","R","T","E","R","?","M","M","R","BOSS","M","$","?","?","$","R","?","R","T","?","E","M","?","M","R","BOSS","M","M","M","?","M","R","E","R","T","E","R","$","?","M","R","BOSS"],"items_purchased_type":["Relic","Card"],"build_version":"2020-12-22","purchased_purges":3,"victory":true,"max_hp_per_floor":[80,80,80,80,85,85,85,85,85,85,85,90,90,90,90,90,90,90,90,95,95,95,95,98,98,98,98,98,101,104,104,104,104,104,104,107,110,110,113,113,116,116,126,126,126,126,126,126,126,129],"card_choices":[{"not_picked":["Dramatic Entrance","Enlightenment"],"picked":"Trip","floor":0.0},{"not_picked":["Iron Wave","Bloodletting"],"picked":"Carnage","floor":1.0},{"not_picked":["Infernal Blade","Sword Boomerang"],"picked":"Iron Wave","floor":2.0},{"not_picked":["Second Wind","Disarm"],"picked":"Perfected Strike","floor":3.0},{"not_picked":["Heavy Blade","Uppercut"],"picked":"Rage","floor":10.0},{"not_picked":["Twin Strike","Combust"],"picked":"Flex","floor":13.0},{"not_picked":["Bludgeon","Flex","Whirlwind"],"picked":"SKIP","floor":14.0},{"not_picked":["Reaper","Corruption"],"picked":"Feed","floor":16.0},{"not_picked":["Heavy Blade","Entrench","Carnage"],"picked":"SKIP","floor":18.0},{"not_picked":["Warcry+1","Flex+1"],"picked":"Rampage","floor":24.0},{"not_picked":["Wild Strike","Cleave"],"picked":"Double Tap","floor":28.0},{"not_picked":["Cleave","Heavy Blade","Dual Wield"],"picked":"SKIP","floor":29.0},{"not_picked":["Headbutt","Cleave"],"picked":"Warcry","floor":30.0},{"not_picked":["True Grit","Wild Strike"],"picked":"Barricade","floor":31.0},{"not_picked":["Fiend Fire","Juggernaut"],"picked":"Offering","floor":33.0},{"not_picked":["Headbutt","Havoc","Wild Strike+1"],"picked":"SKIP","floor":35.0},{"not_picked":["Wild Strike","Shrug It Off","Armaments+1"],"picked":"SKIP","floor":36.0},{"not_picked":["Armaments","Searing Blow","Clothesline"],"picked":"SKIP","floor":37.0},{"not_picked":["Feel No Pain+1","Whirlwind+1","True Grit"],"picked":"SKIP","floor":39.0},{"not_picked":["Infernal Blade","Twin Strike"],"picked":"Battle Trance+1","floor":41.0},{"not_picked":["Havoc","Rupture"],"picked":"Power Through+1","floor":44.0},{"not_picked":["Reckless Charge+1","Cleave","Sentinel"],"picked":"SKIP","floor":47.0},{"not_picked":["Feel No Pain+1","Havoc+1","Dark Embrace"],"picked":"SKIP","floor":48}],"player_experience":302820,"relics_obtained":[{"floor":9.0,"key":"Gremlin Horn"},{"floor":10.0,"key":"Whetstone"},{"floor":26.0,"key":"Oddly Smooth Stone"},{"floor":28.0,"key":"Orichalcum"},{"floor":30.0,"key":"Pocketwatch"},{"floor":30.0,"key":"Eternal Feather"},{"floor":41.0,"key":"MealTicket"},{"floor":43.0,"key":"Pear"},{"floor":44.0,"key":"Happy Flower"}],"event_choices":[{"damage_healed":0.0,"max_hp_gain":5.0,"max_hp_loss":0.0,"gold_gain":0.0,"event_name":"Big Fish","player_choice":"Donut","floor":5.0,"gold_loss":0.0,"damage_taken":0.0},{"damage_healed":0.0,"max_hp_gain":0.0,"max_hp_loss":0.0,"gold_gain":0.0,"event_name":"Shining Light","player_choice":"Entered Light","floor":7.0,"gold_loss":0.0,"damage_taken":17.0,"cards_upgraded":["Defend_R","Defend_R"]},{"damage_healed":0.0,"max_hp_gain":0.0,"max_hp_loss":0.0,"gold_gain":0.0,"event_name":"FaceTrader","player_choice":"Trade","floor":12.0,"gold_loss":0.0,"damage_taken":0.0,"relics_obtained":["CultistMask"]},{"damage_healed":0.0,"max_hp_gain":5.0,"max_hp_loss":0.0,"gold_gain":0.0,"event_name":"Forgotten Altar","player_choice":"Shed Blood","floor":20.0,"gold_loss":0.0,"damage_taken":23.0},{"damage_healed":0.0,"max_hp_gain":0.0,"max_hp_loss":0.0,"gold_gain":0.0,"event_name":"Accursed Blacksmith","player_choice":"Forge","floor":21.0,"gold_loss":0.0,"damage_taken":0.0,"cards_upgraded":["Flex"]},{"damage_healed":0.0,"max_hp_gain":0.0,"max_hp_loss":0.0,"gold_gain":0.0,"event_name":"Colosseum","player_choice":"Fight","floor":30.0,"gold_loss":0.0,"damage_taken":0.0},{"damage_healed":0.0,"max_hp_gain":0.0,"max_hp_loss":0.0,"gold_gain":0.0,"event_name":"Colosseum","player_choice":"Fought Nobs","floor":30.0,"gold_loss":0.0,"damage_taken":0.0},{"damage_healed":0.0,"max_hp_gain":0.0,"max_hp_loss":0.0,"gold_gain":0.0,"event_name":"Lab","player_choice":"Got Potions","floor":38.0,"gold_loss":0.0,"damage_taken":0.0}],"is_beta":false,"boss_relics":[{"not_picked":["Tiny House","Coffee Dripper"],"picked":"Astrolabe"},{"not_picked":["Calling Bell","Velvet Choker"],"picked":"Runic Cube"}],"items_purged_floors":[4,19,46],"is_endless":false,"potions_floor_spawned":[2,3,10,16,18,29,31,36,37,44,47],"ascension_level":10}}