{"host":"x730sfaw5rd1mxd8","time":1613343283,"event":{"mods":["BaseMod","BetterRewards","Colored Powertips","Highlight Path","Minty Spire (QoL Compilation)","Relic Sorter","Relic Stats","Replay The Spire","StSLib"],"gold_per_floor":[116,128,141,38,38,69,84,117,117,117,136,152,163,190,190,264,264,283,301,301,317,253,283,302,328,351,365,391,391,391,402,402,479,479,493,507,341,341,356,386,386,417,465,500,553,553,564,584,584,584,584,584,584,238,266,266,266],"floor_reached":56,"language":"ENG","playtime":4891,"items_purged":["Strike_R","Strike_R","Strike_R","Strike_R","Strike_R"],"score":2217,"play_id":"4cf7ec22-7008-416e-8e78-8d55621e8cb6","local_time":"20210214175443","is_ascension_mode":true,"campfire_choices":[{"data":"True Grit","floor":10,"key":"SMITH"},{"data":"Combust","floor":15,"key":"SMITH"},{"data":"Brutality","floor":29,"key":"SMITH"},{"floor":32,"key":"RECALL"},{"data":"Demon Form","floor":41,"key":"SMITH"},{"data":"Juggernaut","floor":46,"key":"SMITH"},{"data":"Bash","floor":49,"key":"SMITH"},{"data":"Flame Barrier","floor":53,"key":"SMITH"}],"circlet_count":0,"master_deck":["AscendersBane","Defend_R","Defend_R","Defend_R","Bash+1","Evolve+1","Blood for Blood+1","True Grit+1","Fire Breathing","ReplayReversal","Whirlwind","Combust+1","Inflame","Pommel Strike","Shrug It Off","Replay:Many Hands+1","Burning Pact","Juggernaut+1","Sword Boomerang","Twin Strike","Replay:Sssssssssshield","ReplayTheSpireMod:Stacked","Berserk","ReplayTheSpireMod:Limb From Limb","Brutality+1","Flame Barrier+1","Feel No Pain","Fiend Fire","Spot Weakness","Inflame","Offering","Demon Form+1","Spot Weakness","Battle Trance","Body Slam+1","Immolate","Defy Death+1","Shrug It Off+1","Metallicize+1","Fiend Fire"],"relics":["Burning Blood","Replay:Baseball","Oddly Smooth Stone","Chemical X","ClockworkSouvenir","Red Skull","Snack Pack","Guide Book","Bird Faced Urn","OrangePellets","Blue Doll","Replay:WaspNest","ReplayTheSpireMod:Shallot","Eternal Feather","Replay:Grab Bag","ChewingGum","Painkiller Herb","Runic Cube","Question Card","Smiling Mask","Blood Vial","NlothsMask","Replay:Bronze Core","Happy Flower","Bag of Marbles","Bottled Tornado","Magic Flower","Pet Ghost","Paper Frog"],"acts_visited":["Exordium","TheCity","TheBeyond","TheEnding"],"potions_floor_usage":[25,25,25,40,56,56],"damage_taken":[{"damage":0,"enemies":"Jaw Worm","floor":1,"turns":1},{"damage":1,"enemies":"Cultist","floor":2,"turns":3},{"damage":0,"enemies":"Small Slimes","floor":3,"turns":2},{"damage":10,"enemies":"Replay:BlueRogue","floor":6,"turns":5},{"damage":1,"enemies":"Blue Slaver","floor":7,"turns":3},{"damage":0,"enemies":"Gremlin Nob","floor":8,"turns":2},{"damage":0,"enemies":"Red Slaver","floor":11,"turns":4},{"damage":8,"enemies":"Exordium Thugs","floor":12,"turns":3},{"damage":5,"enemies":"Blue Slaver","floor":13,"turns":2},{"damage":14,"enemies":"Lagavulin","floor":14,"turns":5},{"damage":32,"enemies":"Hexaghost","floor":16,"turns":5},{"damage":4,"enemies":"2 Thieves","floor":18,"turns":3},{"damage":2,"enemies":"3 Byrds","floor":19,"turns":2},{"damage":2,"enemies":"Snecko","floor":21,"turns":3},{"damage":15,"enemies":"Slavers","floor":23,"turns":5},{"damage":23,"enemies":"3 Cultists","floor":24,"turns":5},{"damage":19,"enemies":"Gremlin Leader","floor":25,"turns":4},{"damage":8,"enemies":"Cultist and Chosen","floor":27,"turns":4},{"damage":0,"enemies":"Replay:Snechameleon","floor":28,"turns":5},{"damage":23,"enemies":"Centurion and Healer","floor":31,"turns":4},{"damage":15,"enemies":"Collector","floor":33,"turns":5},{"damage":11,"enemies":"Orb Walker","floor":35,"turns":4},{"damage":10,"enemies":"3 Shapes","floor":36,"turns":3},{"damage":24,"enemies":"Maw","floor":39,"turns":5},{"damage":17,"enemies":"R_Hoarder","floor":40,"turns":6},{"damage":10,"enemies":"Giant Head","floor":42,"turns":4},{"damage":51,"enemies":"Nemesis","floor":44,"turns":5},{"damage":35,"enemies":"Transient","floor":47,"turns":6},{"damage":3,"enemies":"Sphere and 2 Shapes","floor":48,"turns":4},{"damage":28,"enemies":"Donu and Deca","floor":50,"turns":5},{"damage":5,"enemies":"Replay:Hell Engine","floor":51,"turns":5},{"damage":57,"enemies":"Shield and Spear","floor":55,"turns":4},{"damage":81,"enemies":"The Heart","floor":56,"turns":3}],"seed_played":"1544837723333066656","potions_obtained":[{"floor":3,"key":"Explosive Potion"},{"floor":6,"key":"Ancient Potion"},{"floor":23,"key":"EntropicBrew"},{"floor":25,"key":"Energy Potion"},{"floor":33,"key":"PowerPotion"}],"is_trial":false,"path_per_floor":["M","M","M","$","?","E","M","E","T","R","M","M","M","E","R","B",null,"?","?","?","?","T","E","?","E","T","?","E","T","?","?","T","B",null,"?","?","T","?","?","E","T","E","T","E","T","T","?","?","T","B","B",null,"T","T","E","B"],"character_chosen":"IRONCLAD","items_purchased":["Evolve","Blood for Blood","Replay:Baseball","Oddly Smooth Stone","True Grit","Fire Breathing","ReplayReversal","Whirlwind","Chemical X","Combust","Inflame","ClockworkSouvenir","Pommel Strike","Shrug It Off","Replay:Many Hands+1","Red Skull","Snack Pack","Guide Book","Burning Pact","Bird Faced Urn","Juggernaut","OrangePellets","Sword Boomerang","Weak Potion","Replay:Sssssssssshield","Fiend Fire","Happy Flower","Pet Ghost","PowerPotion","Fiend Fire"],"campfire_rested":0,"item_purchase_floors":[0,0,0,0,0,0,0,0,0,0,0,0,0,0,0,0,0,0,0,0,0,0,0,0,4,22,37,54,54,54],"current_hp_per_floor":[75,75,75,75,75,75,75,75,75,75,75,75,75,75,75,57,71,75,75,75,75,75,69,62,63,63,75,75,75,75,70,75,75,75,75,75,75,71,68,71,71,71,71,37,37,58,71,71,71,68,71,71,71,71,47,0,0],"gold":266,"neow_bonus":"","is_daily":false,"chose_seed":false,"campfire_upgraded":7,"win_rate":0.0,"timestamp":1613343283,"path_taken":["M","M","M","$","?","E","M","E","T","R","M","M","?","E","R","BOSS","?","?","?","?","T","E","?","E","T","?","E","T","?","?","T","BOSS","?","?","T","?","?","E","T","E","T","E","?","T","?","?","T","BOSS","BOSS","T","T","E","BOSS"],"items_purchased_type":["Card","Card","Relic","Relic","Card","Card","Card","Card","Relic","Card","Card","Relic","Card","Card","Card","Relic","Relic","Relic","Card","Relic","Card","Relic","Card","Potion","Card","Card","Relic","Relic","Potion","Card"],"build_version":"2020-12-22","purchased_purges":5,"victory":false,"max_hp_per_floor":[75,75,75,75,75,75,75,75,75,75,75,75,75,75,75,75,75,75,75,75,75,75,75,75,75,75,75,75,75,75,75,75,75,75,75,75,75,71,71,71,71,71,71,71,71,71,71,71,71,71,71,71,71,71,71,71,71],"relic_stats":{"Happy Flower":[15],"counters":[704,3235],"Magic Flower":[44],"Eternal Feather":26,"Question Card":15,"Smiling Mask":125,"Burning Blood":2503,"Blood Vial":11,"OrangePellets":[16],"Bird Faced Urn":[226],"Chemical X":[37],"obtain_stats":[{"Golden Egg":8,"Replay:Accelerometer":52,"Whetstone":14,"Ginger":6,"Bottled Tornado":44,"Boot":53,"Sling":0,"Old Coin":47,"Ring of Searing":4,"Blood Vial":20,"Replay:Wanted Poster":34,"Replay:Ringing Soul":54,"Sundial":28,"Replay:Bronze Core":34,"MealTicket":27,"Fusion Hammer":19,"Replay:Bottled Flurry":0,"Necronomicon":21,"Kunai":53,"Replay:Wax Seal":43,"Electric Blood":17,"Replay:Bottled Steam":6,"Runic Cube":17,"Pear":9,"Blue Candle":30,"Counterbalance":11,"Velvet Choker":19,"Eternal Feather":9,"Akabeko":27,"SlaversCollar":17,"Bird Faced Urn":12,"Snecko Eye":17,"Pandora\u0027s Box":34,"Mark of Pain":0,"Kintsugi":17,"StrikeDummy":0,"Abe\u0027s Treasure":17,"Unceasing Top":49,"Regal Pillow":9,"Lantern":14,"Singing Bowl":10,"Torii":0,"Magic Flower":11,"StoneCalendar":14,"Painkiller Herb":17,"Blue Doll":27,"King of Hearts":12,"Bag of Preparation":9,"Cursed Key":34,"Smiling Mask":24,"Ancient Tea Set":40,"Burning Blood":0,"Pet Ghost":23,"Replay:Rubber Ducky":0,"Matryoshka":0,"Shovel":46,"WingedGreaves":8,"Chemical X":41,"Replay:Bottled Eggs":27,"Ring of Panic":45,"InkBottle":26,"Paper Frog":9,"Potion Belt":48,"Lee\u0027s Waffle":20,"Golden Idol":11,"Self Forming Clay":7,"Thread and Needle":50,"The Courier":14,"PreservedInsect":22,"Omamori":40,"Ring of Greed":45,"Frozen Egg 2":0,"MawBank":26,"Busted Crown":17,"Ornamental Fan":50,"Ring of Misfortune":20,"Orrery":0,"Turnip":46,"Art of War":40,"Garlic":32,"Champion Belt":56,"Bottled Lightning":9,"ReplayTheSpireMod:Lightbulb":0,"Toy Ornithopter":25,"Ice Cream":14,"Divine Protection":42,"Calipers":6,"Tiny House":17,"Gremlin Horn":9,"CeramicFish":43,"Vajra":0,"Sozu":17,"Centennial Puzzle":9,"Lizard Tail":38,"HornCleat":28,"DollysMirror":43,"Strawberry":28,"Honey Jar":17,"Philosopher\u0027s Stone":17,"Iron Hammer":0,"Toxic Egg 2":9,"Girya":19,"Happy Flower":27,"Ring of Hypnosis":4,"ReplayTheSpireMod:CursedCoin":0,"Dead Branch":13,"Replay:Grab Bag":17,"Oddly Smooth Stone":26,"Charon\u0027s Ashes":39,"Letter Opener":25,"Replay:Kaleidoscope":50,"War Paint":8,"Question Card":0,"OrangePellets":53,"Replay:Baseball":38,"ReplayTheSpireMod:Spearhead":24,"ReplayTheSpireMod:Shallot":30,"Shuriken":55,"Bronze Scales":12,"Simple Rune":28,"Onion Ring":45,"Molten Egg 2":7,"ReplayTheSpireMod:TigerMarble":13,"Black Star":17,"Grinning Jar":25,"Pocketwatch":0,"Meat on the Bone":43,"NlothsMask":30,"Darkstone Periapt":5,"ReplayFunnel":19,"Iron Core":3,"Replay:PocketPolymizer":34,"Black Blood":17,"Mango":6,"Juzu Bracelet":42,"Incense Burner":12,"Replay:Mystery Machine":0,"ClockworkSouvenir":0,"Dream Catcher":43,"Nunchaku":38,"Replay:Bandana":0,"TheAbacus":0,"Chameleon Ring":24,"Mummified Hand":0,"Pantograph":23,"Gambling Chip":24,"Replay:Bottled Snecko":6,"Red Skull":6,"Runic Pyramid":34,"Gremlin Food":0,"BargainBundle":0,"ReplayTheSpireMod:Ninjato":0,"Replay:Towering Pillar of Hats":0,"Quantum Egg":32,"Guide Book":53,"Replay:WaspNest":0,"Orichalcum":48,"Odd Mushroom":10,"Medical Kit":53,"White Beast Statue":0,"Mercury Hourglass":43,"Calling Bell":34,"Cauldron":54,"Strange Spoon":47,"Anchor":10,"CaptainsWheel":49,"ChewingGum":17,"Another Sword":42,"Snack Pack":8,"Bag of Marbles":12,"Membership Card":0,"TungstenRod":40,"FossilizedHelix":28},{"Golden Egg":68,"Replay:Accelerometer":153,"Whetstone":70,"Ginger":401,"Bottled Tornado":247,"Boot":153,"Sling":360,"Old Coin":88,"Ring of Searing":546,"Blood Vial":26,"Replay:Wanted Poster":241,"Replay:Ringing Soul":220,"Sundial":108,"Replay:Bronze Core":311,"MealTicket":58,"Fusion Hammer":456,"Replay:Bottled Flurry":251,"Necronomicon":590,"Kunai":153,"Replay:Wax Seal":438,"Electric Blood":51,"Replay:Bottled Steam":364,"Runic Cube":682,"Pear":347,"Blue Candle":30,"Counterbalance":349,"Velvet Choker":72,"Eternal Feather":255,"Akabeko":138,"SlaversCollar":24,"Bird Faced Urn":22,"Snecko Eye":520,"Pandora\u0027s Box":208,"Mark of Pain":0,"Kintsugi":352,"StrikeDummy":543,"Abe\u0027s Treasure":102,"Unceasing Top":120,"Regal Pillow":275,"Lantern":324,"Singing Bowl":21,"Torii":186,"Magic Flower":49,"StoneCalendar":166,"Painkiller Herb":259,"Blue Doll":358,"King of Hearts":277,"Bag of Preparation":68,"Cursed Key":31,"Smiling Mask":106,"Ancient Tea Set":437,"Burning Blood":0,"Pet Ghost":56,"Replay:Rubber Ducky":93,"Matryoshka":93,"Shovel":151,"WingedGreaves":255,"Chemical X":114,"Replay:Bottled Eggs":78,"Ring of Panic":635,"InkBottle":377,"Paper Frog":226,"Potion Belt":119,"Lee\u0027s Waffle":340,"Golden Idol":5,"Self Forming Clay":97,"Thread and Needle":90,"The Courier":7,"PreservedInsect":11,"Omamori":245,"Ring of Greed":635,"Frozen Egg 2":14,"MawBank":106,"Busted Crown":8,"Ornamental Fan":120,"Ring of Misfortune":590,"Orrery":330,"Turnip":38,"Art of War":36,"Garlic":109,"Champion Belt":92,"Bottled Lightning":129,"ReplayTheSpireMod:Lightbulb":93,"Toy Ornithopter":306,"Ice Cream":23,"Divine Protection":148,"Calipers":294,"Tiny House":619,"Gremlin Horn":20,"CeramicFish":115,"Vajra":221,"Sozu":338,"Centennial Puzzle":5,"Lizard Tail":567,"HornCleat":625,"DollysMirror":469,"Strawberry":13,"Honey Jar":231,"Philosopher\u0027s Stone":167,"Iron Hammer":155,"Toxic Egg 2":192,"Girya":134,"Happy Flower":203,"Ring of Hypnosis":546,"ReplayTheSpireMod:CursedCoin":155,"Dead Branch":165,"Replay:Grab Bag":279,"Oddly Smooth Stone":57,"Charon\u0027s Ashes":213,"Letter Opener":266,"Replay:Kaleidoscope":474,"War Paint":163,"Question Card":221,"OrangePellets":219,"Replay:Baseball":83,"ReplayTheSpireMod:Spearhead":202,"ReplayTheSpireMod:Shallot":206,"Shuriken":91,"Bronze Scales":6,"Simple Rune":78,"Onion Ring":116,"Molten Egg 2":226,"ReplayTheSpireMod:TigerMarble":132,"Black Star":407,"Grinning Jar":137,"Pocketwatch":41,"Meat on the Bone":601,"NlothsMask":690,"Darkstone Periapt":18,"ReplayFunnel":103,"Iron Core":188,"Replay:PocketPolymizer":433,"Black Blood":279,"Mango":19,"Juzu Bracelet":87,"Incense Burner":131,"Replay:Mystery Machine":93,"ClockworkSouvenir":123,"Dream Catcher":37,"Nunchaku":83,"Replay:Bandana":123,"TheAbacus":61,"Chameleon Ring":170,"Mummified Hand":155,"Pantograph":12,"Gambling Chip":27,"Replay:Bottled Snecko":161,"Red Skull":47,"Runic Pyramid":142,"Gremlin Food":155,"BargainBundle":251,"ReplayTheSpireMod:Ninjato":477,"Replay:Towering Pillar of Hats":444,"Quantum Egg":80,"Guide Book":249,"Replay:WaspNest":93,"Orichalcum":218,"Odd Mushroom":422,"Medical Kit":394,"White Beast Statue":155,"Mercury Hourglass":181,"Calling Bell":433,"Cauldron":574,"Strange Spoon":636,"Anchor":69,"CaptainsWheel":152,"ChewingGum":279,"Another Sword":181,"Snack Pack":48,"Bag of Marbles":257,"Membership Card":93,"TungstenRod":214,"FossilizedHelix":239},{"Golden Egg":270,"Replay:Accelerometer":693,"Whetstone":276,"Ginger":1860,"Bottled Tornado":1111,"Boot":693,"Sling":1690,"Old Coin":374,"Ring of Searing":2535,"Blood Vial":107,"Replay:Wanted Poster":1084,"Replay:Ringing Soul":1002,"Sundial":475,"Replay:Bronze Core":1396,"MealTicket":230,"Fusion Hammer":2097,"Replay:Bottled Flurry":1133,"Necronomicon":2746,"Kunai":693,"Replay:Wax Seal":2016,"Electric Blood":208,"Replay:Bottled Steam":1707,"Runic Cube":3141,"Pear":1608,"Blue Candle":123,"Counterbalance":1619,"Velvet Choker":287,"Eternal Feather":1149,"Akabeko":613,"SlaversCollar":100,"Bird Faced Urn":86,"Snecko Eye":2418,"Pandora\u0027s Box":935,"Mark of Pain":0,"Kintsugi":1635,"StrikeDummy":2528,"Abe\u0027s Treasure":449,"Unceasing Top":539,"Regal Pillow":1226,"Lantern":1469,"Singing Bowl":82,"Torii":830,"Magic Flower":200,"StoneCalendar":746,"Painkiller Herb":1169,"Blue Doll":1675,"King of Hearts":1234,"Bag of Preparation":270,"Cursed Key":130,"Smiling Mask":466,"Ancient Tea Set":2011,"Burning Blood":0,"Pet Ghost":224,"Replay:Rubber Ducky":411,"Matryoshka":411,"Shovel":679,"WingedGreaves":1149,"Chemical X":510,"Replay:Bottled Eggs":311,"Ring of Panic":2961,"InkBottle":1760,"Paper Frog":1023,"Potion Belt":538,"Lee\u0027s Waffle":1566,"Golden Idol":17,"Self Forming Clay":425,"Thread and Needle":385,"The Courier":25,"PreservedInsect":40,"Omamori":1101,"Ring of Greed":2961,"Frozen Egg 2":51,"MawBank":466,"Busted Crown":30,"Ornamental Fan":539,"Ring of Misfortune":2746,"Orrery":1509,"Turnip":156,"Art of War":146,"Garlic":481,"Champion Belt":400,"Bottled Lightning":578,"ReplayTheSpireMod:Lightbulb":411,"Toy Ornithopter":1366,"Ice Cream":93,"Divine Protection":660,"Calipers":1310,"Tiny House":2877,"Gremlin Horn":78,"CeramicFish":521,"Vajra":1010,"Sozu":1554,"Centennial Puzzle":17,"Lizard Tail":2618,"HornCleat":2908,"DollysMirror":2147,"Strawberry":48,"Honey Jar":1045,"Philosopher\u0027s Stone":751,"Iron Hammer":713,"Toxic Egg 2":857,"Girya":598,"Happy Flower":908,"Ring of Hypnosis":2535,"ReplayTheSpireMod:CursedCoin":713,"Dead Branch":743,"Replay:Grab Bag":1251,"Oddly Smooth Stone":226,"Charon\u0027s Ashes":957,"Letter Opener":1198,"Replay:Kaleidoscope":2176,"War Paint":736,"Question Card":1010,"OrangePellets":999,"Replay:Baseball":343,"ReplayTheSpireMod:Spearhead":903,"ReplayTheSpireMod:Shallot":922,"Shuriken":395,"Bronze Scales":20,"Simple Rune":311,"Onion Ring":524,"Molten Egg 2":1023,"ReplayTheSpireMod:TigerMarble":589,"Black Star":1894,"Grinning Jar":609,"Pocketwatch":170,"Meat on the Bone":2794,"NlothsMask":3172,"Darkstone Periapt":65,"ReplayFunnel":454,"Iron Core":838,"Replay:PocketPolymizer":1997,"Black Blood":1251,"Mango":73,"Juzu Bracelet":367,"Incense Burner":585,"Replay:Mystery Machine":411,"ClockworkSouvenir":554,"Dream Catcher":151,"Nunchaku":343,"Replay:Bandana":554,"TheAbacus":244,"Chameleon Ring":764,"Mummified Hand":713,"Pantograph":44,"Gambling Chip":111,"Replay:Bottled Snecko":730,"Red Skull":189,"Runic Pyramid":629,"Gremlin Food":713,"BargainBundle":1133,"ReplayTheSpireMod:Ninjato":2194,"Replay:Towering Pillar of Hats":2046,"Quantum Egg":320,"Guide Book":1122,"Replay:WaspNest":411,"Orichalcum":988,"Odd Mushroom":1954,"Medical Kit":1829,"White Beast Statue":713,"Mercury Hourglass":808,"Calling Bell":1997,"Cauldron":2662,"Strange Spoon":2965,"Anchor":273,"CaptainsWheel":682,"ChewingGum":1251,"Another Sword":808,"Snack Pack":196,"Bag of Marbles":1159,"Membership Card":411,"TungstenRod":963,"FossilizedHelix":1074}],"Runic Cube":[130]},"card_choices":[{"not_picked":["Blood for Blood","Perfected Strike","Shrug It Off"],"picked":"SKIP","floor":1},{"not_picked":["Run Through","Armaments"],"picked":"Twin Strike","floor":2},{"not_picked":["ReplayTheSpireMod:Strike From Hell","Pommel Strike","Armaments"],"picked":"SKIP","floor":3},{"not_picked":["Rampage","Uppercut"],"picked":"ReplayTheSpireMod:Stacked","floor":6},{"not_picked":["ReplayTheSpireMod:Stacked","Whirlwind"],"picked":"Berserk","floor":7},{"not_picked":["Flex","Rage","Rampage"],"picked":"SKIP","floor":8},{"not_picked":["Sever Soul","Cleave","Anger"],"picked":"SKIP","floor":11},{"not_picked":["Flex","Ghostly Armor"],"picked":"ReplayTheSpireMod:Limb From Limb","floor":12},{"not_picked":["Heavy Blade","Reckless Charge","ReplayTheSpireMod:Limb From Limb"],"picked":"SKIP","floor":13},{"not_picked":["Seeing Red","Infernal Blade","Clothesline"],"picked":"SKIP","floor":14},{"not_picked":["Immolate","Impervious"],"picked":"Brutality","floor":16},{"not_picked":["Evolve+1","Pommel Strike","Iron Wave"],"picked":"SKIP","floor":18},{"not_picked":["Flex","Perfected Strike"],"picked":"Flame Barrier","floor":19},{"not_picked":["ReplayTheSpireMod:Limb From Limb","Pommel Strike","True Grit"],"picked":"SKIP","floor":21},{"not_picked":["Sword Boomerang","Ghostly Armor+1","True Grit"],"picked":"SKIP","floor":23},{"not_picked":["Burning Pact","Thunderclap","Anger+1","Armaments"],"picked":"SKIP","floor":24},{"not_picked":["ReplayTheSpireMod:Muscle Training","Replay:Undeath\u0027s Touch","Warcry"],"picked":"Spot Weakness","floor":25},{"not_picked":["Armaments","Clash+1","Heavy Blade"],"picked":"Inflame","floor":27},{"not_picked":["Dark Embrace","Abandon","Thunderclap"],"picked":"Offering","floor":28},{"not_picked":["Iron Wave","Clothesline","ReplayTheSpireMod:Strike From Hell+1","Defy Death"],"picked":"SKIP","floor":31},{"not_picked":["Eclipse","Exhume","Hemogenesis"],"picked":"Demon Form","floor":33},{"not_picked":["Wild Strike","Shrug It Off","Combust"],"picked":"Spot Weakness","floor":35},{"not_picked":["ReplayReversal","Perfected Strike+1","Wild Strike"],"picked":"Battle Trance","floor":36},{"not_picked":["Thunderclap","Spot Weakness","Warcry"],"picked":"Body Slam+1","floor":39},{"not_picked":["ReplayTheSpireMod:Strike From Hell","Cleave","Heavy Blade"],"picked":"Immolate","floor":40},{"not_picked":["ReplayTheSpireMod:Strike From Hell+1","Thunderclap+1","Flame Barrier"],"picked":"Defy Death+1","floor":42},{"not_picked":["Perfected Strike","Replay:Many Hands","Anger"],"picked":"Shrug It Off+1","floor":44},{"not_picked":["Rage","Burning Pact","Clash"],"picked":"Metallicize+1","floor":47},{"not_picked":["Shrug It Off","Armaments+1","Thunderclap+1","Clash+1"],"picked":"SKIP","floor":48},{"not_picked":["Combust","ReplayReversal","Run Through","Clothesline"],"picked":"SKIP","floor":55}],"player_experience":4158071,"relics_obtained":[{"floor":6,"key":"Blue Doll"},{"floor":8,"key":"Replay:WaspNest"},{"floor":9,"key":"ReplayTheSpireMod:Shallot"},{"floor":14,"key":"Eternal Feather"},{"floor":23,"key":"Question Card"},{"floor":25,"key":"Smiling Mask"},{"floor":28,"key":"Blood Vial"},{"floor":40,"key":"Bag of Marbles"},{"floor":42,"key":"Bottled Tornado"},{"floor":44,"key":"Magic Flower"},{"floor":55,"key":"Paper Frog"}],"event_choices":[{"cards_removed":["Defend_R"],"damage_healed":0,"gold_gain":0,"player_choice":"Purged","damage_taken":0,"max_hp_gain":0,"max_hp_loss":0,"event_name":"Purifier","floor":5,"gold_loss":0},{"damage_healed":0,"gold_gain":0,"player_choice":"Read","damage_taken":0,"max_hp_gain":0,"max_hp_loss":0,"event_name":"The Library","floor":20,"gold_loss":0,"cards_obtained":["Feel No Pain"]},{"damage_healed":0,"gold_gain":0,"player_choice":"Trade","damage_taken":0,"relics_obtained":["NlothsMask"],"max_hp_gain":0,"max_hp_loss":0,"event_name":"FaceTrader","floor":30,"gold_loss":0},{"damage_healed":0,"gold_gain":0,"player_choice":"Max HP","damage_taken":0,"max_hp_gain":0,"max_hp_loss":4,"event_name":"Winding Halls","floor":38,"gold_loss":0}],"is_beta":false,"boss_relics":[{"not_picked":["Replay:Wanted Poster","Cursed Key"],"picked":"Replay:Grab Bag"},{"not_picked":["ReplayTheSpireMod:DimensionalGlitch","ReplayTheSpireMod:Onyx Gauntlets"],"picked":"ChewingGum"},{"not_picked":["Sozu","Velvet Choker"],"picked":"Painkiller Herb"},{"not_picked":["Replay:Drink Me","SlaversCollar"],"picked":"Runic Cube"},{"not_picked":["Honey Jar","Philosopher\u0027s Stone"],"picked":"Replay:Bronze Core"}],"items_purged_floors":[0,0,0,0,54],"is_endless":false,"potions_floor_spawned":[3,6,13,14,16,23,24,25,27,33,35,39,42,47],"killed_by":"The Heart","ascension_level":20}}