{"host":"u0qetpmu4y58k1tf","time":1613284083,"event":{"mods":["100% Spire Juice","AchievementEnabler","Act Like it!","BaseMod","CapriCore","Colored Map","Colored Powertips","Hermit","Koishi","Marisa£¨Ùöéë¡¡Øª×âÞÞ£©","Minty Spire (QoL Compilation)","Quick Restart","Reliquary","Replay The Spire","StSLib","Td1madao Mod","The Bug Knight","The Cursed","The Dragon Tamer","The Gatherer","The Hierophant","The Immortal","The Jungle","The Runesmith","WarShipGirlsR/??á´Ò³R mod"],"gold_per_floor":[116,41,216,418,438,438,465,465,465,313,313,326,326,401,401,401,401],"floor_reached":16,"language":"KOR","playtime":503,"items_purged":["HollowMod:NailStrikeStart","Regret"],"score":121,"play_id":"714f873d-e87e-4e90-8ee7-14d1f3b54587","local_time":"20210214152803","is_ascension_mode":false,"campfire_choices":[{"data":"HollowMod:NewGlowingWomb","floor":6,"key":"SMITH"},{"data":"HollowMod:MawleksShell","floor":11,"key":"SMITH"},{"data":"HollowMod:FocusHealStart","floor":13,"key":"SMITH"},{"floor":15,"key":"REST"}],"circlet_count":0,"master_deck":["HollowMod:NailStrikeStart+1","HollowMod:NailStrikeStart","HollowMod:NailStrikeStart","HollowMod:QuickDashStart","HollowMod:QuickDashStart","HollowMod:QuickDashStart","HollowMod:QuickDashStart","HollowMod:FocusHealStart+1","HollowMod:PogoStrike","HollowMod:NewGlowingWomb+1","Doubt","HollowMod:CloakDash+1","HollowMod:InfectedCysts","HollowMod:MawleksShell+1","HollowMod:CloakDash"],"relics":["HollowMod:VesselMask","NeowsBlessing","ReplayFunnel","Potion Belt","reliquary:Buckler"],"acts_visited":["Exordium"],"potions_floor_usage":[7,16,16],"damage_taken":[{"damage":0,"enemies":"Cultist","floor":1,"turns":1},{"damage":0,"enemies":"2 Louse","floor":5,"turns":1},{"damage":0,"enemies":"3 Sentries","floor":7,"turns":1},{"damage":26,"enemies":"Small Slimes","floor":12,"turns":4},{"damage":68,"enemies":"Hexaghost","floor":16,"turns":14}],"seed_played":"-7729424973883118218","potions_obtained":[{"floor":1,"key":"Strength Potion"},{"floor":7,"key":"Fruit Juice"},{"floor":12,"key":"ColorlessPotion"}],"is_trial":false,"path_per_floor":["M","$","?","?","M","R","E","?","T","$","R","M","R","?","R","B"],"character_chosen":"THE_BUGKNIGHT","items_purchased":["HollowMod:CloakDash"],"campfire_rested":1,"item_purchase_floors":[10],"current_hp_per_floor":[75,75,75,57,57,57,62,62,62,62,62,42,42,31,55,0,0],"gold":401,"neow_bonus":"THREE_ENEMY_KILL","is_daily":false,"chose_seed":false,"campfire_upgraded":3,"win_rate":0.0,"timestamp":1613284083,"path_taken":["M","?","?","?","M","R","E","?","T","$","R","M","R","?","R","BOSS"],"items_purchased_type":["Card"],"build_version":"2020-12-22","purchased_purges":2,"victory":false,"max_hp_per_floor":[75,75,75,75,75,75,80,80,80,80,80,80,80,80,80,80,80],"card_choices":[{"not_picked":["HollowMod:DoubleDash","HollowMod:WraithStrike"],"picked":"HollowMod:NewGlowingWomb","floor":1},{"not_picked":["HollowMod:ChannelNail","HollowMod:HeavyBlow"],"picked":"HollowMod:CloakDash","floor":4},{"not_picked":["HollowMod:VengefulSpirit","HollowMod:HowlingWraiths"],"picked":"HollowMod:InfectedCysts","floor":5},{"not_picked":["HollowMod:FastStrike","HollowMod:ChannelNail"],"picked":"HollowMod:MawleksShell","floor":7},{"not_picked":["HollowMod:QuirrelsAssistance","HollowMod:SoulStrike","HollowMod:SharpenedNail"],"picked":"SKIP","floor":12}],"player_experience":148378,"relics_obtained":[{"floor":7,"key":"ReplayFunnel"},{"floor":9,"key":"reliquary:Buckler"}],"event_choices":[{"damage_healed":0,"gold_gain":175,"player_choice":"AGREE","damage_taken":0,"max_hp_gain":0,"max_hp_loss":0,"event_name":"Liars Game","floor":3,"gold_loss":0,"cards_obtained":["Doubt"]},{"damage_healed":0,"gold_gain":0,"player_choice":"Box","damage_taken":0,"relics_obtained":["Potion Belt"],"max_hp_gain":0,"max_hp_loss":0,"event_name":"Big Fish","floor":8,"gold_loss":0,"cards_obtained":["Regret"]},{"damage_healed":0,"gold_gain":75,"player_choice":"Gather Gold","damage_taken":11,"max_hp_gain":0,"max_hp_loss":0,"event_name":"World of Goop","floor":14,"gold_loss":0}],"is_beta":false,"boss_relics":[],"items_purged_floors":[2,10],"is_endless":false,"potions_floor_spawned":[1,7,12],"killed_by":"Hexaghost","ascension_level":0}}