{"host":"kb6kd92pmlm29812","time":1613273003,"event":{"mods":["AchievementEnabler","BaseMod","Colored Map","Highlight Path","Minty Spire (QoL Compilation)","Permanent Neow","Quick Restart","StSLib"],"gold_per_floor":[109,127,127,52,52,52,63,63,63,75,92,102,113,127,127,226,526,508,508,508,508,526,173,183,183,183,203,218,2,2,101,101,202,202,221,221,221,237,237,237,264,39,39,56,70,83,115,125,125,125],"floor_reached":51,"language":"ENG","playtime":3692,"items_purged":["Strike_G","Defend_G","Defend_G"],"score":678,"play_id":"0c8f093d-13d5-4cee-a0d8-ac0c883315ef","local_time":"20210213222323","is_ascension_mode":false,"campfire_choices":[{"data":"Terror","floor":6.0,"key":"SMITH"},{"data":"Infinite Blades","floor":8.0,"key":"SMITH"},{"data":"Envenom","floor":15.0,"key":"SMITH"},{"data":"Neutralize","floor":25,"key":"SMITH"},{"data":"Finisher","floor":30,"key":"SMITH"},{"data":"Blade Dance","floor":32,"key":"SMITH"},{"data":"After Image","floor":40,"key":"SMITH"},{"data":"Blade Dance","floor":49,"key":"SMITH"}],"circlet_count":0,"master_deck":["Defend_G","Defend_G","Defend_G","Survivor","Neutralize+1","Infinite Blades+1","Terror+1","Blade Dance+1","Heel Hook","Envenom+1","CurseOfTheBell","Finisher+1","Escape Plan","Heel Hook","Heel Hook","After Image+1","Blade Dance+1","Acrobatics","Blade Dance","Quick Slash","Infinite Blades+1"],"relics":["Ring of the Snake","Potion Belt","Calling Bell","Blood Vial","Ninja Scroll","Old Coin","Bottled Tornado","Gremlin Horn","Snake Skull","Sozu","Orichalcum","Regal Pillow","Shuriken"],"acts_visited":["TheCity","TheBeyond"],"potions_floor_usage":[28,47],"damage_taken":[{"damage":0.0,"enemies":"Cultist","floor":1.0,"turns":5.0},{"damage":0.0,"enemies":"2 Louse","floor":2.0,"turns":3.0},{"damage":0.0,"enemies":"Small Slimes","floor":7.0,"turns":2.0},{"damage":2.0,"enemies":"Looter","floor":10.0,"turns":3.0},{"damage":4.0,"enemies":"Blue Slaver","floor":11.0,"turns":4.0},{"damage":2.0,"enemies":"Large Slime","floor":12.0,"turns":6.0},{"damage":12.0,"enemies":"Exordium Thugs","floor":13.0,"turns":4.0},{"damage":7.0,"enemies":"Looter","floor":14.0,"turns":2.0},{"damage":8.0,"enemies":"Slime Boss","floor":16.0,"turns":11.0},{"damage":9,"enemies":"2 Thieves","floor":18,"turns":4},{"damage":1,"enemies":"Chosen","floor":22,"turns":3},{"damage":46,"enemies":"Shelled Parasite and Fungi","floor":24,"turns":4},{"damage":2,"enemies":"3 Cultists","floor":27,"turns":5},{"damage":5,"enemies":"Centurion and Healer","floor":28,"turns":4},{"damage":4,"enemies":"Automaton","floor":33,"turns":5},{"damage":21,"enemies":"3 Shapes","floor":35,"turns":4},{"damage":2,"enemies":"Orb Walker","floor":38,"turns":2},{"damage":0,"enemies":"Giant Head","floor":41,"turns":5},{"damage":11,"enemies":"4 Shapes","floor":44,"turns":3},{"damage":0,"enemies":"Maw","floor":45,"turns":3},{"damage":0,"enemies":"Spire Growth","floor":46,"turns":2},{"damage":19,"enemies":"Reptomancer","floor":47,"turns":4},{"damage":0,"enemies":"Transient","floor":48,"turns":5},{"damage":28,"enemies":"Donu and Deca","floor":50,"turns":5}],"seed_played":"8029562880719900187","potions_obtained":[{"floor":1.0,"key":"FearPotion"},{"floor":3.0,"key":"BlessingOfTheForge"},{"floor":3.0,"key":"Poison Potion"},{"floor":3.0,"key":"CunningPotion"},{"floor":11.0,"key":"Fire Potion"},{"floor":12.0,"key":"BlessingOfTheForge"},{"floor":16.0,"key":"Explosive Potion"},{"floor":24,"key":"BlessingOfTheForge"},{"floor":27,"key":"LiquidBronze"},{"floor":33,"key":"FearPotion"}],"is_trial":false,"path_per_floor":["M","M","?","$","?","R","M","R","T","M","M","M","M","M","R","B",null,"M","?","?","?","M","$","M","R","T","M","M","$","R","?","R","B",null,"M","?","?","M","?","R","E","$","T","M","M","M","E","M","R","B",null],"character_chosen":"THE_SILENT","items_purchased":["Bottled Tornado","Heel Hook","Snake Skull","Blade Dance","Quick Slash"],"campfire_rested":0,"item_purchase_floors":[23,29,29,42,42],"current_hp_per_floor":[70,70,70,70,70,70,70,70,70,68,64,62,50,43,43,35,70,61,61,61,61,62,62,18,18,18,18,15,15,15,15,15,13,70,49,49,49,49,49,49,51,51,51,42,44,46,29,31,31,5],"gold":125,"neow_bonus":"TRANSFORM_CARD","is_daily":false,"chose_seed":false,"campfire_upgraded":8,"win_rate":0.0,"timestamp":1613273003,"path_taken":["M","?","?","?","?","R","M","R","T","?","M","M","M","M","R","BOSS","M","?","?","?","M","$","M","R","T","M","?","$","R","?","R","BOSS","M","?","?","?","?","R","E","$","T","M","M","M","E","M","R","BOSS"],"items_purchased_type":["Relic","Card","Relic","Card","Card"],"build_version":"2020-12-22","purchased_purges":3,"victory":true,"max_hp_per_floor":[70,70,70,70,70,70,70,70,70,70,70,70,70,70,70,70,70,70,70,70,70,70,70,70,70,70,70,70,70,70,70,70,70,70,70,66,66,66,66,66,66,66,66,66,66,66,66,66,66,66],"card_choices":[{"not_picked":["Deadly Poison","Poisoned Stab"],"picked":"Terror","floor":1.0},{"not_picked":["Dodge and Roll","Poisoned Stab"],"picked":"Blade Dance","floor":2.0},{"not_picked":["Unload","Outmaneuver","Backstab"],"picked":"SKIP","floor":7.0},{"not_picked":["Backstab","PiercingWail","Deflect"],"picked":"SKIP","floor":10.0},{"not_picked":["Well Laid Plans","Prepared","Quick Slash"],"picked":"SKIP","floor":11.0},{"not_picked":["Blur","Dodge and Roll"],"picked":"Envenom","floor":12.0},{"not_picked":["Outmaneuver","Quick Slash","Poisoned Stab"],"picked":"SKIP","floor":13.0},{"not_picked":["Outmaneuver","PiercingWail","Deflect"],"picked":"SKIP","floor":14.0},{"not_picked":["Die Die Die","Unload"],"picked":"Wraith Form v2","floor":16.0},{"not_picked":["Acrobatics","All Out Attack+1","Outmaneuver"],"picked":"SKIP","floor":18},{"not_picked":["Dagger Throw","Quick Slash"],"picked":"Escape Plan","floor":22},{"not_picked":["Flechettes","Blur","Slice"],"picked":"SKIP","floor":24},{"not_picked":["Terror","Underhanded Strike","All Out Attack+1"],"picked":"SKIP","floor":27},{"not_picked":["Dodge and Roll","Deadly Poison"],"picked":"Heel Hook","floor":28},{"not_picked":["Glass Knife","Malaise"],"picked":"After Image","floor":33},{"not_picked":["Sucker Punch","Poisoned Stab+1","Leg Sweep"],"picked":"SKIP","floor":35},{"not_picked":["Predator+1","Outmaneuver+1"],"picked":"Blade Dance","floor":38},{"not_picked":["Well Laid Plans+1","Tactician"],"picked":"Acrobatics","floor":41},{"not_picked":["Slice+1","Flying Knee","Dash"],"picked":"SKIP","floor":44},{"not_picked":["PiercingWail","Endless Agony","Underhanded Strike+1"],"picked":"SKIP","floor":45},{"not_picked":["Prepared","Outmaneuver","Tactician+1"],"picked":"SKIP","floor":46},{"not_picked":["Predator","All Out Attack","Eviscerate+1"],"picked":"SKIP","floor":47},{"not_picked":["Eviscerate","Dagger Spray+1"],"picked":"Infinite Blades+1","floor":48}],"player_experience":5631,"relics_obtained":[{"floor":9.0,"key":"Potion Belt"},{"floor":17,"key":"Blood Vial"},{"floor":17,"key":"Ninja Scroll"},{"floor":17,"key":"Old Coin"},{"floor":26,"key":"Gremlin Horn"},{"floor":41,"key":"Orichalcum"},{"floor":43,"key":"Regal Pillow"},{"floor":47,"key":"Shuriken"}],"event_choices":[{"damage_healed":0.0,"max_hp_gain":0.0,"max_hp_loss":0.0,"gold_gain":0.0,"event_name":"Lab","player_choice":"Got Potions","floor":3.0,"gold_loss":0.0,"damage_taken":0.0},{"damage_healed":0.0,"max_hp_gain":0.0,"max_hp_loss":0.0,"gold_gain":0.0,"cards_transformed":["Strike_G"],"event_name":"Transmorgrifier","player_choice":"Transformed","floor":5.0,"gold_loss":0.0,"damage_taken":0.0,"cards_obtained":["Heel Hook"]},{"damage_healed":0,"gold_gain":0,"player_choice":"Read","damage_taken":0,"max_hp_gain":0,"max_hp_loss":0,"event_name":"The Library","floor":19,"gold_loss":0,"cards_obtained":["Finisher"]},{"cards_removed":["Strike_G"],"damage_healed":0,"gold_gain":0,"player_choice":"Elegance","damage_taken":0,"max_hp_gain":0,"max_hp_loss":0,"event_name":"Back to Basics","floor":20,"gold_loss":0},{"cards_removed":["Strike_G"],"damage_healed":0,"gold_gain":0,"player_choice":"Purged","damage_taken":0,"max_hp_gain":0,"max_hp_loss":0,"event_name":"Purifier","floor":21,"gold_loss":0},{"damage_healed":0,"gold_gain":99,"player_choice":"Stole From Cult","damage_taken":0,"max_hp_gain":0,"max_hp_loss":0,"event_name":"Nest","floor":31,"gold_loss":0},{"damage_healed":0,"gold_gain":0,"player_choice":"Max HP","damage_taken":0,"max_hp_gain":0,"max_hp_loss":4,"event_name":"Winding Halls","floor":36,"gold_loss":0},{"cards_removed":["Iron Wave"],"damage_healed":0,"gold_gain":0,"player_choice":"Took Card","damage_taken":0,"max_hp_gain":0,"max_hp_loss":0,"event_name":"NoteForYourself","floor":37,"gold_loss":0,"cards_obtained":["Iron Wave"]},{"cards_removed":["Wraith Form v2"],"damage_healed":0,"gold_gain":0,"player_choice":"Purged","damage_taken":0,"max_hp_gain":0,"max_hp_loss":0,"event_name":"Purifier","floor":39,"gold_loss":0}],"is_beta":false,"boss_relics":[{"not_picked":["Snecko Eye","Runic Pyramid"],"picked":"Calling Bell"},{"not_picked":["Astrolabe","Runic Dome"],"picked":"Sozu"}],"items_purged_floors":[4,23,42],"is_endless":false,"potions_floor_spawned":[1,11,12,16,24,27,33,38,44,45,48],"ascension_level":0}}