{"host":"0kwl2uefibxd2nsv","time":1613306415,"event":{"mods":["Act Like it!","Aspiration","BaseMod","Better Note","BetterRewards","DeckTracker","Googly Eyes","Hubris","Jedi Mod","Minty Spire (QoL Compilation)","Reliquary","Shop Mod","StS++","StSLib"],"gold_per_floor":[115,28,203,203,220,220,239,268,268,286,299,326,349,4,4,101,101,117,132,132,132,32,66,82,111,158,189,209,225,251,51,51,51,51],"floor_reached":33,"language":"ENG","playtime":2753,"items_purged":["Strike_R","Strike_R"],"score":553,"play_id":"2e257890-e7c8-4552-b60c-5e675d1d89b9","local_time":"20210214134015","is_ascension_mode":true,"campfire_choices":[{"data":"Armaments","floor":6,"key":"SMITH"},{"data":"Disarm","floor":15,"key":"SMITH"},{"floor":32,"key":"REST"}],"circlet_count":0,"master_deck":["AscendersBane","Strike_R","Strike_R","Strike_R","Defend_R","Defend_R","Defend_R","Defend_R","Bash","True Grit","Metallicize","Headbutt","Armaments+1","Iron Wave","Feed","Disarm+1","True Grit","Uppercut","Inflame","jedi:harder","Iron Wave","Iron Wave","Cloak And Dagger+1","Power Through","Combust"],"relics":["Burning Blood","Pocketwatch","Blood Vial","hubris:DeckOfHolding","Odd Mushroom","Omamori","StSpp:Magatama","Boot","reliquary:SharkskinSheath","PreservedInsect","aspiration:Stabinomicon","CeramicFish","Vajra"],"acts_visited":["Exordium","TheCity"],"potions_floor_usage":[12,16,25,25,28,33],"damage_taken":[{"damage":13,"enemies":"Jaw Worm","floor":1,"turns":4},{"damage":0,"enemies":"Cultist","floor":5,"turns":4},{"damage":0,"enemies":"2 Louse","floor":7,"turns":4},{"damage":28,"enemies":"Lagavulin","floor":8,"turns":9},{"damage":3,"enemies":"Exordium Wildlife","floor":10,"turns":5},{"damage":8,"enemies":"2 Fungi Beasts","floor":11,"turns":5},{"damage":4,"enemies":"Gremlin Nob","floor":12,"turns":4},{"damage":8,"enemies":"The Mushroom Lair","floor":13,"turns":5},{"damage":15,"enemies":"Hexaghost","floor":16,"turns":15},{"damage":5,"enemies":"Chosen","floor":18,"turns":8},{"damage":2,"enemies":"Shell Parasite","floor":19,"turns":9},{"damage":42,"enemies":"Book of Stabbing","floor":23,"turns":9},{"damage":14,"enemies":"Sentry and Sphere","floor":24,"turns":13},{"damage":38,"enemies":"Slavers","floor":25,"turns":11},{"damage":21,"enemies":"Book of Stabbing","floor":27,"turns":9},{"damage":15,"enemies":"Centurion and Healer","floor":28,"turns":8},{"damage":40,"enemies":"3 Cultists","floor":29,"turns":7},{"damage":3,"enemies":"Slavers","floor":30,"turns":9},{"damage":52,"enemies":"Automaton","floor":33,"turns":7}],"seed_played":"8777721350203969304","potions_obtained":[{"floor":5,"key":"FairyPotion"},{"floor":8,"key":"jedi:StrikingPotion"},{"floor":13,"key":"StSpp:SecondWindPotion"},{"floor":16,"key":"Weak Potion"},{"floor":25,"key":"BloodPotion"},{"floor":30,"key":"StSpp:InhibitionPotion"}],"is_trial":false,"path_per_floor":["M","$","?","?","M","R","M","E","T","M","M","E","?","$","R","B",null,"M","M","?","?","$","E","M","E","T","E","M","M","E","$","R","B"],"character_chosen":"IRONCLAD","items_purchased":["Metallicize","Headbutt","Inflame","Omamori","Strength Potion","Vajra","Strength Potion"],"campfire_rested":1,"item_purchase_floors":[2,2,14,14,14,31,31],"current_hp_per_floor":[60,60,60,60,66,66,72,50,50,59,63,70,74,74,74,70,103,106,115,115,115,115,84,82,56,56,43,64,35,44,44,85,35,35],"gold":51,"neow_bonus":"TWENTY_PERCENT_HP_BONUS","is_daily":false,"chose_seed":false,"campfire_upgraded":2,"win_rate":0.0,"timestamp":1613306415,"path_taken":["M","$","?","?","?","R","M","E","T","?","M","E","?","?","R","BOSS","M","M","?","?","$","E","M","E","T","E","?","M","E","$","R","BOSS"],"items_purchased_type":["Card","Card","Card","Relic","Potion","Relic","Potion"],"build_version":"2020-12-22","purchased_purges":2,"victory":false,"max_hp_per_floor":[96,96,96,96,96,96,96,96,96,100,104,107,111,111,111,114,114,114,117,117,117,117,120,124,128,128,128,131,134,138,138,138,138,138],"card_choices":[{"not_picked":["Anger","Warcry"],"picked":"True Grit","floor":1},{"not_picked":["jedi:fear","Twin Strike"],"picked":"Armaments","floor":5},{"not_picked":["Clash","Shrug It Off"],"picked":"Iron Wave","floor":7},{"not_picked":["jedi:MakeshiftSword","Rupture"],"picked":"Feed","floor":8},{"not_picked":["Clothesline","jedi:fear","Combust"],"picked":"SKIP","floor":10},{"not_picked":["jedi:fear","Fire Breathing"],"picked":"Disarm","floor":11},{"not_picked":["Uppercut","Body Slam"],"picked":"True Grit","floor":12},{"not_picked":["jedi:controlledanger","Warcry"],"picked":"Uppercut","floor":13},{"not_picked":["Brutality","Barricade"],"picked":"jedi:harder","floor":16},{"not_picked":["Shrug It Off","Seeing Red+1"],"picked":"Iron Wave","floor":18},{"not_picked":["Sever Soul","Combust","Pommel Strike+1"],"picked":"SKIP","floor":19},{"not_picked":["Heavy Blade","Perfected Strike+1"],"picked":"Power Through","floor":23},{"not_picked":["StSpp:TheBiggerTheyAre","Immolate","Warcry"],"picked":"SKIP","floor":24},{"not_picked":["jedi:suffering","Warcry","Combust"],"picked":"SKIP","floor":25},{"not_picked":["jedi:suffering","Warcry"],"picked":"Combust","floor":25},{"not_picked":["Warcry+1","Intimidate","Havoc"],"picked":"SKIP","floor":27},{"not_picked":["jedi:controlledanger","StSpp:TheBiggerTheyAre","Pommel Strike"],"picked":"SKIP","floor":28},{"not_picked":["StSpp:Sprint","Burning Pact","Anger"],"picked":"SKIP","floor":29},{"not_picked":["Wild Strike","Uppercut","jedi:controlledanger"],"picked":"SKIP","floor":30}],"player_experience":2037978,"relics_obtained":[{"floor":8,"key":"Pocketwatch"},{"floor":9,"key":"Blood Vial"},{"floor":12,"key":"hubris:DeckOfHolding"},{"floor":13,"key":"Odd Mushroom"},{"floor":23,"key":"Boot"},{"floor":25,"key":"reliquary:SharkskinSheath"},{"floor":26,"key":"PreservedInsect"},{"floor":27,"key":"aspiration:Stabinomicon"},{"floor":30,"key":"CeramicFish"}],"event_choices":[{"damage_healed":0,"gold_gain":175,"player_choice":"AGREE","damage_taken":0,"max_hp_gain":0,"max_hp_loss":0,"event_name":"Liars Game","floor":3,"gold_loss":0,"cards_obtained":["Doubt"]},{"cards_removed":["Doubt"],"damage_healed":0,"gold_gain":0,"player_choice":"Removed Curses","damage_taken":0,"max_hp_gain":0,"max_hp_loss":0,"event_name":"Fountain of Cleansing","floor":4,"gold_loss":0},{"damage_healed":0,"gold_gain":0,"player_choice":"Fought Mushrooms","damage_taken":0,"max_hp_gain":0,"max_hp_loss":0,"event_name":"Mushrooms","floor":13,"gold_loss":0},{"damage_healed":0,"gold_gain":0,"player_choice":"1 cards matched","damage_taken":0,"max_hp_gain":0,"max_hp_loss":0,"event_name":"Match and Keep!","floor":20,"gold_loss":0,"cards_obtained":["Iron Wave"]},{"cards_removed":["Disarm"],"damage_healed":0,"gold_gain":0,"player_choice":"Take \u0026 Give","damage_taken":0,"max_hp_gain":0,"max_hp_loss":0,"event_name":"betterNote:BetterNote","floor":21,"gold_loss":0,"cards_obtained":["Cloak And Dagger"]}],"is_beta":false,"boss_relics":[{"not_picked":["hubris:GrandSneckoEye","jedi:paperlyon"],"picked":"StSpp:Magatama"}],"items_purged_floors":[14,22],"is_endless":false,"potions_floor_spawned":[5,8,13,16,24,25,30],"killed_by":"Automaton","ascension_level":10}}