{"host":"4gkev1dtxxhiue3x","time":1613311766,"event":{"mods":["AchievementEnabler","BaseMod","Colored Powertips","Minty Spire (QoL Compilation)","Relic Stats","Robot Space Explorer","StSLib","The Hierophant"],"gold_per_floor":[109,384,425,375,450,502,502,494,494,494,494,494,465,459,459,514,514,601,475,561,561,642,642,198,198,223,223,223,223,354,411,411,527,527,655,788,788,788,820,926,811,811,811,811,610,757,775,775,775,475],"floor_reached":51,"language":"ENG","playtime":3029,"items_purged":["Regret","Regret","hierophant:RepressedViolence+1"],"score":910,"play_id":"eb3c9534-167c-4767-8690-f711d670056f","local_time":"20210214150926","is_ascension_mode":false,"campfire_choices":[{"data":"hierophant:RustyCrate","floor":7,"key":"SMITH"},{"floor":10,"key":"REST"},{"data":"hierophant:RepressedViolence","floor":12,"key":"SMITH"},{"floor":15,"key":"REST"},{"floor":23,"key":"REST"},{"data":"hierophant:BulkyChest","floor":27,"key":"SMITH"},{"floor":29,"key":"REST"},{"data":"hierophant:ChurchCoffers","floor":32,"key":"SMITH"},{"floor":42,"key":"DIG"},{"floor":44,"key":"DIG"},{"floor":49,"key":"DIG"}],"circlet_count":0,"master_deck":["hierophant:Punish","hierophant:ChurchCoffers+1","hierophant:RustyCrate+1","hierophant:Doubloon","hierophant:ThreeLashes","hierophant:AuricBeam","hierophant:Doubloon","hierophant:Kindle+1","hierophant:BulkyChest+1","hierophant:Patience","hierophant:OrnateBuckler","hierophant:RustyCrate","hierophant:Cornucopia","hierophant:LocustPlague+1","hierophant:OrnateJavelin+1","hierophant:CoinFling+1","hierophant:Doubloon","hierophant:Doubloon+1","hierophant:Doubloon","hierophant:AuricBeam+1","hierophant:FieryStrike+1","hierophant:AuricBeam+1","hierophant:AuricShield","hierophant:AuricForm","hierophant:Encroach+1","hierophant:MirrorShield+1","hierophant:Doubloon","hierophant:Generosity","hierophant:Charity","hierophant:Doubloon","hierophant:FlamingChariot+1","hierophant:Mercenaries+1","hierophant:Exaltation"],"relics":["hierophant:PropheticMaskRelic","NeowsBlessing","Pear","Bag of Marbles","Molten Egg 2","Calipers","Mercury Hourglass","Pandora\u0027s Box","WingedGreaves","Nilry\u0027s Codex","War Paint","hierophant:DonationBoxRelic","HornCleat","Sozu","Shovel","FossilizedHelix","Girya","Strawberry","CaptainsWheel","Juzu Bracelet","Vajra","Pantograph"],"acts_visited":["Exordium","TheCity","TheBeyond"],"potions_floor_usage":[8,16,50,50],"damage_taken":[{"damage":0,"enemies":"2 Louse","floor":1,"turns":1},{"damage":0,"enemies":"Cultist","floor":3,"turns":1},{"damage":0,"enemies":"Gremlin Nob","floor":6,"turns":1},{"damage":29,"enemies":"Lagavulin","floor":8,"turns":4},{"damage":27,"enemies":"3 Sentries","floor":13,"turns":6},{"damage":3,"enemies":"Small Slimes","floor":14,"turns":2},{"damage":47,"enemies":"Hexaghost","floor":16,"turns":6},{"damage":25,"enemies":"2 Thieves","floor":18,"turns":3},{"damage":0,"enemies":"Shell Parasite","floor":20,"turns":1},{"damage":6,"enemies":"3 Cultists","floor":22,"turns":3},{"damage":0,"enemies":"Snecko","floor":30,"turns":2},{"damage":18,"enemies":"Book of Stabbing","floor":31,"turns":3},{"damage":44,"enemies":"Automaton","floor":33,"turns":5},{"damage":0,"enemies":"Orb Walker","floor":35,"turns":1},{"damage":0,"enemies":"Mind Bloom Boss Battle","floor":36,"turns":2},{"damage":0,"enemies":"3 Darklings","floor":39,"turns":2},{"damage":0,"enemies":"Reptomancer","floor":40,"turns":1},{"damage":0,"enemies":"Sphere and 2 Shapes","floor":46,"turns":3},{"damage":0,"enemies":"Giant Head","floor":47,"turns":4},{"damage":46,"enemies":"Awakened One","floor":50,"turns":5}],"seed_played":"6905409874975937651","potions_obtained":[{"floor":3,"key":"LiquidMemories"},{"floor":14,"key":"SteroidPotion"},{"floor":30,"key":"BlessingOfTheForge"},{"floor":33,"key":"Weak Potion"}],"is_trial":false,"path_per_floor":["M","?","M","?","?","E","R","E","T","R","?","R","E","M","R","B",null,"M","$","M","?","M","R","$","?","T","R","T","R","M","E","R","B",null,"M","?","?","T","M","E","$","R","T","R","$","M","E","$","R","B",null],"character_chosen":"HIEROPHANT","items_purchased":["hierophant:AuricBeam+1","hierophant:AuricBeam+1","WingedGreaves","hierophant:Charity","hierophant:FlamingChariot+1","hierophant:Mercenaries+1"],"campfire_rested":4,"item_purchase_floors":[19,24,24,41,41,45],"current_hp_per_floor":[75,75,75,75,64,74,74,45,45,70,70,70,43,40,65,18,85,60,60,60,60,54,79,79,63,63,63,63,85,85,67,67,23,85,85,85,85,85,85,85,85,92,92,92,92,92,92,92,92,46],"gold":475,"neow_bonus":"THREE_ENEMY_KILL","is_daily":false,"chose_seed":false,"campfire_upgraded":4,"win_rate":0.0,"timestamp":1613311766,"path_taken":["M","?","?","?","?","E","R","E","T","R","?","R","E","M","R","BOSS","M","$","M","?","M","R","$","?","T","R","?","R","M","E","R","BOSS","M","?","?","?","?","E","$","R","T","R","$","M","E","?","R","BOSS"],"items_purchased_type":["Card","Card","Relic","Card","Card","Card"],"build_version":"2020-12-22","purchased_purges":3,"victory":true,"max_hp_per_floor":[75,75,75,75,75,85,85,85,85,85,85,85,85,85,85,85,85,85,85,85,85,85,85,85,85,85,85,85,85,85,85,85,85,85,85,85,85,85,85,85,85,92,92,92,92,92,92,92,92,92],"relic_stats":{"Sozu":3,"Shovel":3,"counters":[20,56],"Pantograph":0,"Pandora\u0027s Box":["hierophant:Patience","hierophant:OrnateBuckler","hierophant:RustyCrate","hierophant:Cornucopia","hierophant:LocustPlague","hierophant:OrnateJavelin","hierophant:CoinFling"],"Juzu Bracelet":0,"War Paint":["hierophant:Kindle","hierophant:Doubloon"],"obtain_stats":[{"Girya":40,"Pear":6,"Calipers":11,"NeowsBlessing":0,"Nilry\u0027s Codex":25,"hierophant:PropheticMaskRelic":0,"Vajra":47,"Juzu Bracelet":44,"War Paint":26,"Mercury Hourglass":13,"Sozu":34,"CaptainsWheel":43,"HornCleat":31,"Shovel":36,"Strawberry":42,"Pantograph":49,"hierophant:DonationBoxRelic":28,"Molten Egg 2":9,"Pandora\u0027s Box":17,"WingedGreaves":24,"Bag of Marbles":8,"FossilizedHelix":38},{"Girya":17,"Pear":3,"Calipers":4,"NeowsBlessing":0,"Nilry\u0027s Codex":10,"hierophant:PropheticMaskRelic":0,"Vajra":19,"Juzu Bracelet":17,"War Paint":10,"Mercury Hourglass":5,"Sozu":13,"CaptainsWheel":17,"HornCleat":12,"Shovel":15,"Strawberry":17,"Pantograph":19,"hierophant:DonationBoxRelic":10,"Molten Egg 2":4,"Pandora\u0027s Box":7,"WingedGreaves":10,"Bag of Marbles":4,"FossilizedHelix":15},{"Girya":44,"Pear":3,"Calipers":7,"NeowsBlessing":0,"Nilry\u0027s Codex":28,"hierophant:PropheticMaskRelic":0,"Vajra":51,"Juzu Bracelet":44,"War Paint":28,"Mercury Hourglass":13,"Sozu":38,"CaptainsWheel":44,"HornCleat":33,"Shovel":41,"Strawberry":44,"Pantograph":51,"hierophant:DonationBoxRelic":28,"Molten Egg 2":7,"Pandora\u0027s Box":21,"WingedGreaves":28,"Bag of Marbles":7,"FossilizedHelix":41}],"Mercury Hourglass":[195]},"card_choices":[{"not_picked":["hierophant:Encroach","hierophant:OrnateBuckler"],"picked":"hierophant:RustyCrate","floor":1},{"not_picked":["hierophant:PassingBell","hierophant:Zeal"],"picked":"hierophant:ThreeLashes","floor":3},{"not_picked":["hierophant:MorningPrayer","hierophant:SolarFlare"],"picked":"hierophant:AuricBeam","floor":6},{"not_picked":["hierophant:FlamingChariot","hierophant:Encroach"],"picked":"hierophant:RepressedViolence","floor":8},{"not_picked":["hierophant:Flagellation","hierophant:Shelter"],"picked":"hierophant:Doubloon","floor":13},{"not_picked":["hierophant:Shelter","hierophant:Glossolalia"],"picked":"hierophant:Kindle","floor":14},{"not_picked":["hierophant:Kindle","hierophant:Cornucopia"],"picked":"hierophant:BulkyChest","floor":16},{"not_picked":["hierophant:HolyVerse","hierophant:Repentance","hierophant:TollTheBells"],"picked":"SKIP","floor":18},{"not_picked":["hierophant:RustyCrate","hierophant:Zeal+1"],"picked":"hierophant:FieryStrike+1","floor":20},{"not_picked":["hierophant:TollTheBells+1","hierophant:Empathy","hierophant:Alms"],"picked":"SKIP","floor":22},{"not_picked":["hierophant:AuricBeam+1","hierophant:Racketeering"],"picked":"hierophant:AuricShield","floor":30},{"not_picked":["hierophant:Empathy","hierophant:AuricBeam+1","hierophant:MorningPrayer"],"picked":"SKIP","floor":31},{"not_picked":["hierophant:Invocation","hierophant:Determination"],"picked":"hierophant:AuricForm","floor":33},{"not_picked":["hierophant:AuricBeam+1","hierophant:MorningPrayer+1","hierophant:Encroach+1"],"picked":"SKIP","floor":35},{"not_picked":["hierophant:Remorse+1","hierophant:SecretStash+1"],"picked":"hierophant:Encroach+1","floor":36},{"not_picked":["hierophant:RustyCrate","hierophant:Remorse+1"],"picked":"hierophant:MirrorShield+1","floor":39},{"not_picked":["hierophant:Prophecy","hierophant:Flagellation"],"picked":"hierophant:Generosity","floor":40},{"not_picked":["hierophant:Shelter+1","hierophant:ThreeLashes+1"],"picked":"hierophant:Exaltation","floor":46},{"not_picked":["hierophant:Encroach","hierophant:Shelter","hierophant:ThreeLashes+1"],"picked":"SKIP","floor":47}],"player_experience":155405,"relics_obtained":[{"floor":6,"key":"Pear"},{"floor":8,"key":"Bag of Marbles"},{"floor":9,"key":"Molten Egg 2"},{"floor":13,"key":"Mercury Hourglass"},{"floor":25,"key":"Nilry\u0027s Codex"},{"floor":26,"key":"War Paint"},{"floor":28,"key":"hierophant:DonationBoxRelic"},{"floor":31,"key":"HornCleat"},{"floor":36,"key":"Shovel"},{"floor":38,"key":"FossilizedHelix"},{"floor":40,"key":"Girya"},{"floor":42,"key":"Strawberry"},{"floor":43,"key":"CaptainsWheel"},{"floor":44,"key":"Juzu Bracelet"},{"floor":47,"key":"Vajra"},{"floor":49,"key":"Pantograph"}],"event_choices":[{"damage_healed":0,"gold_gain":275,"player_choice":"Desecrate","damage_taken":0,"max_hp_gain":0,"max_hp_loss":0,"event_name":"Golden Shrine","floor":2,"gold_loss":0,"cards_obtained":["Regret"]},{"cards_removed":["hierophant:Strike_Hierophant"],"damage_healed":0,"gold_gain":0,"player_choice":"Card Removal","damage_taken":0,"max_hp_gain":0,"max_hp_loss":0,"event_name":"The Cleric","floor":4,"gold_loss":50},{"damage_healed":0,"gold_gain":75,"player_choice":"Gather Gold","damage_taken":11,"max_hp_gain":0,"max_hp_loss":0,"event_name":"World of Goop","floor":5,"gold_loss":0},{"damage_healed":0,"gold_gain":0,"player_choice":"Box","damage_taken":0,"relics_obtained":["Calipers"],"max_hp_gain":0,"max_hp_loss":0,"event_name":"Big Fish","floor":11,"gold_loss":0,"cards_obtained":["Regret"]},{"damage_healed":0,"gold_gain":0,"player_choice":"Ignored","damage_taken":0,"max_hp_gain":0,"max_hp_loss":0,"event_name":"Vampires","floor":21,"gold_loss":0},{"damage_healed":0,"gold_gain":0,"player_choice":"Obtained Book","damage_taken":16,"max_hp_gain":0,"max_hp_loss":0,"event_name":"Cursed Tome","floor":25,"gold_loss":0},{"damage_healed":0,"gold_gain":0,"player_choice":"Fight","damage_taken":0,"max_hp_gain":0,"max_hp_loss":0,"event_name":"MindBloom","floor":36,"gold_loss":0},{"cards_removed":["hierophant:Doubloon"],"damage_healed":0,"gold_gain":0,"player_choice":"Removed Skill","damage_taken":0,"max_hp_gain":0,"max_hp_loss":0,"event_name":"Falling","floor":37,"gold_loss":0}],"is_beta":false,"boss_relics":[{"not_picked":["Calling Bell","Cursed Key"],"picked":"Pandora\u0027s Box"},{"not_picked":["Velvet Choker","SacredBark"],"picked":"Sozu"}],"items_purged_floors":[19,24,45],"is_endless":false,"potions_floor_spawned":[3,14,30,33,36,40,47],"ascension_level":0}}