{"host":"qswkx8hggytna0kc","time":1613280791,"event":{"mods":["Aspiration","BaseMod","BetterRewards","Colored Map","Colored Powertips","Highlight Path","Hubris","Mimic Mod","Minty Spire (QoL Compilation)","MostiFishMod","Quick Restart","Replay The Spire","StSLib","SuperFastMode"],"gold_per_floor":[114,128,146,146,162,194,220,245,245,245,245,245,279,299,299,376,376,387,405,419,419,437,466,466,381,419,453,453,466,499,512,437,514,514,533,533,548,561,577,577,612,631,631,663,663,677,688,722,722,722,722,722,1022,1054,1054],"floor_reached":56,"language":"ZHS","playtime":4079,"items_purged":["Strike_R"],"score":2936,"play_id":"315a9ac9-e71b-4f6b-8ec1-d43c89c98e2a","local_time":"20210214133311","is_ascension_mode":true,"campfire_choices":[{"data":"Havoc","floor":10.0,"key":"SMITH"},{"data":"Havoc","floor":12.0,"key":"SMITH"},{"data":"Dark Embrace","floor":15.0,"key":"SMITH"},{"data":"MostiFishMod:PerfectStrikeMKII","floor":24.0,"key":"SMITH"},{"data":"Havoc","floor":28.0,"key":"SMITH"},{"floor":40.0,"key":"RECALL"},{"data":"MostiFishMod:OrdinaryWorld","floor":45,"key":"SMITH"},{"data":"Turbo","floor":49,"key":"SMITH"},{"data":"Havoc","floor":52,"key":"SMITH"}],"circlet_count":0,"master_deck":["AscendersBane","Defend_R","Defend_R","Defend_R","Havoc+1","Dark Embrace+1","Reckless Charge","Clash","Offering","Havoc+1","Replay:Undeath\u0027s Touch","MostiFishMod:RainCloud+1","Sunder","MostiFishMod:PerfectStrikeMKII+1","Havoc+1","Infernal Blade","Wild Strike","Power Through","Combust","MostiFishMod:WingOfPhoenix+1","ReplayTheSpireMod:Strike From Hell","Wild Strike+1","ReplayTheSpireMod:Strike From Hell","Sweeping Beam","Anger","Replay:Undeath\u0027s Touch","Warcry","Pommel Strike","Replay:Undeath\u0027s Touch","ReplayTheSpireMod:Strike From Hell","MostiFishMod:OrdinaryWorld+1","Beam Cell","Havoc","ReplayTheSpireMod:Strike From Hell+1","ReplayTheSpireMod:Limb From Limb","Panic Button","ReplayTheSpireMod:Strike From Hell","Havoc+1","Pommel Strike","Dark Embrace","ReplayTheSpireMod:Strike From Hell","True Grit+1","Turbo+1","Hemogenesis","Scrape","MostiFishMod:Kaleido","ReplayTheSpireMod:Private Reserves","Feel No Pain","MostiFishMod:DarkDeal"],"relics":["Burning Blood","DaveBox","RhineSuit","SynthV:TestCard","hubris:DisguiseKit","Odd Mushroom","hubris:CrystalStatue","Prayer Wheel","King of Hearts","Replay:Drink Me","Replay:Baseball","Guide Book","Blood Vial","CombinedTypeHook","ReplayTheSpireMod:Lightbulb","Akabeko","Dead Branch","Replay:Rubber Ducky","Replay:Bronze Core","Ancient Tea Set","Another Sword","Pet Ghost","ArrowTower","hubris:NiceRug","hubris:TenFootPole","Toy Ornithopter","Cauldron","hubris:IronBody"],"acts_visited":["Exordium","TheCity","TheBeyond","TheEnding"],"potions_floor_usage":[48,55],"damage_taken":[{"damage":8.0,"enemies":"Small Slimes","floor":1.0,"turns":3.0},{"damage":0.0,"enemies":"2 Louse","floor":2.0,"turns":3.0},{"damage":4.0,"enemies":"Jaw Worm","floor":3.0,"turns":3.0},{"damage":10.0,"enemies":"Lots of Slimes","floor":5.0,"turns":4.0},{"damage":9.0,"enemies":"Gremlin Nob","floor":6.0,"turns":3.0},{"damage":34.0,"enemies":"The Mushroom Lair","floor":7.0,"turns":5.0},{"damage":8.0,"enemies":"3 Sentries","floor":8.0,"turns":7.0},{"damage":17.0,"enemies":"Lagavulin","floor":13.0,"turns":3.0},{"damage":6.0,"enemies":"Large Slime","floor":14.0,"turns":3.0},{"damage":6.0,"enemies":"Hexaghost","floor":16.0,"turns":5.0},{"damage":6.0,"enemies":"2 Thieves","floor":18.0,"turns":2.0},{"damage":0.0,"enemies":"Spheric Guardian","floor":19.0,"turns":1.0},{"damage":6.0,"enemies":"Chosen and Byrds","floor":20.0,"turns":5.0},{"damage":6.0,"enemies":"Snecko","floor":22.0,"turns":2.0},{"damage":0.0,"enemies":"Gremlin Leader","floor":23.0,"turns":2.0},{"damage":6.0,"enemies":"Cultist and Chosen","floor":26.0,"turns":3.0},{"damage":7.0,"enemies":"Slavers","floor":27.0,"turns":2.0},{"damage":0.0,"enemies":"Cultist and Chosen","floor":29.0,"turns":2.0},{"damage":0.0,"enemies":"Gremlin Leader","floor":30.0,"turns":1.0},{"damage":5.0,"enemies":"Centurion and Healer","floor":31.0,"turns":1.0},{"damage":0.0,"enemies":"Automaton","floor":33.0,"turns":2.0},{"damage":0.0,"enemies":"3 Shapes","floor":35.0,"turns":1.0},{"damage":0.0,"enemies":"3 Darklings","floor":37.0,"turns":2.0},{"damage":0.0,"enemies":"Sphere and 2 Shapes","floor":38.0,"turns":2.0},{"damage":14.0,"enemies":"Transient","floor":39.0,"turns":4.0},{"damage":6.0,"enemies":"R_Hoarder","floor":41.0,"turns":4.0},{"damage":0,"enemies":"3 Darklings","floor":42,"turns":2},{"damage":0,"enemies":"Giant Head","floor":44,"turns":3},{"damage":7,"enemies":"4 Shapes","floor":46,"turns":2},{"damage":0,"enemies":"Writhing Mass","floor":47,"turns":1},{"damage":1,"enemies":"Reptomancer","floor":48,"turns":2},{"damage":6,"enemies":"Time Eater","floor":50,"turns":3},{"damage":0,"enemies":"hubris:Merchant","floor":53,"turns":3},{"damage":0,"enemies":"Shield and Spear","floor":54,"turns":2},{"damage":86,"enemies":"The Heart","floor":55,"turns":4}],"seed_played":"1775249132948540619","potions_obtained":[{"floor":2.0,"key":"FearPotion"},{"floor":8.0,"key":"EssenceOfSteel"},{"floor":41.0,"key":"Regen Potion"},{"floor":48,"key":"SpeedPotion"},{"floor":53,"key":"FairyPotion"}],"is_trial":false,"path_per_floor":["M","M","M","?","M","E","?","E","T","R","?","R","E","M","R","B",null,"M","M","M","$","M","E","R","?","MIM","E","R","M","E","M","R_BF","B",null,"M","?","M","M","M","R","E","M","T","E","R","M","M","E","R","B",null,"R","$","E","B",null],"character_chosen":"IRONCLAD","items_purchased":["Replay:Baseball","Guide Book","Blood Vial","CombinedTypeHook"],"campfire_rested":0,"item_purchase_floors":[21,21,21,21],"current_hp_per_floor":[73,79,81,81,77,74,46,44,44,44,44,44,33,33,33,33,55,55,61,61,5,7,15,15,15,17,18,18,26,40,43,43,51,59,62,62,62,62,54,54,56,62,62,62,62,61,62,62,62,62,62,62,62,62,23],"gold":1054,"neow_bonus":"TEN_PERCENT_HP_BONUS","is_daily":false,"chose_seed":false,"campfire_upgraded":8,"win_rate":0.0,"timestamp":1613280791,"path_taken":["M","M","M","?","M","E","?","E","T","R","?","R","E","M","R","BOSS","M","M","M","?","M","E","R","?","MIM","E","R","M","E","M","R_BF","BOSS","M","?","M","M","M","R","E","M","T","E","R","M","?","E","R","BOSS","R","$","E","BOSS"],"items_purchased_type":["Relic","Relic","Relic","Relic"],"build_version":"2020-12-22","purchased_purges":1,"victory":true,"max_hp_per_floor":[82,82,82,82,82,82,82,82,82,82,82,82,82,82,82,82,62,62,62,62,62,62,62,62,62,62,62,62,62,62,62,62,62,62,62,62,62,62,62,62,62,62,62,62,62,62,62,62,62,62,62,62,62,62,62],"card_choices":[{"not_picked":["Warcry","Reckless Charge"],"picked":"Havoc","floor":1.0},{"not_picked":["Cleave","Rupture","MostiFishMod:BrandingRite","Twin Strike"],"picked":"Dark Embrace","floor":2.0},{"not_picked":["Flex","hubris:CleavingFinish","Run Through","Armaments"],"picked":"Reckless Charge","floor":3.0},{"not_picked":["Shrug It Off","Run Through","hubris:ReadiedAction","Massacre","Iron Wave"],"picked":"SKIP","floor":5.0},{"not_picked":["Burning Pact","Abandon","Body Slam","ReplayTheSpireMod:LeadingStrike"],"picked":"Clash","floor":6.0},{"not_picked":["hubris:SharpeningStone","Twin Strike","Warcry","Shockwave","Lockon"],"picked":"Offering","floor":7.0},{"not_picked":["Wild Strike","Uppercut","Thunderclap","Body Slam","Hello World"],"picked":"Havoc","floor":8.0},{"not_picked":["ReplayTheSpireMod:Muscle Training","Thunderclap","Rage","Clash","Meteor Strike"],"picked":"Replay:Undeath\u0027s Touch","floor":13.0},{"not_picked":["Run Through","ReplayTheSpireMod:Corrosion Curse","Bloodletting","Clothesline","hubris:Ukulele"],"picked":"MostiFishMod:RainCloud","floor":14.0},{"not_picked":["Shrug It Off","Clash","Feel No Pain","Dropkick","ReplayTheSpireMod:Strike From Hell"],"picked":"Sunder","floor":14.0},{"not_picked":["Demon Form","MostiFishMod:404NotFound","Feed","Juggernaut","MostiFishMod:IntelligentEquipment"],"picked":"MostiFishMod:PerfectStrikeMKII","floor":16.0},{"not_picked":["Thunderclap","Wild Strike","Cleave","Searing Blow","Panic Button"],"picked":"Havoc","floor":18.0},{"not_picked":["Second Wind","Clothesline","Rage","Flex","Darkness"],"picked":"Infernal Blade","floor":18.0},{"not_picked":["Clash","True Grit","MostiFishMod:BrandingRite+1","Dark Embrace","Redo"],"picked":"Wild Strike","floor":19.0},{"not_picked":["MostiFishMod:#F4004","Sword Boomerang+1","Iron Wave","Headbutt","Compile Driver"],"picked":"Power Through","floor":19.0},{"not_picked":["Warcry","hubris:ReadiedAction","Rupture","Carnage","Compile Driver"],"picked":"Combust","floor":20.0},{"not_picked":["Power Through","Replay:Undeath\u0027s Touch","Armaments","Dropkick","Hello World"],"picked":"MostiFishMod:WingOfPhoenix","floor":20.0},{"not_picked":["Pommel Strike","Headbutt","Anger","Thunderclap","Compile Driver"],"picked":"ReplayTheSpireMod:Strike From Hell","floor":22.0},{"not_picked":["Pommel Strike","Thunderclap","Dark Embrace+1","Spot Weakness","Beam Cell"],"picked":"Wild Strike+1","floor":22.0},{"not_picked":["Whirlwind","ReplayTheSpireMod:Corrosion Curse","Reckless Charge","Shrug It Off","Barrage"],"picked":"ReplayTheSpireMod:Strike From Hell","floor":23.0},{"not_picked":["Clash+1","Armaments","MostiFishMod:WingOfPhoenix","Searing Blow","ReplayTheSpireMod:Corrosion Curse"],"picked":"Sweeping Beam","floor":26.0},{"not_picked":["Shrug It Off+1","True Grit","Clash","Run Through","ReplayGash"],"picked":"Anger","floor":27.0},{"not_picked":["Clothesline","Reckless Charge","Feel No Pain","Heavy Blade","Turbo"],"picked":"Replay:Undeath\u0027s Touch","floor":29.0},{"not_picked":["Body Slam","Dropkick","Run Through","Bloodletting","Meteor Strike"],"picked":"Warcry","floor":29.0},{"not_picked":["Fiend Fire","Dark Embrace","Headbutt","Abandon","Barrage"],"picked":"Pommel Strike","floor":30.0},{"not_picked":["Entrench","Armaments","Shockwave","Second Wind","Cold Snap"],"picked":"Replay:Undeath\u0027s Touch","floor":31.0},{"not_picked":["Replay:Undeath\u0027s Touch","Heavy Blade","Anger+1","Flex","Gash"],"picked":"ReplayTheSpireMod:Strike From Hell","floor":31.0},{"not_picked":["MostiFishMod:FlyOverUtopia","Offering","Corruption","MostiFishMod:DarkDeal","MostiFishMod:StrandedSiren"],"picked":"MostiFishMod:OrdinaryWorld","floor":33.0},{"not_picked":["True Grit+1","Body Slam+1","Flex","Clothesline","Twin Strike"],"picked":"Beam Cell","floor":35.0},{"not_picked":["Body Slam+1","Flex","MostiFishMod:#F4004","Blood for Blood","MostiFishMod:FluxCapactior"],"picked":"Havoc","floor":35.0},{"not_picked":["Warcry","Blood for Blood+1","Spot Weakness","Bloodletting","Steam"],"picked":"ReplayTheSpireMod:Strike From Hell+1","floor":37.0},{"not_picked":["Rampage","Replay:Undeath\u0027s Touch+1","Searing Blow","hubris:ReadiedAction","Streamline"],"picked":"ReplayTheSpireMod:Limb From Limb","floor":37.0},{"not_picked":["Shrug It Off+1","MostiFishMod:404NotFound","Carnage+1","Cleave+1","Power Through"],"picked":"Panic Button","floor":38.0},{"not_picked":["Clash","hubris:ReadiedAction","Power Through+1","Wild Strike","Streamline"],"picked":"ReplayTheSpireMod:Strike From Hell","floor":38.0},{"not_picked":["Flex","Replay:Many Hands","Entrench","Headbutt","Gash"],"picked":"Havoc","floor":39.0},{"not_picked":["Body Slam","Burning Pact","Sword Boomerang","Thunderclap+1","hubris:Ukulele"],"picked":"Pommel Strike","floor":39.0},{"not_picked":["Heavy Blade+1","Armaments","Shockwave+1","hubris:ReadiedAction","Beam Cell"],"picked":"Dark Embrace","floor":41.0},{"not_picked":["Impervious","Havoc","Whirlwind","Twin Strike+1","Steam"],"picked":"ReplayTheSpireMod:Strike From Hell","floor":42},{"not_picked":["Cleave","Feel No Pain","Shrug It Off+1","ReplayTheSpireMod:Stacked","Gash"],"picked":"True Grit+1","floor":42},{"not_picked":["Blood for Blood","hubris:ReadiedAction","Intimidate","True Grit","Combust"],"picked":"Turbo","floor":44},{"not_picked":["Shrug It Off","hubris:ReadiedAction","MostiFishMod:BrandingRite+1","Run Through","Ball Lightning"],"picked":"Hemogenesis","floor":46},{"not_picked":["Iron Wave","Combust","Seeing Red","hubris:CleavingFinish","Armaments+1","Gash"],"picked":"SKIP","floor":46},{"not_picked":["Burning Pact","Body Slam+1","Dark Embrace","Pummel","Clash"],"picked":"Scrape","floor":47},{"not_picked":["Clash+1","Intimidate+1","Iron Wave+1","Shrug It Off","Massacre+1","Sweeping Beam"],"picked":"SKIP","floor":47},{"not_picked":["Entrench+1","Ghostly Armor+1","Inflame","Shockwave","ReplayReversal","Rainbow"],"picked":"SKIP","floor":48},{"not_picked":[],"picked":"MostiFishMod:Kaleido","floor":53},{"not_picked":[],"picked":"ReplayTheSpireMod:Private Reserves","floor":53},{"not_picked":[],"picked":"Feel No Pain","floor":53},{"not_picked":["hubris:StunningStrike"],"picked":"SKIP","floor":53},{"not_picked":["Carnage"],"picked":"SKIP","floor":53},{"not_picked":["Armaments"],"picked":"SKIP","floor":53},{"not_picked":["True Grit"],"picked":"SKIP","floor":53},{"not_picked":["Clash+1","Infernal Blade+1","Abandon","Whirlwind","Redo"],"picked":"MostiFishMod:DarkDeal","floor":54}],"player_experience":402275,"relics_obtained":[{"floor":1.0,"key":"SynthV:TestCard"},{"floor":6.0,"key":"hubris:DisguiseKit"},{"floor":7.0,"key":"Odd Mushroom"},{"floor":8.0,"key":"hubris:CrystalStatue"},{"floor":9.0,"key":"Prayer Wheel"},{"floor":13.0,"key":"King of Hearts"},{"floor":23.0,"key":"ReplayTheSpireMod:Lightbulb"},{"floor":27.0,"key":"Dead Branch"},{"floor":30.0,"key":"Replay:Rubber Ducky"},{"floor":41.0,"key":"Ancient Tea Set"},{"floor":43,"key":"Another Sword"},{"floor":44,"key":"Pet Ghost"},{"floor":48,"key":"ArrowTower"},{"floor":53,"key":"hubris:TenFootPole"},{"floor":53,"key":"Toy Ornithopter"},{"floor":53,"key":"Cauldron"},{"floor":54,"key":"hubris:IronBody"}],"event_choices":[{"damage_healed":0.0,"max_hp_gain":0.0,"max_hp_loss":0.0,"gold_gain":0.0,"event_name":"Mushrooms","player_choice":"Fought Mushrooms","floor":7.0,"gold_loss":0.0,"damage_taken":0.0},{"cards_removed":["Strike_R"],"damage_healed":0.0,"max_hp_gain":0.0,"max_hp_loss":0.0,"gold_gain":0.0,"event_name":"Purifier","player_choice":"Purged","floor":11.0,"gold_loss":0.0,"damage_taken":0.0},{"damage_healed":0.0,"max_hp_gain":0.0,"max_hp_loss":0.0,"gold_gain":0.0,"event_name":"Addict","player_choice":"Obtained Relic","floor":25.0,"gold_loss":85.0,"damage_taken":0.0,"relics_obtained":["Akabeko"]},{"cards_removed":["Strike_R"],"damage_healed":0.0,"max_hp_gain":0.0,"max_hp_loss":0.0,"gold_gain":0.0,"event_name":"Beggar","player_choice":"Gave Gold","floor":32.0,"gold_loss":75.0,"damage_taken":0.0},{"damage_healed":0.0,"max_hp_gain":0.0,"max_hp_loss":0.0,"gold_gain":0.0,"event_name":"Match and Keep!","player_choice":"0 cards matched","floor":36.0,"gold_loss":0.0,"damage_taken":0.0,"cards_obtained":[]}],"is_beta":false,"boss_relics":[{"not_picked":["aspiration:SilentSkillbook","hubris:RunicObelisk"],"picked":"Replay:Drink Me"},{"not_picked":["TimeKeys","aspiration:DefectSkillbook"],"picked":"Replay:Bronze Core"}],"items_purged_floors":[21],"is_endless":false,"potions_floor_spawned":[2,8,13,14,16,19,27,29,30,31,33,39,41,44,46,47,48,54],"ascension_level":17}}