{"host":"prxrhpgaxnj4om9r","time":1613277373,"event":{"mods":["AchievementEnabler","BaseMod","DeckTracker","Minty Spire (QoL Compilation)"],"gold_per_floor":[117,117,135,145,145,179,179,198,248,248,292,292,326,339,339,469,469,490,515,533,31,56,56,100,113,113,144,167,192,192,227,227,358,358,372,372,393,373,706,732,732,732,732,53,72,72,85,104,104,104],"floor_reached":51,"language":"KOR","playtime":3585,"items_purged":["Defend_P","Strike_P"],"score":1016,"play_id":"ab313ea7-b2bb-4997-a5ea-7d724c112462","local_time":"20210214133613","is_ascension_mode":true,"campfire_choices":[{"data":"Vault","floor":7,"key":"SMITH"},{"floor":12,"key":"REST"},{"data":"Wallop","floor":15,"key":"SMITH"},{"data":"Judgement","floor":23,"key":"SMITH"},{"data":"Discovery","floor":30,"key":"SMITH"},{"data":"CutThroughFate","floor":32,"key":"SMITH"},{"data":"Barricade","floor":41,"key":"SMITH"},{"data":"SandsOfTime","floor":46,"key":"SMITH"},{"data":"FearNoEvil","floor":49,"key":"SMITH"}],"circlet_count":0,"master_deck":["Strike_P","Strike_P","Strike_P","Defend_P","Defend_P","Defend_P","Eruption+1","Vigilance","CutThroughFate+1","Vault+1","Protect","SandsOfTime+1","Halt","Wallop+1","Judgement+1","FearNoEvil+1","ForeignInfluence+1","BowlingBash","Flash of Steel+1","Armaments+1","Acrobatics+1","Discovery+1","PiercingWail+1","Coolheaded+1","Barricade+1","Warcry+1","Madness+1","Madness+1","Halt+1"],"relics":["HolyWater","Blue Candle","Bag of Preparation","Smiling Mask","Toy Ornithopter","Sundial","PrismaticShard","Blood Vial","Pantograph","Juzu Bracelet","Toxic Egg 2","Busted Crown","Lantern","TungstenRod","Mango","Vajra","Strange Spoon"],"acts_visited":["Exordium","TheCity","TheBeyond"],"potions_floor_usage":[6,11,16,16,20,24,24,27,33,40,47,47,50],"damage_taken":[{"damage":0,"enemies":"Small Slimes","floor":1,"turns":2},{"damage":0,"enemies":"Cultist","floor":3,"turns":2},{"damage":2,"enemies":"Jaw Worm","floor":4,"turns":2},{"damage":13,"enemies":"Gremlin Nob","floor":6,"turns":3},{"damage":0,"enemies":"Exordium Wildlife","floor":8,"turns":1},{"damage":0,"enemies":"Lagavulin","floor":11,"turns":3},{"damage":4,"enemies":"3 Sentries","floor":13,"turns":7},{"damage":0,"enemies":"Gremlin Gang","floor":14,"turns":2},{"damage":0,"enemies":"Slime Boss","floor":16,"turns":7},{"damage":0,"enemies":"Spheric Guardian","floor":18,"turns":1},{"damage":0,"enemies":"3 Byrds","floor":19,"turns":2},{"damage":16,"enemies":"Centurion and Healer","floor":20,"turns":4},{"damage":0,"enemies":"3 Cultists","floor":22,"turns":4},{"damage":22,"enemies":"Book of Stabbing","floor":24,"turns":3},{"damage":0,"enemies":"Chosen and Byrds","floor":25,"turns":5},{"damage":10,"enemies":"Slavers","floor":27,"turns":3},{"damage":0,"enemies":"Shelled Parasite and Fungi","floor":28,"turns":2},{"damage":0,"enemies":"Snake Plant","floor":29,"turns":2},{"damage":6,"enemies":"Gremlin Leader","floor":31,"turns":6},{"damage":96,"enemies":"Collector","floor":33,"turns":10},{"damage":0,"enemies":"3 Shapes","floor":35,"turns":3},{"damage":0,"enemies":"3 Darklings","floor":37,"turns":2},{"damage":33,"enemies":"Nemesis","floor":40,"turns":8},{"damage":0,"enemies":"Transient","floor":45,"turns":7},{"damage":17,"enemies":"4 Shapes","floor":47,"turns":2},{"damage":0,"enemies":"3 Darklings","floor":48,"turns":3},{"damage":33,"enemies":"Awakened One","floor":50,"turns":15}],"seed_played":"3356467129083665101","potions_obtained":[{"floor":1,"key":"BottledMiracle"},{"floor":8,"key":"Weak Potion"},{"floor":10,"key":"Ambrosia"},{"floor":10,"key":"BottledMiracle"},{"floor":13,"key":"LiquidBronze"},{"floor":16,"key":"FairyPotion"},{"floor":20,"key":"Block Potion"},{"floor":25,"key":"LiquidBronze"},{"floor":27,"key":"GamblersBrew"},{"floor":33,"key":"Block Potion"},{"floor":38,"key":"DuplicationPotion"},{"floor":40,"key":"Explosive Potion"},{"floor":45,"key":"Swift Potion"}],"is_trial":false,"path_per_floor":["M","?","M","M","?","E","R","M","T","?","E","R","E","M","R","B",null,"M","M","M","$","M","R","E","M","T","E","M","M","R","E","R","B",null,"M","?","M","?","?","E","R","?","T","$","M","R","M","M","R","B",null],"character_chosen":"WATCHER","items_purchased":["Sundial","PrismaticShard","Fire Potion","Mango","Vajra","Halt+1","Strange Spoon"],"campfire_rested":1,"item_purchase_floors":[21,21,21,44,44,44,44],"current_hp_per_floor":[79,79,79,77,58,45,45,45,45,45,45,68,64,64,64,74,79,79,79,63,63,63,63,51,53,53,50,52,54,54,50,50,23,79,79,79,79,79,79,51,51,41,41,55,57,57,52,54,54,53],"gold":104,"neow_bonus":"TEN_PERCENT_HP_BONUS","is_daily":false,"chose_seed":false,"campfire_upgraded":8,"win_rate":0.0,"timestamp":1613277373,"path_taken":["M","?","M","M","?","E","R","M","T","?","E","R","E","M","R","BOSS","M","M","M","$","M","R","E","?","T","E","M","M","R","E","R","BOSS","M","?","M","?","?","E","R","?","T","$","M","R","M","M","R","BOSS"],"items_purchased_type":["Relic","Relic","Potion","Relic","Relic","Card","Relic"],"build_version":"2020-12-22","purchased_purges":2,"victory":true,"max_hp_per_floor":[79,79,79,79,79,79,79,79,79,79,79,79,79,79,79,79,79,79,79,79,79,79,79,79,79,79,79,79,79,79,79,79,79,79,79,79,79,79,79,79,79,79,79,93,93,93,93,93,93,93],"card_choices":[{"not_picked":["EmptyMind","Evaluate"],"picked":"CutThroughFate","floor":1},{"not_picked":["Adaptation","CarveReality"],"picked":"Conclude","floor":3},{"not_picked":["CutThroughFate","SashWhip","Consecrate"],"picked":"SKIP","floor":4},{"not_picked":["Evaluate","EmptyFist"],"picked":"Vault","floor":6},{"not_picked":["EmptyMind","Crescendo"],"picked":"Protect","floor":8},{"not_picked":["SashWhip","Fasting2"],"picked":"SandsOfTime","floor":11},{"not_picked":["Evaluate","Protect"],"picked":"Halt","floor":13},{"not_picked":["EmptyFist","DeceiveReality"],"picked":"Wallop","floor":14},{"not_picked":["Wish","Devotion"],"picked":"Judgement","floor":16},{"not_picked":["Meditate","ClearTheMind"],"picked":"FearNoEvil","floor":18},{"not_picked":["FlyingSleeves+1","Prostrate"],"picked":"ForeignInfluence+1","floor":19},{"not_picked":["Evaluate","InnerPeace"],"picked":"BowlingBash","floor":20},{"not_picked":["Second Wind","Rip and Tear"],"picked":"Flash of Steel+1","floor":22},{"not_picked":["Bandage Up","SandsOfTime+1"],"picked":"Armaments+1","floor":24},{"not_picked":["Wild Strike","Jack Of All Trades"],"picked":"Acrobatics+1","floor":25},{"not_picked":["Dagger Throw","Terror"],"picked":"Discovery","floor":27},{"not_picked":["Tempest","Prepared"],"picked":"PiercingWail+1","floor":28},{"not_picked":["PiercingWail","Pommel Strike","Glacier"],"picked":"SKIP","floor":29},{"not_picked":["Consume+1","Well Laid Plans"],"picked":"Coolheaded+1","floor":31},{"not_picked":["Echo Form","Fiend Fire"],"picked":"Barricade","floor":33},{"not_picked":["Gash+1"],"picked":"SKIP","floor":35},{"not_picked":["Sucker Punch+1"],"picked":"SKIP","floor":37},{"not_picked":[],"picked":"Warcry+1","floor":40},{"not_picked":["Turbo+1"],"picked":"SKIP","floor":45},{"not_picked":["Loop"],"picked":"SKIP","floor":47},{"not_picked":["Armaments+1"],"picked":"SKIP","floor":48}],"player_experience":438243,"relics_obtained":[{"floor":6,"key":"Blue Candle"},{"floor":9,"key":"Bag of Preparation"},{"floor":11,"key":"Smiling Mask"},{"floor":13,"key":"Toy Ornithopter"},{"floor":24,"key":"Blood Vial"},{"floor":26,"key":"Pantograph"},{"floor":27,"key":"Juzu Bracelet"},{"floor":31,"key":"Toxic Egg 2"},{"floor":40,"key":"Lantern"},{"floor":43,"key":"TungstenRod"}],"event_choices":[{"damage_healed":0,"gold_gain":0,"player_choice":"Grow","damage_taken":0,"max_hp_gain":0,"max_hp_loss":0,"event_name":"Living Wall","floor":2,"gold_loss":0,"cards_upgraded":["Eruption"]},{"damage_healed":0,"gold_gain":0,"player_choice":"Take Damage","damage_taken":19,"relics_obtained":["Golden Idol"],"max_hp_gain":0,"max_hp_loss":0,"event_name":"Golden Idol","floor":5,"gold_loss":0},{"damage_healed":0,"gold_gain":0,"player_choice":"Got Potions","damage_taken":0,"max_hp_gain":0,"max_hp_loss":0,"event_name":"Lab","floor":10,"gold_loss":0},{"cards_removed":["Conclude"],"damage_healed":0,"gold_gain":0,"player_choice":"Removed Attack","damage_taken":0,"max_hp_gain":0,"max_hp_loss":0,"event_name":"Falling","floor":36,"gold_loss":0},{"damage_healed":0,"gold_gain":0,"player_choice":"Bought 1 Potion","damage_taken":0,"max_hp_gain":0,"max_hp_loss":0,"event_name":"The Woman in Blue","floor":38,"gold_loss":0},{"damage_healed":0,"gold_gain":333,"player_choice":"Gave Idol","damage_taken":0,"max_hp_gain":0,"max_hp_loss":0,"event_name":"The Moai Head","floor":39,"relics_lost":["Golden Idol"],"gold_loss":0},{"damage_healed":0,"gold_gain":0,"player_choice":"Embrace Madness","damage_taken":10,"max_hp_gain":0,"max_hp_loss":0,"event_name":"Winding Halls","floor":42,"gold_loss":0,"cards_obtained":["Madness","Madness"]}],"is_beta":false,"boss_relics":[{"not_picked":["Sozu","VioletLotus"],"picked":"HolyWater"},{"not_picked":["Pandora\u0027s Box","Snecko Eye"],"picked":"Busted Crown"}],"items_purged_floors":[21,44],"is_endless":false,"potions_floor_spawned":[1,8,13,16,20,22,25,27,33,40,45],"ascension_level":4}}