{"host":"dcj2yvrgcvh5dl2s","time":1613294018,"event":{"mods":["BaseMod","Bestiary","Better Note","Block Reminder","Colored Powertips","Curses Come First","DeckTracker","Displayed Cursed Tome","Minty Spire (QoL Compilation)","Quick Restart","Rare Cards Sparkle","Relic Stats","StSLib"],"gold_per_floor":[114,114,131,131,8,8,21,55,355,370,370,396,406,423,423,521,521,503,199,199,8,19,19,19],"floor_reached":23,"language":"ENG","playtime":2651,"items_purged":["Strike_G","Strike_G"],"score":261,"play_id":"752a1b93-5e1f-44ec-b54c-e6eb4c1cdeea","local_time":"20210214191338","is_ascension_mode":true,"campfire_choices":[{"floor":6.0,"key":"REST"},{"floor":11.0,"key":"REST"},{"floor":15.0,"key":"REST"}],"circlet_count":0,"master_deck":["Strike_G","Defend_G","Defend_G","Defend_G","Defend_G+1","Defend_G","Survivor","Neutralize+1","Calculated Gamble","Backstab","Cloak And Dagger","Leg Sweep","Slice","Accuracy","After Image","Catalyst","Backflip","Infinite Blades","Adrenaline","Catalyst","Well Laid Plans","Backflip"],"relics":["Ring of the Snake","Shovel","Old Coin","Smiling Mask","Coffee Dripper","Molten Egg 2","Omamori","Snake Skull"],"acts_visited":["Exordium","TheCity"],"potions_floor_usage":[23,23],"damage_taken":[{"damage":7.0,"enemies":"Small Slimes","floor":1.0,"turns":4.0},{"damage":4.0,"enemies":"Jaw Worm","floor":3.0,"turns":4.0},{"damage":0.0,"enemies":"Cultist","floor":7.0,"turns":3.0},{"damage":15.0,"enemies":"3 Sentries","floor":8.0,"turns":15.0},{"damage":0.0,"enemies":"Large Slime","floor":10.0,"turns":8.0},{"damage":39.0,"enemies":"Gremlin Nob","floor":12.0,"turns":8.0},{"damage":0.0,"enemies":"2 Fungi Beasts","floor":13.0,"turns":5.0},{"damage":0.0,"enemies":"Looter","floor":14.0,"turns":4.0},{"damage":6.0,"enemies":"Hexaghost","floor":16.0,"turns":10.0},{"damage":2.0,"enemies":"2 Thieves","floor":18.0,"turns":4.0},{"damage":6.0,"enemies":"Spheric Guardian","floor":22.0,"turns":7.0},{"damage":60,"enemies":"Gremlin Leader","floor":23,"turns":11}],"seed_played":"4593839115774657962","potions_obtained":[{"floor":1.0,"key":"PowerPotion"},{"floor":10.0,"key":"Fruit Juice"},{"floor":12.0,"key":"DistilledChaos"},{"floor":13.0,"key":"PowerPotion"},{"floor":18.0,"key":"Swift Potion"},{"floor":22.0,"key":"PowerPotion"}],"is_trial":false,"path_per_floor":["M","?","M","?","$","R","M","E","T","M","R","E","M","M","R","B",null,"M","$","?","$","M","E"],"character_chosen":"THE_SILENT","items_purchased":["Slice","Molten Egg 2","Snake Skull","Well Laid Plans"],"campfire_rested":3,"item_purchase_floors":[5,19,21,21],"current_hp_per_floor":[56,42,38,38,38,59,59,44,44,44,70,31,31,31,53,47,68,66,66,66,66,60,0,0],"gold":19,"neow_bonus":"TRANSFORM_TWO_CARDS","is_daily":false,"chose_seed":false,"campfire_upgraded":0,"win_rate":0.0,"timestamp":1613294018,"path_taken":["M","?","M","?","$","R","M","E","T","M","R","E","M","M","R","BOSS","M","$","?","$","M","E"],"items_purchased_type":["Card","Relic","Relic","Card"],"build_version":"2020-12-22","purchased_purges":2,"victory":false,"max_hp_per_floor":[70,70,70,70,70,70,70,70,70,70,75,75,75,75,75,75,75,75,75,75,75,75,75,75],"relic_stats":{"Shovel":0,"counters":[12,83],"Snake Skull":[0],"Smiling Mask":50,"obtain_stats":[{"Shovel":8,"Molten Egg 2":19,"Snake Skull":21,"Coffee Dripper":17,"Omamori":20,"Smiling Mask":12,"Ring of the Snake":0,"Old Coin":9},{"Shovel":4,"Molten Egg 2":10,"Snake Skull":10,"Coffee Dripper":9,"Omamori":10,"Smiling Mask":6,"Ring of the Snake":0,"Old Coin":4},{"Shovel":26,"Molten Egg 2":65,"Snake Skull":65,"Coffee Dripper":61,"Omamori":65,"Smiling Mask":42,"Ring of the Snake":0,"Old Coin":26}],"Ring of the Snake":[24]},"card_choices":[{"not_picked":["Finisher","Outmaneuver"],"picked":"Cloak And Dagger","floor":1.0},{"not_picked":["PiercingWail","Quick Slash"],"picked":"Leg Sweep","floor":3.0},{"not_picked":["Prepared","Bane"],"picked":"Accuracy","floor":7.0},{"not_picked":["Bane","Masterful Stab"],"picked":"After Image","floor":8.0},{"not_picked":["Quick Slash","Dagger Throw"],"picked":"Catalyst","floor":10.0},{"not_picked":["Flying Knee","Skewer"],"picked":"Backflip","floor":12.0},{"not_picked":["Outmaneuver","Masterful Stab","Finisher"],"picked":"SKIP","floor":13.0},{"not_picked":["Masterful Stab","Prepared"],"picked":"Infinite Blades","floor":14.0},{"not_picked":["Night Terror","Burst"],"picked":"Adrenaline","floor":16.0},{"not_picked":["Bane","Acrobatics+1"],"picked":"Catalyst","floor":18.0},{"not_picked":["Underhanded Strike+1","Poisoned Stab+1"],"picked":"Backflip","floor":22.0}],"player_experience":2404165,"relics_obtained":[{"floor":8.0,"key":"Shovel"},{"floor":9.0,"key":"Old Coin"},{"floor":12.0,"key":"Smiling Mask"}],"event_choices":[{"damage_healed":0.0,"max_hp_gain":0.0,"max_hp_loss":0.0,"gold_gain":0.0,"event_name":"Shining Light","player_choice":"Entered Light","floor":2.0,"gold_loss":0.0,"damage_taken":14.0,"cards_upgraded":["Defend_G","Neutralize"]},{"cards_removed":["Normality"],"damage_healed":0.0,"max_hp_gain":0.0,"max_hp_loss":0.0,"gold_gain":0.0,"event_name":"Fountain of Cleansing","player_choice":"Removed Curses","floor":4.0,"gold_loss":0.0,"damage_taken":0.0},{"damage_healed":0.0,"max_hp_gain":0.0,"max_hp_loss":0.0,"gold_gain":0.0,"event_name":"The Mausoleum","player_choice":"Opened","floor":20.0,"gold_loss":0.0,"damage_taken":0.0,"relics_obtained":["Omamori"]}],"is_beta":false,"boss_relics":[{"not_picked":["SacredBark","Astrolabe"],"picked":"Coffee Dripper"}],"items_purged_floors":[5,19],"is_endless":false,"potions_floor_spawned":[1,10,12,13,18,22],"killed_by":"Gremlin Leader","ascension_level":6}}