{"host":"Drake","time":1613293729,"event":{"mods":["BaseMod","Colored Map","Downfall","Minty Spire (QoL Compilation)","Permanent Neow","Quick Restart","StSLib","everything is the same but u backflip on backflip"],"gold_per_floor":[349,363,382,49,76,76,76,116,16,53,72,90,90,13,31,126,126,126,148,168,168,179,207,207,222,239,239,239,239],"floor_reached":27,"language":"ENG","playtime":2466,"items_purged":["hexamod:Strike"],"score":272,"play_id":"10f9fff0-ea53-49a7-b711-7c07f80544ed","local_time":"20210214030849","is_ascension_mode":false,"campfire_choices":[{"data":"hexamod:Float","floor":1,"key":"SMITH"},{"data":"expansioncontent:QuickStudy","floor":6,"key":"SMITH"},{"data":"hexamod:ForkedFlame","floor":9,"key":"SMITH"},{"floor":13,"key":"REST"},{"floor":18,"key":"RECALL"}],"circlet_count":0,"master_deck":["hexamod:Strike","hexamod:Strike","hexamod:Defend","hexamod:Defend","hexamod:Sear","hexamod:Float+1","hexamod:FourthSeal","hexamod:Firestarter","hexamod:ForkedFlame+1","hexamod:SecondSeal","expansioncontent:QuickStudy+1","hexamod:Hexaguard","hexamod:GhostflameInferno","hexamod:CatchUp","hexamod:StepThrough","hexamod:HauntingEcho","hexamod:StepThrough","hexamod:Hexaguard","hexamod:AdvancingGuard","hexamod:TurnItUp","hexamod:Again+1","hexamod:AdvancingGuard","hexamod:AdvancingGuard","hexamod:HexaLevel","Clumsy","hexamod:AdvancingGuard","hexamod:FastForward","hexamod:Again","hexamod:ThirdSeal","hexamod:AdvancingGuard"],"relics":["hexamod:SpiritBrand","The Courier","downfall:HeartBlessingBlue","Happy Flower","Coffee Dripper","Bronze Scales","Bag of Marbles"],"acts_visited":["Exordium","TheCity"],"potions_floor_usage":[8,8,8,10,11,11,12,14,16,20,20,22,25,26,27,27],"damage_taken":[{"damage":5,"enemies":"Small Slimes","floor":2,"turns":3},{"damage":1,"enemies":"Cultist","floor":3,"turns":4},{"damage":0,"enemies":"downfall:FleeingMerchant","floor":4,"turns":4},{"damage":6,"enemies":"Jaw Worm","floor":5,"turns":3},{"damage":2,"enemies":"3 Sentries","floor":8,"turns":5},{"damage":24,"enemies":"Lagavulin","floor":10,"turns":4},{"damage":4,"enemies":"Exordium Wildlife","floor":11,"turns":3},{"damage":12,"enemies":"Exordium Thugs","floor":12,"turns":4},{"damage":5,"enemies":"downfall:FleeingMerchant","floor":14,"turns":4},{"damage":2,"enemies":"Gremlin Gang","floor":15,"turns":4},{"damage":10,"enemies":"IC_STATUS_ARCHETYPE","floor":16,"turns":6},{"damage":7,"enemies":"Spheric Guardian","floor":19,"turns":4},{"damage":0,"enemies":"Chosen","floor":20,"turns":4},{"damage":17,"enemies":"Snake Plant","floor":22,"turns":3},{"damage":21,"enemies":"Book of Stabbing","floor":23,"turns":6},{"damage":0,"enemies":"Snecko","floor":25,"turns":3},{"damage":5,"enemies":"3 Cultists","floor":26,"turns":3},{"damage":59,"enemies":"Gremlin Leader","floor":27,"turns":5}],"seed_played":"4398225334927775176","potions_obtained":[{"floor":2,"key":"champ:CounterPotion"},{"floor":3,"key":"Energy Potion"},{"floor":4,"key":"EssenceOfSteel"},{"floor":5,"key":"Fire Potion"},{"floor":8,"key":"GamblersBrew"},{"floor":10,"key":"GamblersBrew"},{"floor":10,"key":"DistilledChaos"},{"floor":11,"key":"Regen Potion"},{"floor":11,"key":"ColorlessPotion"},{"floor":12,"key":"hexamod:InfernoChargePotion"},{"floor":14,"key":"Dexterity Potion"},{"floor":16,"key":"FairyPotion"},{"floor":19,"key":"SkillPotion"},{"floor":19,"key":"SkillPotion"},{"floor":20,"key":"ColorlessPotion"},{"floor":23,"key":"DistilledChaos"},{"floor":25,"key":"ColorlessPotion"},{"floor":26,"key":"GamblersBrew"},{"floor":26,"key":"PowerPotion"}],"is_trial":false,"path_per_floor":["R","M","M","$","M","R","T","E","R","E","M","M","R","$","M","B",null,"R","M","M","?","M","E","T","M","M","E"],"character_chosen":"THE_SPIRIT","items_purchased":["hexamod:SecondSeal","expansioncontent:QuickStudy","hexamod:Hexaguard","Block Potion"],"campfire_rested":1,"item_purchase_floors":[4,4,14,14],"current_hp_per_floor":[49,44,43,43,37,37,37,35,45,31,27,37,61,56,54,44,80,80,73,73,73,56,35,35,35,30,0,0,0],"gold":239,"neow_bonus":"TWO_FIFTY_GOLD","is_daily":false,"chose_seed":false,"campfire_upgraded":3,"win_rate":0.0,"timestamp":1613293729,"path_taken":["R","M","M","$","M","R","T","E","R","E","M","M","R","$","M","BOSS","R","M","M","?","M","E","T","M","M","E"],"items_purchased_type":["Card","Card","Card","Potion"],"build_version":"2020-12-18","purchased_purges":1,"victory":false,"max_hp_per_floor":[70,70,70,70,70,70,70,70,80,80,80,80,80,80,80,80,80,80,80,80,80,80,80,80,80,80,80,80,80],"card_choices":[{"not_picked":["hexamod:RadiantFlame","hexamod:HauntingEcho"],"picked":"hexamod:FourthSeal","floor":2},{"not_picked":["hexamod:ChargedBarrage","hexamod:Haunt"],"picked":"hexamod:Firestarter","floor":3},{"not_picked":["hexamod:BacktrackSmack","hexamod:SpectersWail"],"picked":"hexamod:ForkedFlame","floor":4},{"not_picked":["hexamod:FourthSeal","hexamod:RetreatToShadows"],"picked":"hexamod:Hexaguard","floor":5},{"not_picked":["hexamod:BacktrackSmack","hexamod:HeatCrush"],"picked":"hexamod:GhostflameInferno","floor":8},{"not_picked":["hexamod:DynamicBlow","hexamod:GiftsFromTheDead"],"picked":"hexamod:CatchUp","floor":10},{"not_picked":["hexamod:Firestarter","hexamod:RetreatToShadows"],"picked":"hexamod:StepThrough","floor":11},{"not_picked":["hexamod:ThermalTransfer","hexamod:PhantomCloak"],"picked":"hexamod:HauntingEcho","floor":12},{"not_picked":["hexamod:Incineration","hexamod:RecurringNightmare"],"picked":"hexamod:StepThrough","floor":14},{"not_picked":["hexamod:GhostShield","hexamod:SearingWound"],"picked":"hexamod:AdvancingGuard","floor":15},{"not_picked":["hexamod:UnleashSpirits","hexamod:HexaLevel"],"picked":"hexamod:TurnItUp","floor":16},{"not_picked":["hexamod:GhostLash","hexamod:CatchUp"],"picked":"hexamod:Again+1","floor":19},{"not_picked":["hexamod:PhantomFireball","hexamod:RainOfEmbers+1"],"picked":"hexamod:AdvancingGuard","floor":20},{"not_picked":["hexamod:SpectersWail+1","hexamod:NightmareStrike+1"],"picked":"hexamod:FastForward","floor":22},{"not_picked":["hexamod:Incineration+1","hexamod:SwordOfDarkness+1"],"picked":"hexamod:Again","floor":23},{"not_picked":["hexamod:GhostShield","hexamod:InspiringFlames"],"picked":"hexamod:ThirdSeal","floor":25},{"not_picked":["hexamod:SwordOfDarkness","hexamod:HauntingEcho"],"picked":"hexamod:AdvancingGuard","floor":26}],"player_experience":81166,"relics_obtained":[{"floor":8,"key":"The Courier"},{"floor":10,"key":"Happy Flower"},{"floor":23,"key":"Bronze Scales"},{"floor":24,"key":"Bag of Marbles"}],"event_choices":[],"is_beta":true,"boss_relics":[{"not_picked":["Runic Pyramid","Velvet Choker"],"picked":"Coffee Dripper"}],"items_purged_floors":[4],"is_endless":false,"potions_floor_spawned":[2,5,10,11,19,25,26],"killed_by":"Gremlin Leader","ascension_level":0}}