{"host":"dscols65uipasqd2","time":1613281587,"event":{"mods":["2.2 Compatiblity","AchievementEnabler","Aspiration","BaseMod","Colored Powertips","Downfall","Energized Spire","GifTheSpireLib","Hermit","Hubris","Infinite Spire","JesterMod","Jorbs\u0027s Wanderer Trilogy","Marisa????????","Minty Spire (QoL Compilation)","Rare Cards Sparkle","Replay The Spire","StSLib","Stuff the Spire","The Cursed","The Disciple","The Hierophant","The Judge","The Jungle","The Runesmith","TheFirefly"],"gold_per_floor":[99,118,118,138,157,57,57,57,73,73,88,88,101,101,117,221,221,121,140,153,153,153,168,191,191,191,224,9,9,44,63,74,226,226,226,246,264,264,264,264,289,289,309,309,328,328,328,345,364,364],"floor_reached":51,"language":"ENG","playtime":2694,"items_purged":[],"score":1184,"play_id":"c08e2b08-018d-4353-bc50-5bb189eae914","local_time":"20210214004627","is_ascension_mode":true,"campfire_choices":[{"floor":1.0,"key":"RECALL"},{"data":"sneckomod:UnknownClassDEFAULT_GRAY_COLOR","floor":6.0,"key":"SMITH"},{"data":"Perfected Strike","floor":10.0,"key":"SMITH"},{"data":"sneckomod:ImprovisedAttack","floor":12.0,"key":"SMITH"},{"floor":18.0,"key":"DIG"},{"floor":29.0,"key":"REST"},{"data":"White Noise","floor":35.0,"key":"SMITH"},{"floor":40,"key":"REST"},{"floor":47,"key":"REST"}],"circlet_count":0,"master_deck":["sneckomod:Strike","sneckomod:Strike","sneckomod:Strike","sneckomod:Defend","sneckomod:Defend","sneckomod:Defend","sneckomod:TailWhip","sneckomod:SnekBite+1","sneckomod:Unknown","sneckomod:Unknown","sneckomod:DefensiveFlair+1","sneckomod:UnknownClassRED","sneckomod:UnknownClassDEFAULT_GRAY_COLOR+1","Perfected Strike+1","sneckomod:ImprovisedAttack+1","White Noise+1","Distraction","sneckomod:UnknownBoss","CurseOfTheBell","sneckomod:DiceCrush+1","sneckomod:UnknownClassSLIMEBOUND","hubris:Fate","CommonCold","sneckomod:UnknownClassTHE_CURSED_PURPLE","sneckomod:UnknownDexterity","sneckomod:UnknownBlock","sneckomod:QuickMove","sneckomod:RainOfDice+1","sneckomod:UnknownClassCHRONO_GOLD+1","sneckomod:UnknownRareAttack","Self Repair+1","Go for the Eyes","Injury","ReplayTheSpireMod:Doomed","ReplayTheSpireMod:Chaos Vortex","Replay:SS_hec_1","expansioncontent:AwakenDeath","Replay:SS_forest_2","sneckomod:UnknownStrike+1","Redo+1","aspiration:Polymerization","BasicCrystalCard+1"],"relics":["Nloth\u0027s Gift","jesterMod:JesterCap","hubris:DeadTorch","Mark of Pain","ReplayTheSpireMod:TigerMarble","hubris:Macrotransations","aspiration:BabyByrd","Ring of Hypnosis","hexamod:SpiritBrand","MiniHakkero","infinitespire:Chaos","Ring of Fury","ReplayTheSpireMod:Ring of Collecting","aspiration:ChemicalBlood","hubris:Icosahedron","Gambling Chip","HandDrill","aspiration:DefectSkillbook","Frozen Egg 2","StuffTheSpire:GreaterSneckoEye"],"acts_visited":["Exordium","TheCity","TheBeyond"],"potions_floor_usage":[45,49,49,49,50,50],"damage_taken":[{"damage":0.0,"enemies":"Cultist","floor":2.0,"turns":2.0},{"damage":0.0,"enemies":"Jaw Worm","floor":4.0,"turns":3.0},{"damage":6.0,"enemies":"2 Louse","floor":5.0,"turns":3.0},{"damage":0.0,"enemies":"Large Slime","floor":9.0,"turns":6.0},{"damage":2.0,"enemies":"2 Fungi Beasts","floor":11.0,"turns":4.0},{"damage":6.0,"enemies":"Gremlin Gang","floor":13.0,"turns":6.0},{"damage":9.0,"enemies":"downfall:LooterAlt","floor":15.0,"turns":2.0},{"damage":25.0,"enemies":"SI_SHIV_ARCHETYPE","floor":16.0,"turns":7.0},{"damage":9.0,"enemies":"Spheric Guardian","floor":19.0,"turns":3.0},{"damage":21.0,"enemies":"3 Byrds","floor":20.0,"turns":5.0},{"damage":34.0,"enemies":"Centurion and Healer","floor":23.0,"turns":5.0},{"damage":15.0,"enemies":"Book of Stabbing","floor":27.0,"turns":3.0},{"damage":16.0,"enemies":"downfall:FleeingMerchant","floor":28.0,"turns":4.0},{"damage":0.0,"enemies":"Snake Plant","floor":30.0,"turns":2.0},{"damage":0.0,"enemies":"3 Cultists","floor":31.0,"turns":3.0},{"damage":10.0,"enemies":"Shelled Parasite and Fungi","floor":32.0,"turns":3.0},{"damage":0.0,"enemies":"WA_ARCHETYPE_CALM","floor":33.0,"turns":3.0},{"damage":5,"enemies":"3 Darklings","floor":36,"turns":5},{"damage":32,"enemies":"3 Shapes","floor":37,"turns":3},{"damage":41,"enemies":"3 Darklings","floor":43,"turns":6},{"damage":0,"enemies":"Spire Growth","floor":45,"turns":4},{"damage":0,"enemies":"Maw","floor":48,"turns":4},{"damage":16,"enemies":"3 Darklings","floor":49,"turns":5},{"damage":0,"enemies":"IC_BLOCK_ARCHETYPE","floor":50,"turns":5}],"seed_played":"-3866742116357626830","potions_obtained":[{"floor":5.0,"key":"ColorlessPotion"},{"floor":9.0,"key":"Dexterity Potion"},{"floor":16.0,"key":"Strength Potion"},{"floor":19.0,"key":"Explosive Potion"},{"floor":20.0,"key":"sneckomod:DiceRollPotion"},{"floor":23.0,"key":"EssenceOfSteel"},{"floor":32.0,"key":"DistilledChaos"},{"floor":43,"key":"sneckomod:MuddlingPotion"},{"floor":45,"key":"ColorlessPotion"},{"floor":48,"key":"Languid Potion"}],"is_trial":false,"path_per_floor":["R","M","?","M","M","R","T","?","M","R","M","R","M","?","M","B",null,"R","M","M","AVR","?","M","T","?","?","E","$","R","M","M","M","B",null,"R","M","M","?","?","R","T","T","M","?","M","?","R","M","M","B",null],"character_chosen":"THE_SNECKO","items_purchased":["HandDrill","Swift Potion"],"campfire_rested":3,"item_purchase_floors":[28,28],"current_hp_per_floor":[81,81,81,81,75,75,75,75,78,78,79,79,76,76,70,48,80,90,84,66,66,66,52,52,52,44,45,36,74,78,82,75,87,135,135,139,111,111,101,150,150,150,111,91,94,111,161,164,161,178],"gold":364,"neow_bonus":"UPGRADE_CARD","is_daily":false,"chose_seed":false,"campfire_upgraded":4,"win_rate":0.0,"timestamp":1613281587,"path_taken":["R","M","?","M","M","R","T","?","M","R","M","R","M","?","M","BOSS","R","M","M","AVR","?","M","T","?","?","E","$","R","?","M","M","BOSS","R","M","M","?","?","R","T","?","M","?","M","?","R","?","M","BOSS"],"items_purchased_type":["Relic","Potion"],"build_version":"2020-12-22","purchased_purges":0,"victory":true,"max_hp_per_floor":[90,90,90,90,90,90,90,90,90,90,90,90,90,90,90,90,90,100,100,100,100,100,105,105,105,105,121,128,128,132,136,139,151,151,151,160,164,164,164,164,164,164,166,166,169,169,169,172,175,182],"card_choices":[{"not_picked":["sneckomod:Unknown0Cost","sneckomod:UnknownClassDEFAULT_GRAY_COLOR"],"picked":"sneckomod:DefensiveFlair","floor":2.0},{"not_picked":["sneckomod:UnknownClassTHE_CHAMP_GRAY","sneckomod:SlitherStrike"],"picked":"sneckomod:UnknownClassRED","floor":4.0},{"not_picked":["sneckomod:UnknownClassJESTER_ORANGE","sneckomod:UnknownClassCHRONO_GOLD"],"picked":"sneckomod:UnknownClassDEFAULT_GRAY_COLOR","floor":5.0},{"not_picked":["sneckomod:UnknownClassTHE_CHAMP_GRAY","sneckomod:UnknownClassJESTER_ORANGE"],"picked":"Perfected Strike","floor":9.0},{"not_picked":["sneckomod:DiceBoulder","sneckomod:UnknownClassRUNESMITH_BEIGE"],"picked":"sneckomod:ImprovisedAttack","floor":11.0},{"not_picked":["Burning Pact","sneckomod:UnknownWeak"],"picked":"White Noise","floor":13.0},{"not_picked":["sneckomod:Unknown0Cost","sneckomod:SerpentMind"],"picked":"Distraction","floor":15.0},{"not_picked":["sneckomod:SoulExchange","sneckomod:UnknownRarePower"],"picked":"sneckomod:UnknownBoss","floor":16.0},{"not_picked":["sneckomod:MixItUp","sneckomod:Nope"],"picked":"sneckomod:DiceCrush+1","floor":19.0},{"not_picked":["sneckomod:UnknownClassHEXA_GHOST_PURPLE","sneckomod:UnknownCommonSkill"],"picked":"sneckomod:UnknownClassSLIMEBOUND","floor":20.0},{"not_picked":["sneckomod:TrashToTreasure","sneckomod:Mudshield"],"picked":"sneckomod:UnknownClassTHE_CURSED_PURPLE","floor":23.0},{"not_picked":["sneckomod:PureSnecko","sneckomod:SoulDraw"],"picked":"sneckomod:UnknownDexterity","floor":27.0},{"not_picked":["sneckomod:TrashToTreasure","sneckomod:Unknown0Cost"],"picked":"sneckomod:UnknownBlock","floor":28.0},{"not_picked":["sneckomod:UnlimitedRolls","sneckomod:DiceCrush+1"],"picked":"sneckomod:QuickMove","floor":30.0},{"not_picked":["sneckomod:DiceBlock","sneckomod:IronFang"],"picked":"sneckomod:RainOfDice+1","floor":31.0},{"not_picked":["sneckomod:SnekBeam","sneckomod:RainOfDice"],"picked":"sneckomod:UnknownClassCHRONO_GOLD+1","floor":32.0},{"not_picked":["sneckomod:DangerNoodle","sneckomod:UnknownRareSkill"],"picked":"sneckomod:UnknownRareAttack","floor":33.0},{"not_picked":["sneckomod:UnknownClassWORDO_MOD_COLOR+1","Auto Shields","ReplayTheSpireMod:System Scan"],"picked":"Self Repair+1","floor":36},{"not_picked":["sneckomod:DiceBoulder+1","Gash+1","Turbo"],"picked":"Go for the Eyes","floor":37},{"not_picked":["infinitespire:SealOfDarkness+","infinitespire:Fortify"],"picked":"ReplayTheSpireMod:Chaos Vortex","floor":38},{"not_picked":["expansioncontent:GuardianWhirl","expansioncontent:Chronoboost"],"picked":"Replay:SS_hec_1","floor":39},{"not_picked":["expansioncontent:Hexaburn","expansioncontent:GuardianWhirl"],"picked":"expansioncontent:AwakenDeath","floor":39},{"not_picked":["expansioncontent:YouAreMine","Replay:SS_hec_1"],"picked":"Replay:SS_forest_2","floor":39},{"not_picked":["sneckomod:DiceBlock+1","ReplayTheSpireMod:Omega Cannon","Coolheaded"],"picked":"sneckomod:UnknownStrike+1","floor":43},{"not_picked":["sneckomod:UnknownClassBLESSING","sneckomod:UnknownCommonAttack+1","FTL+1"],"picked":"Redo+1","floor":45},{"not_picked":["sneckomod:DiceBlock+1","Coolheaded+1","sneckomod:UnknownClassGUARDIAN"],"picked":"aspiration:Polymerization","floor":48},{"not_picked":["sneckomod:UnknownClassHEXA_GHOST_PURPLE+1","sneckomod:Unknown0Cost+1","sneckomod:DiceBlock"],"picked":"BasicCrystalCard+1","floor":49}],"player_experience":643604,"relics_obtained":[{"floor":14.0,"key":"aspiration:FrozenJewel"},{"floor":17.0,"key":"Potion Belt"},{"floor":17.0,"key":"StrikeDummy"},{"floor":17.0,"key":"Replay:Towering Pillar of Hats"},{"floor":18.0,"key":"Turnip"},{"floor":22.0,"key":"Ring of Fury"},{"floor":22.0,"key":"ReplayTheSpireMod:Ring of Collecting"},{"floor":24.0,"key":"aspiration:ChemicalBlood"},{"floor":27.0,"key":"Gambling Chip"},{"floor":42,"key":"Frozen Egg 2"},{"floor":44,"key":"StuffTheSpire:GreaterSneckoEye"}],"event_choices":[],"is_beta":false,"boss_relics":[{"not_picked":["SlaversCollar","energizedSpire:CursedPentagram"],"picked":"Calling Bell"},{"not_picked":["sneckomod:SneckoTalon","hubris:BlackHole"],"picked":"aspiration:DefectSkillbook"}],"items_purged_floors":[],"is_endless":false,"potions_floor_spawned":[5,9,16,19,20,23,32,43,45,48],"ascension_level":6}}