{"host":"0kwl2uefibxd2nsv","time":1613324196,"event":{"mods":["Act Like it!","Aspiration","BaseMod","Better Note","BetterRewards","DeckTracker","Googly Eyes","Hubris","Jedi Mod","Minty Spire (QoL Compilation)","Reliquary","Shop Mod","StS++","StSLib"],"gold_per_floor":[117,117,42,55,75,100,100,100,100,123,123,69,93,129,129,259,259,272,295,68,68,81,81,81,81,131,205,249,33,64,98,98,228,228,253,272,331,331,349,380,100,135,162,225,225,261,160,181,181,181],"floor_reached":51,"language":"ENG","playtime":1676,"items_purged":["Strike_G","Strike_G","Strike_G","Defend_G"],"score":1896,"play_id":"0b084bc1-22c0-4a21-9a66-465360a54be4","local_time":"20210214183636","is_ascension_mode":true,"campfire_choices":[{"data":"hubris:EnhanceAbility","floor":7.0,"key":"SMITH"},{"floor":15.0,"key":"REST"},{"data":"Panache","floor":23,"key":"SMITH"},{"data":"Cloak And Dagger","floor":25,"key":"SMITH"},{"data":"After Image","floor":45,"key":"SMITH"},{"data":"Blade Dance","floor":49,"key":"SMITH"}],"circlet_count":0,"master_deck":["AscendersBane","Strike_G","Defend_G","Defend_G","Defend_G","Survivor","Neutralize","hubris:EnhanceAbility+1","Panache+1","Blade Dance","Infinite Blades","Endless Agony","Cloak And Dagger+1","Deflect","Blade Dance+1","Storm of Steel","Backflip","Swift Strike","Infinite Blades","After Image+1","Blur+1","Blade Dance","Blade Dance+1","Deflect","Blur+1"],"relics":["Ring of the Snake","Mango","hubris:Icosahedron","WingedGreaves","Golden Idol","jedi:bottledfury","Odd Mushroom","hubris:VirtuousBlindfold","Medical Kit","Anchor","Singing Bowl","Ornamental Fan","Membership Card","Pantograph","StSpp:BrokenTotem","hubris:Stopwatch","hubris:CuriousFeather","Matryoshka","aspiration:HummingbirdHeart","OrangePellets","reliquary:SilkGlove","jedi:arcanewood","jedi:cryingmask","hubris:64BitClover","hubris:BundleOfHerbs"],"acts_visited":["Exordium","TheCity","TheBeyond"],"potions_floor_usage":[16,30,40,46,50,50,50],"damage_taken":[{"damage":0.0,"enemies":"Small Slimes","floor":1.0,"turns":5.0},{"damage":3.0,"enemies":"Jaw Worm","floor":4.0,"turns":5.0},{"damage":1.0,"enemies":"Cultist","floor":5.0,"turns":3.0},{"damage":0.0,"enemies":"3 Sentries","floor":6.0,"turns":4.0},{"damage":0.0,"enemies":"3 Louse","floor":10.0,"turns":2.0},{"damage":0.0,"enemies":"2 Fungi Beasts","floor":13.0,"turns":2.0},{"damage":0.0,"enemies":"The Mushroom Lair","floor":14.0,"turns":4.0},{"damage":0,"enemies":"Slime Boss","floor":16,"turns":5},{"damage":1,"enemies":"Spheric Guardian","floor":18,"turns":3},{"damage":0,"enemies":"3 Byrds","floor":19,"turns":3},{"damage":12,"enemies":"Sentry and Sphere","floor":22,"turns":4},{"damage":0,"enemies":"Gremlin Leader","floor":28,"turns":4},{"damage":1,"enemies":"Slavers","floor":30,"turns":3},{"damage":4,"enemies":"Book of Stabbing","floor":31,"turns":5},{"damage":22,"enemies":"Automaton","floor":33,"turns":8},{"damage":0,"enemies":"3 Darklings","floor":35,"turns":3},{"damage":0,"enemies":"Orb Walker","floor":36,"turns":3},{"damage":17,"enemies":"2 Orb Walkers","floor":37,"turns":5},{"damage":0,"enemies":"Jaw Worm Horde","floor":39,"turns":2},{"damage":16,"enemies":"Nemesis","floor":40,"turns":7},{"damage":0,"enemies":"Reptomancer","floor":42,"turns":5},{"damage":2,"enemies":"Mind Bloom Boss Battle","floor":44,"turns":5},{"damage":4,"enemies":"Giant Head","floor":46,"turns":6},{"damage":0,"enemies":"Spire Growth","floor":48,"turns":3},{"damage":0,"enemies":"hubris:GrandSnecko","floor":50,"turns":7}],"seed_played":"3569105636789250791","potions_obtained":[{"floor":1.0,"key":"SneckoOil"},{"floor":4.0,"key":"Swift Potion"},{"floor":10.0,"key":"Weak Potion"},{"floor":13.0,"key":"SteroidPotion"},{"floor":16,"key":"GamblersBrew"},{"floor":18,"key":"Ancient Potion"},{"floor":31,"key":"Dexterity Potion"},{"floor":37,"key":"Block Potion"},{"floor":40,"key":"Explosive Potion"},{"floor":48,"key":"FearPotion"}],"is_trial":false,"path_per_floor":["M","?","$","M","M","E","R","?","T","M","?","$","M","?","R","B",null,"M","M","$","?","M","R","?","R","T","T","E","$","E","E","R","B",null,"M","M","?","?","M","E","$","E","T","?","R","E","$","M","R","B",null],"character_chosen":"THE_SILENT","items_purchased":["hubris:EnhanceAbility","Panache","Fruit Juice","Mango","Infinite Blades","Deflect","Medical Kit","Membership Card","Infinite Blades","Blade Dance","aspiration:HummingbirdHeart","OrangePellets","SteroidPotion"],"campfire_rested":1,"item_purchase_floors":[0,0,0,0,3,12,20,29,29,41,41,41,47],"current_hp_per_floor":[48,48,48,45,44,44,44,23,23,23,23,23,23,23,54,54,80,79,79,79,79,67,67,67,67,67,67,69,69,70,68,68,71,89,91,91,76,76,78,64,64,66,66,89,89,85,85,85,85,105],"gold":181,"neow_bonus":"","is_daily":false,"chose_seed":false,"campfire_upgraded":5,"win_rate":0.0,"timestamp":1613324196,"path_taken":["M","?","?","M","M","E","R","?","T","M","?","$","?","?","R","BOSS","M","M","$","?","M","R","?","R","T","?","E","?","E","E","R","BOSS","M","M","?","?","?","E","$","E","T","?","R","E","$","?","R","BOSS"],"items_purchased_type":["Card","Card","Potion","Relic","Card","Card","Relic","Relic","Card","Card","Relic","Relic","Potion"],"build_version":"2020-12-22","purchased_purges":4,"victory":true,"max_hp_per_floor":[84,84,84,84,84,84,84,84,84,84,84,84,84,84,89,89,89,89,89,89,89,89,89,89,89,89,89,91,91,93,95,95,95,95,97,97,99,99,101,103,103,105,105,105,105,105,105,105,105,105],"card_choices":[{"not_picked":["hubris:TrickCloak","Flying Knee"],"picked":"Blade Dance","floor":1.0},{"not_picked":["Slice","Poisoned Stab","Acrobatics"],"picked":"SKIP","floor":4.0},{"not_picked":["Backstab","Crippling Poison"],"picked":"Endless Agony","floor":5.0},{"not_picked":["Riddle With Holes","Slice"],"picked":"Cloak And Dagger","floor":6.0},{"not_picked":["hubris:TrickCloak","StSpp:PoisonousPunch","Poisoned Stab"],"picked":"SKIP","floor":10.0},{"not_picked":["Flying Knee","StSpp:SpareBlade","StSpp:StrikeFirst"],"picked":"SKIP","floor":13.0},{"not_picked":["Terror","Outmaneuver"],"picked":"Blade Dance","floor":14.0},{"not_picked":["jedi:studypoison","StSpp:SwitchWeapon"],"picked":"Storm of Steel","floor":16},{"not_picked":["Caltrops","Prepared","Acrobatics"],"picked":"SKIP","floor":18},{"not_picked":["Flying Knee","PiercingWail"],"picked":"Backflip","floor":19},{"not_picked":["Deadly Poison","StSpp:Dive","Acrobatics"],"picked":"SKIP","floor":22},{"not_picked":["Glass Knife","Acrobatics","jedi:unstablefumes"],"picked":"Singing Bowl","floor":28},{"not_picked":["hubris:TrickCloak","Dodge and Roll","Heel Hook"],"picked":"Singing Bowl","floor":30},{"not_picked":["Endless Agony","Bane+1","Outmaneuver"],"picked":"Singing Bowl","floor":31},{"not_picked":["Grand Finale","Tools of the Trade"],"picked":"After Image","floor":33},{"not_picked":["jedi:collectorvenom+1","StSpp:CorrosivePoison+1","Choke"],"picked":"Singing Bowl","floor":35},{"not_picked":["Acrobatics+1","Bane"],"picked":"Blur+1","floor":36},{"not_picked":["Dagger Spray","Quick Slash","Concentrate"],"picked":"Singing Bowl","floor":37},{"not_picked":["Bane+1","Underhanded Strike+1","Dagger Throw+1"],"picked":"Singing Bowl","floor":39},{"not_picked":["Well Laid Plans+1","Flying Knee+1","Dodge and Roll+1"],"picked":"Singing Bowl","floor":40},{"not_picked":["Dagger Spray","Poisoned Stab+1","hubris:SlightOfHand"],"picked":"Singing Bowl","floor":42},{"not_picked":["Eviscerate","Slice+1"],"picked":"Blade Dance+1","floor":44},{"not_picked":["Flying Knee+1","jedi:unstablefumes"],"picked":"Deflect","floor":46},{"not_picked":["StSpp:Lure","Choke+1"],"picked":"Blur+1","floor":48}],"player_experience":2040731,"relics_obtained":[{"floor":6.0,"key":"WingedGreaves"},{"floor":9.0,"key":"jedi:bottledfury"},{"floor":14.0,"key":"Odd Mushroom"},{"floor":26,"key":"Anchor"},{"floor":27,"key":"Singing Bowl"},{"floor":28,"key":"Ornamental Fan"},{"floor":30,"key":"Pantograph"},{"floor":31,"key":"StSpp:BrokenTotem"},{"floor":37,"key":"hubris:CuriousFeather"},{"floor":40,"key":"Matryoshka"},{"floor":42,"key":"reliquary:SilkGlove"},{"floor":43,"key":"jedi:arcanewood"},{"floor":43,"key":"jedi:cryingmask"},{"floor":44,"key":"hubris:64BitClover"},{"floor":46,"key":"hubris:BundleOfHerbs"}],"event_choices":[{"damage_healed":0.0,"max_hp_gain":0.0,"max_hp_loss":0.0,"gold_gain":0.0,"event_name":"Golden Idol","player_choice":"Take Damage","floor":8.0,"gold_loss":0.0,"damage_taken":21.0,"relics_obtained":["Golden Idol"]},{"cards_removed":["Strike_G"],"damage_healed":0.0,"max_hp_gain":0.0,"max_hp_loss":0.0,"gold_gain":0.0,"event_name":"Living Wall","player_choice":"Forget","floor":11.0,"gold_loss":0.0,"damage_taken":0.0},{"damage_healed":0.0,"max_hp_gain":0.0,"max_hp_loss":0.0,"gold_gain":0.0,"event_name":"Mushrooms","player_choice":"Fought Mushrooms","floor":14.0,"gold_loss":0.0,"damage_taken":0.0},{"cards_removed":["hubris:EnhanceAbility"],"damage_healed":0,"gold_gain":0,"player_choice":"Take \u0026 Give","damage_taken":0,"max_hp_gain":0,"max_hp_loss":0,"event_name":"betterNote:BetterNote","floor":21,"gold_loss":0,"cards_obtained":["Swift Strike"]},{"damage_healed":0,"gold_gain":0,"player_choice":"Ignored","damage_taken":0,"max_hp_gain":0,"max_hp_loss":0,"event_name":"Ghosts","floor":24,"gold_loss":0},{"damage_healed":0,"gold_gain":0,"player_choice":"Fight","damage_taken":0,"max_hp_gain":0,"max_hp_loss":0,"event_name":"Mysterious Sphere","floor":37,"gold_loss":0},{"cards_removed":["Defend_G"],"damage_healed":0,"gold_gain":0,"player_choice":"Offered Basic","damage_taken":0,"max_hp_gain":0,"max_hp_loss":0,"event_name":"Bonfire Elementals","floor":38,"gold_loss":0},{"damage_healed":0,"gold_gain":0,"player_choice":"Fight","damage_taken":0,"max_hp_gain":0,"max_hp_loss":0,"event_name":"MindBloom","floor":44,"gold_loss":0}],"is_beta":false,"boss_relics":[{"not_picked":["reliquary:KinkedSpring","hubris:HollowSoul"],"picked":"hubris:VirtuousBlindfold"},{"not_picked":["hubris:BlackHole","aspiration:RitualDagger"],"picked":"hubris:Stopwatch"}],"items_purged_floors":[20,29,41,47],"is_endless":false,"potions_floor_spawned":[1,4,10,13,16,18,22,31,37,39,40,48],"ascension_level":10}}