{"host":"u0qetpmu4y58k1tf","time":1613271388,"event":{"mods":["100% Spire Juice","AchievementEnabler","Act Like it!","BaseMod","CapriCore","Colored Map","Colored Powertips","Hermit","Koishi","Marisa£¨Ùöéë¡¡Øª×âÞÞ£©","Minty Spire (QoL Compilation)","Quick Restart","Reliquary","Replay The Spire","StSLib","Td1madao Mod","The Bug Knight","The Cursed","The Dragon Tamer","The Gatherer","The Hierophant","The Immortal","The Jungle","The Runesmith","WarShipGirlsR/??á´Ò³R mod"],"gold_per_floor":[369,369,369,380,128,128,128,149,149,189,189,189,209,278,278,278,278],"floor_reached":16,"language":"KOR","playtime":446,"items_purged":["rmod:defend"],"score":129,"play_id":"050f3787-0ae8-4a18-bab4-3efdacd72074","local_time":"20210214115628","is_ascension_mode":true,"campfire_choices":[{"data":"rmod:maingunfire","floor":6.0,"key":"SMITH"},{"data":"rmod:sl","floor":12,"key":"SMITH"},{"data":"rmod:royalracing","floor":15,"key":"SMITH"}],"circlet_count":0,"master_deck":["rmod:strick","rmod:strick","rmod:strick","rmod:defend","rmod:defend","rmod:defend","rmod:basicallowance","rmod:maingunfire+1","rmod:aluminumsupply+1","rmod:sl+1","Regret","rmod:royalracing+1"],"relics":["rmod:firstchargereward","Iron Hammer","TheAbacus","Golden Idol","Molten Egg 2","reliquary:WeakTea","Replay:Towering Pillar of Hats"],"acts_visited":["Exordium"],"potions_floor_usage":[10,10,16],"damage_taken":[{"damage":5.0,"enemies":"Jaw Worm","floor":1.0,"turns":3.0},{"damage":0.0,"enemies":"Small Slimes","floor":4.0,"turns":4.0},{"damage":0.0,"enemies":"Cultist","floor":8.0,"turns":3.0},{"damage":0,"enemies":"Gremlin Nob","floor":10,"turns":3},{"damage":8,"enemies":"Large Slime","floor":13,"turns":4},{"damage":30,"enemies":"Fading Forest","floor":16,"turns":7}],"seed_played":"5911907236177711173","potions_obtained":[{"floor":1.0,"key":"BlessingOfTheForge"},{"floor":8.0,"key":"SteroidPotion"},{"floor":10,"key":"Fire Potion"}],"is_trial":false,"path_per_floor":["M","?","?","M","$","R","?","M","T","E","?","R","M","T","R","B"],"character_chosen":"PRAEFECT","items_purchased":["rmod:aluminumsupply+1","TheAbacus"],"campfire_rested":0,"item_purchase_floors":[5,5],"current_hp_per_floor":[49,46,46,46,46,46,28,28,28,28,28,28,20,20,20,0,0],"gold":278,"neow_bonus":"TWO_FIFTY_GOLD","is_daily":false,"chose_seed":false,"campfire_upgraded":3,"win_rate":0.0,"timestamp":1613271388,"path_taken":["M","?","?","?","$","R","?","M","T","E","?","R","M","?","R","BOSS"],"items_purchased_type":["Card","Relic"],"build_version":"2020-12-22","purchased_purges":1,"victory":false,"max_hp_per_floor":[75,75,75,75,75,75,75,75,75,75,75,75,75,75,75,75,75],"card_choices":[{"not_picked":["rmod:ring","rmod:generalist","rmod:highspeedshooting"],"picked":"SKIP","floor":1.0},{"not_picked":["rmod:rockthrower","rmod:unsinkable","rmod:firesupport"],"picked":"SKIP","floor":4.0},{"not_picked":["rmod:combined","rmod:circuitoustactics"],"picked":"rmod:sl","floor":8.0},{"not_picked":["rmod:firesupport+1","rmod:wolves+1","rmod:luckystar+1"],"picked":"SKIP","floor":10},{"not_picked":["rmod:victimresponsibility","rmod:intelligenceanalysis+1"],"picked":"rmod:royalracing","floor":13}],"player_experience":137585,"relics_obtained":[{"floor":9.0,"key":"Molten Egg 2"},{"floor":10,"key":"reliquary:WeakTea"}],"event_choices":[{"damage_healed":0.0,"max_hp_gain":0.0,"max_hp_loss":0.0,"gold_gain":0.0,"event_name":"Scrap Ooze","player_choice":"Success","floor":2.0,"gold_loss":0.0,"damage_taken":3.0,"relics_obtained":["Iron Hammer"]},{"cards_removed":["rmod:strick"],"damage_healed":0.0,"max_hp_gain":0.0,"max_hp_loss":0.0,"gold_gain":0.0,"event_name":"Bonfire Elementals","player_choice":"Offered Basic","floor":3.0,"gold_loss":0.0,"damage_taken":0.0},{"damage_healed":0.0,"max_hp_gain":0.0,"max_hp_loss":0.0,"gold_gain":0.0,"event_name":"Golden Idol","player_choice":"Take Damage","floor":7.0,"gold_loss":0.0,"damage_taken":18.0,"relics_obtained":["Golden Idol"]},{"damage_healed":0,"gold_gain":0,"player_choice":"Box","damage_taken":0,"relics_obtained":["Replay:Towering Pillar of Hats"],"max_hp_gain":0,"max_hp_loss":0,"event_name":"Big Fish","floor":11,"gold_loss":0,"cards_obtained":["Regret"]}],"is_beta":false,"boss_relics":[],"items_purged_floors":[5],"is_endless":false,"potions_floor_spawned":[1,8,10],"killed_by":"Fading Forest","ascension_level":1}}