{"host":"3e3mwsgb9gfqiuxm","time":1613338309,"event":{"mods":["Act Like it!","BaseMod","Colored Map","Colored Powertips","Downfall","Gensokyo","Googly Eyes","Hermit","Hubris","Infinite Spire","Jorbs\u0027s Wanderer Trilogy","Koishi","Marisa????????","Minty Spire (QoL Compilation)","Quick Restart","Rare Cards Sparkle","Reimu??????","Remilia??????","Replay The Spire","Shop Mod","StSLib","SuperFastMode","Td1madao Mod","The Animator","The Bug Knight","The Cursed","The Hierophant","The Servant 0.9.4","everything is the same but u backflip on backflip","slay the spire mod where everything is the same but ironclad has a cowboy hat"],"gold_per_floor":[117,1,20,20,34,68,68,83,83,83,293,375,375,375,375,930,930,940,964,1055,313,368,368,368],"floor_reached":23,"language":"ENG","playtime":762,"items_purged":["Strike_MRS"],"score":323,"play_id":"a854ff29-fa04-41a8-ab60-8801feb99cbc","local_time":"20210214163149","is_ascension_mode":true,"campfire_choices":[{"data":"MagicChant","floor":7.0,"key":"SMITH"},{"data":"Robbery","floor":13.0,"key":"SMITH"},{"floor":15.0,"key":"DIG"}],"circlet_count":0,"master_deck":["Strike_MRS","Strike_MRS","Strike_MRS","Defend_MRS","Defend_MRS","Defend_MRS","Defend_MRS","UpSweep","OneTimeOff","EnergyFlow","EnergyRecoil","MagicChant+1","Robbery+1","ChargingUp","MasterSpark","BinaryStars","EnergyRecoil","GalacticHalo","MagicAbsorber","Secret Technique","Orbital+1"],"relics":["MiniHakkero","NeowsBlessing","Chameleon Ring","Potion Belt","Happy Flower","ReplayTheSpireMod:Lightbulb","hubris:Potato","Replay:Bronze Core","Anchor","Chemical X","Replay:Bottled Snecko","Frozen Eye"],"acts_visited":["Gensokyo:Gensokyo","Gensokyo:Gensokyoer"],"potions_floor_usage":[23,23],"damage_taken":[{"damage":0.0,"enemies":"Gensokyo:2_Kodama","floor":1.0,"turns":1.0},{"damage":0.0,"enemies":"Gensokyo:Gryphon","floor":3.0,"turns":1.0},{"damage":0.0,"enemies":"Gensokyo:Python","floor":5.0,"turns":1.0},{"damage":14.0,"enemies":"Gensokyo:Aya","floor":6.0,"turns":4.0},{"damage":6.0,"enemies":"Gensokyo:Kitsune","floor":8.0,"turns":4.0},{"damage":9.0,"enemies":"Gensokyo:Mamizou","floor":11.0,"turns":9.0},{"damage":5.0,"enemies":"Gensokyo:CorruptedTreant","floor":12.0,"turns":6.0},{"damage":18.0,"enemies":"Gensokyo:Kokoro","floor":16.0,"turns":11.0},{"damage":14.0,"enemies":"Gensokyo:2_Gloops","floor":18.0,"turns":8.0},{"damage":12.0,"enemies":"Gensokyo:Chomper","floor":20.0,"turns":4.0},{"damage":17.0,"enemies":"Gensokyo:Slime_Group","floor":22.0,"turns":6.0},{"damage":22,"enemies":"Gensokyo:Koishi","floor":23,"turns":4}],"seed_played":"-3078700531120419786","potions_obtained":[{"floor":1.0,"key":"Guardian:BlockOnCardUsePotion"},{"floor":5.0,"key":"Dexterity Potion"},{"floor":11.0,"key":"sneckomod:MuddlingPotion"},{"floor":18.0,"key":"BlessingOfTheForge"}],"is_trial":false,"path_per_floor":["M","$","M","COS","M","E","R","M","T","?","E","M","R","?","R_BF","B",null,"M","T","M","$","M","E"],"character_chosen":"MARISA","items_purchased":["EnergyFlow","EnergyRecoil","GalacticHalo","Chemical X","Replay:Bottled Snecko","MagicAbsorber","Secret Technique"],"campfire_rested":0,"item_purchase_floors":[2,2,21,21,21,21,21],"current_hp_per_floor":[68,68,68,68,68,54,54,48,48,48,39,34,34,34,34,16,60,46,46,34,34,17,0,0],"gold":368,"neow_bonus":"THREE_ENEMY_KILL","is_daily":false,"chose_seed":false,"campfire_upgraded":2,"win_rate":0.0,"timestamp":1613338309,"path_taken":["M","$","M","COS","?","E","R","M","T","?","E","M","R","?","R_BF","BOSS","M","?","M","$","M","E"],"items_purchased_type":["Card","Card","Card","Relic","Relic","Card","Card"],"build_version":"2020-12-22","purchased_purges":1,"victory":false,"max_hp_per_floor":[75,75,75,75,75,75,75,75,75,75,75,75,75,75,75,75,75,75,75,75,75,75,75,75],"card_choices":[{"not_picked":["GrandCross","PropBag"],"picked":"OneTimeOff","floor":1.0},{"not_picked":["6A","NonDirectionalLaser"],"picked":"MagicChant","floor":3.0},{"not_picked":["BlazeAway","GrandCross","PowerUp"],"picked":"SKIP","floor":5.0},{"not_picked":["OrrerysSun","DoubleSpark","ChargeUpSpray"],"picked":"SKIP","floor":6.0},{"not_picked":["DarkMatter","StarlightTyphoon"],"picked":"Robbery","floor":8.0},{"not_picked":["MilkyWay","PropBag"],"picked":"ChargingUp","floor":11.0},{"not_picked":["PulseMagic","ShootingEcho","DoubleSpark"],"picked":"SKIP","floor":12.0},{"not_picked":["MaximisePower","ManaRampage"],"picked":"BinaryStars","floor":16.0},{"not_picked":["FairyDestructionRay","LuminesStrike","Acceleration"],"picked":"SKIP","floor":18.0},{"not_picked":["DoubleSpark","MysteriousBeam+1"],"picked":"EnergyRecoil","floor":20.0},{"not_picked":["Occultation+1","EventHorizon+1"],"picked":"Orbital+1","floor":22.0}],"player_experience":1402179,"relics_obtained":[{"floor":6.0,"key":"Chameleon Ring"},{"floor":9.0,"key":"Potion Belt"},{"floor":11.0,"key":"ReplayTheSpireMod:Lightbulb"},{"floor":15.0,"key":"hubris:Potato"},{"floor":19.0,"key":"Anchor"}],"event_choices":[],"is_beta":false,"boss_relics":[{"not_picked":["Empty Cage","hubris:ScarierMask"],"picked":"Replay:Bronze Core"}],"items_purged_floors":[21],"is_endless":false,"potions_floor_spawned":[1,5,11,18],"killed_by":"Gensokyo:Koishi","ascension_level":7}}