{"host":"oigynbtg272c19pw","time":1613318557,"event":{"mods":["BaseMod","Colored Map","Minty Spire (QoL Compilation)","Relic Stats","Slay the Relics Exporter","StSLib"],"gold_per_floor":[109,109,34,0,0,0,34,34,34,54,82,82,105,29,29,100,100,124,133,151,170,170,170],"floor_reached":22,"playtime":730,"items_purged":[],"score":434,"play_id":"43224c82-343c-4a3c-a03f-e607d30b6263","local_time":"20210214170237","is_ascension_mode":true,"campfire_choices":[{"data":"Adaptation","floor":6.0,"key":"SMITH"},{"floor":12.0,"key":"REST"},{"data":"Eruption","floor":15.0,"key":"SMITH"}],"circlet_count":0,"master_deck":["AscendersBane","Strike_P","Strike_P","Defend_P","Defend_P","Defend_P","Defend_P","Eruption+1","Vigilance","FearNoEvil","Adaptation+1","InnerPeace","Meditate","Tantrum","FlurryOfBlows+1","Adaptation+1"],"relics":["PureWater","NeowsBlessing","CeramicFish","Bag of Marbles","Nunchaku","Damaru","Fusion Hammer"],"acts_visited":["Exordium","TheCity"],"potions_floor_usage":[20,21],"damage_taken":[{"damage":0.0,"enemies":"2 Louse","floor":1.0,"turns":1.0},{"damage":0.0,"enemies":"Gremlin Nob","floor":7.0,"turns":1.0},{"damage":0.0,"enemies":"Jaw Worm","floor":10.0,"turns":1.0},{"damage":23.0,"enemies":"Lagavulin","floor":11.0,"turns":7.0},{"damage":2.0,"enemies":"Small Slimes","floor":13.0,"turns":4.0},{"damage":8.0,"enemies":"Hexaghost","floor":16.0,"turns":6.0},{"damage":16,"enemies":"Shell Parasite","floor":18,"turns":2},{"damage":16,"enemies":"3 Byrds","floor":20,"turns":4},{"damage":13,"enemies":"Centurion and Healer","floor":21,"turns":5},{"damage":19,"enemies":"Sentry and Sphere","floor":22,"turns":3}],"seed_played":"-7677892016948576773","potions_obtained":[{"floor":11.0,"key":"Fruit Juice"},{"floor":13.0,"key":"SkillPotion"},{"floor":18,"key":"Dexterity Potion"}],"is_trial":false,"path_per_floor":["M","?","?","$","?","R","E","$","T","M","E","R","M","$","R","B",null,"M","?","M","M","M"],"character_chosen":"WATCHER","items_purchased":["Adaptation","Tantrum"],"campfire_rested":1,"item_purchase_floors":[4,14],"current_hp_per_floor":[61,35,35,35,28,28,28,28,28,28,5,25,23,23,23,15,55,39,39,23,15,0,0],"gold":170,"neow_bonus":"THREE_ENEMY_KILL","is_daily":false,"chose_seed":false,"campfire_upgraded":2,"win_rate":0.0,"timestamp":1613318557,"path_taken":["M","?","?","?","?","R","E","$","T","?","E","R","M","$","R","BOSS","M","?","M","?","M"],"items_purchased_type":["Card","Card"],"build_version":"2020-12-13","purchased_purges":0,"victory":false,"max_hp_per_floor":[68,68,68,68,68,68,68,68,68,68,68,68,68,68,68,68,68,68,68,68,73,73,73],"relic_stats":{"Nunchaku":[8],"counters":[10,34],"CeramicFish":54,"obtain_stats":[{"Nunchaku":9,"NeowsBlessing":0,"CeramicFish":2,"Damaru":11,"Fusion Hammer":17,"Bag of Marbles":7,"PureWater":0},{"Nunchaku":2,"NeowsBlessing":0,"CeramicFish":1,"Damaru":4,"Fusion Hammer":6,"Bag of Marbles":2,"PureWater":0},{"Nunchaku":2,"NeowsBlessing":0,"CeramicFish":1,"Damaru":10,"Fusion Hammer":20,"Bag of Marbles":2,"PureWater":0}]},"card_choices":[{"not_picked":["BowlingBash","LikeWater"],"picked":"FearNoEvil","floor":1.0},{"not_picked":["Consecrate","Scrawl"],"picked":"InnerPeace","floor":7.0},{"not_picked":["PathToVictory","ThirdEye","EmptyBody"],"picked":"SKIP","floor":10.0},{"not_picked":["WindmillStrike","BattleHymn","Crescendo"],"picked":"SKIP","floor":11.0},{"not_picked":["Crescendo","Halt"],"picked":"Meditate","floor":13.0},{"not_picked":["FlyingSleeves","FollowUp"],"picked":"FlurryOfBlows+1","floor":18},{"not_picked":["Perseverance","ClearTheMind","FlyingSleeves"],"picked":"SKIP","floor":20},{"not_picked":["BowlingBash","Worship","Collect"],"picked":"SKIP","floor":21}],"player_experience":1606522,"relics_obtained":[{"floor":7.0,"key":"Bag of Marbles"},{"floor":9.0,"key":"Nunchaku"},{"floor":11.0,"key":"Damaru"}],"event_choices":[{"damage_healed":0.0,"max_hp_gain":0.0,"max_hp_loss":0.0,"gold_gain":0.0,"event_name":"Scrap Ooze","player_choice":"Success","floor":2.0,"gold_loss":0.0,"damage_taken":26.0,"relics_obtained":["CeramicFish"]},{"cards_removed":["Strike_P"],"damage_healed":0.0,"max_hp_gain":0.0,"max_hp_loss":0.0,"gold_gain":0.0,"event_name":"The Cleric","player_choice":"Card Removal","floor":3.0,"gold_loss":75.0,"damage_taken":0.0},{"cards_removed":["Strike_P"],"damage_healed":0.0,"max_hp_gain":0.0,"max_hp_loss":0.0,"gold_gain":0.0,"event_name":"Golden Wing","player_choice":"Card Removal","floor":5.0,"gold_loss":0.0,"damage_taken":7.0},{"damage_healed":0,"gold_gain":0,"player_choice":"Copied","damage_taken":0,"max_hp_gain":0,"max_hp_loss":0,"event_name":"Duplicator","floor":19,"gold_loss":0,"cards_obtained":["Adaptation"]}],"is_beta":false,"boss_relics":[{"not_picked":["Tiny House","Runic Dome"],"picked":"Fusion Hammer"}],"items_purged_floors":[],"is_endless":false,"potions_floor_spawned":[11,13,18],"killed_by":"Sentry and Sphere","ascension_level":20}}