{"host":"uy3vg6glkp8m6iit","time":1613274448,"event":{"mods":["AchievementEnabler","BaseMod","Colored Map","DeckTracker","Highlight Path","Keyboard Shortcuts","Minty Spire (QoL Compilation)","Quick Restart","Random Character Button","Rare Cards Sparkle","Relic Stats","StSLib","everything is the same but u backflip on backflip"],"gold_per_floor":[111,111,76,91,91,126,144,144,171,16,27,42,52,63,63,137,137,151,167,177,189,189,189,89,89,89],"floor_reached":25,"language":"KOR","playtime":837,"items_purged":["Strike_G","Strike_G"],"score":464,"play_id":"ddb9e974-6ecc-4d1e-af13-24f9ef3694fd","local_time":"20210214124728","is_ascension_mode":true,"campfire_choices":[{"data":"Neutralize","floor":8.0,"key":"SMITH"},{"data":"Poisoned Stab","floor":15.0,"key":"SMITH"},{"floor":23,"key":"REST"}],"circlet_count":0,"master_deck":["AscendersBane","Strike_G","Strike_G","Strike_G","Defend_G","Defend_G","Defend_G","Defend_G","Defend_G","Survivor","Neutralize+1","Backflip","Poisoned Stab+1","Predator","PiercingWail","Dagger Throw","Underhanded Strike","Acrobatics","Reflex","Backstab","Leg Sweep","Malaise","CurseOfTheBell","Well Laid Plans","Calculated Gamble+1","Bouncing Flask+1","Crippling Poison+1","Footwork"],"relics":["Ring of the Snake","NeowsBlessing","Bronze Scales","Prayer Wheel","Nunchaku","Bag of Marbles","Calling Bell","Centennial Puzzle","Toxic Egg 2","WingedGreaves"],"acts_visited":["Exordium","TheCity"],"potions_floor_usage":[19,25,25],"damage_taken":[{"damage":0.0,"enemies":"Small Slimes","floor":1.0,"turns":1.0},{"damage":0.0,"enemies":"Jaw Worm","floor":4.0,"turns":1.0},{"damage":0.0,"enemies":"Gremlin Nob","floor":6.0,"turns":1.0},{"damage":1.0,"enemies":"Cultist","floor":7.0,"turns":3.0},{"damage":3.0,"enemies":"Gremlin Gang","floor":11.0,"turns":4.0},{"damage":7.0,"enemies":"Exordium Wildlife","floor":12.0,"turns":5.0},{"damage":0.0,"enemies":"Blue Slaver","floor":13.0,"turns":2.0},{"damage":3.0,"enemies":"Large Slime","floor":14.0,"turns":4.0},{"damage":12.0,"enemies":"Hexaghost","floor":16.0,"turns":11.0},{"damage":14,"enemies":"2 Thieves","floor":18,"turns":4},{"damage":0,"enemies":"3 Byrds","floor":19,"turns":2},{"damage":2,"enemies":"Snake Plant","floor":20,"turns":4},{"damage":27,"enemies":"Chosen and Byrds","floor":21,"turns":6},{"damage":42,"enemies":"Book of Stabbing","floor":25,"turns":5}],"seed_played":"6698840538636795494","potions_obtained":[{"floor":4.0,"key":"EntropicBrew"},{"floor":6.0,"key":"ColorlessPotion"},{"floor":7.0,"key":"Poison Potion"},{"floor":11.0,"key":"Regen Potion"},{"floor":19,"key":"SteroidPotion"}],"is_trial":false,"path_per_floor":["M","?","?","M","T","E","M","R","T","$","M","M","M","M","R","B",null,"M","M","M","M","?","R","$","E"],"character_chosen":"THE_SILENT","items_purchased":["Underhanded Strike","Acrobatics"],"campfire_rested":1,"item_purchase_floors":[10,10],"current_hp_per_floor":[59,33,49,49,49,49,48,48,48,48,45,38,38,35,35,23,55,41,50,48,21,21,40,40,0,0],"gold":89,"neow_bonus":"THREE_ENEMY_KILL","is_daily":false,"chose_seed":false,"campfire_upgraded":2,"win_rate":0.0,"timestamp":1613274448,"path_taken":["M","?","?","M","?","E","M","R","T","$","M","M","M","?","R","BOSS","M","M","?","M","?","R","$","E"],"items_purchased_type":["Card","Card"],"build_version":"2020-12-22","purchased_purges":2,"victory":false,"max_hp_per_floor":[66,66,66,66,66,66,66,66,66,66,66,66,66,66,66,66,66,66,66,66,66,66,66,66,66,66],"relic_stats":{"Nunchaku":[8],"Centennial Puzzle":[12],"counters":[14,53],"Bronze Scales":[287],"Prayer Wheel":9,"obtain_stats":[{"Calling Bell":17,"Nunchaku":6,"Centennial Puzzle":17,"NeowsBlessing":0,"Bronze Scales":2,"Prayer Wheel":5,"WingedGreaves":17,"Bag of Marbles":9,"Toxic Egg 2":17,"Ring of the Snake":0},{"Calling Bell":9,"Nunchaku":3,"Centennial Puzzle":9,"NeowsBlessing":0,"Bronze Scales":1,"Prayer Wheel":2,"WingedGreaves":9,"Bag of Marbles":4,"Toxic Egg 2":9,"Ring of the Snake":0},{"Calling Bell":32,"Nunchaku":3,"Centennial Puzzle":32,"NeowsBlessing":0,"Bronze Scales":1,"Prayer Wheel":2,"WingedGreaves":32,"Bag of Marbles":6,"Toxic Egg 2":32,"Ring of the Snake":0}],"Ring of the Snake":[28]},"card_choices":[{"not_picked":["Underhanded Strike","Prepared"],"picked":"Backflip","floor":1.0},{"not_picked":["Underhanded Strike","Deflect"],"picked":"Poisoned Stab","floor":4.0},{"not_picked":["Distraction","Well Laid Plans"],"picked":"Predator","floor":6.0},{"not_picked":["Cloak And Dagger","Outmaneuver"],"picked":"PiercingWail","floor":7.0},{"not_picked":["Terror","Blade Dance"],"picked":"Dagger Throw","floor":7.0},{"not_picked":["Quick Slash","Burst","Deflect"],"picked":"SKIP","floor":11.0},{"not_picked":["Masterful Stab","Bane","Blade Dance"],"picked":"SKIP","floor":11.0},{"not_picked":["PiercingWail","Expertise"],"picked":"Reflex","floor":12.0},{"not_picked":["Deflect","Accuracy","PiercingWail"],"picked":"SKIP","floor":12.0},{"not_picked":["Slice","Acrobatics"],"picked":"Backstab","floor":13.0},{"not_picked":["Caltrops","Blade Dance","Unload"],"picked":"SKIP","floor":13.0},{"not_picked":["Cloak And Dagger","Poisoned Stab"],"picked":"Leg Sweep","floor":14.0},{"not_picked":["Dagger Throw","Masterful Stab","Outmaneuver"],"picked":"SKIP","floor":14.0},{"not_picked":["After Image","Storm of Steel"],"picked":"Malaise","floor":16.0},{"not_picked":["Sucker Punch","Cloak And Dagger+1"],"picked":"Well Laid Plans","floor":18},{"not_picked":["Endless Agony+1","Caltrops","Quick Slash"],"picked":"SKIP","floor":18},{"not_picked":["Terror+1","Masterful Stab"],"picked":"Calculated Gamble+1","floor":19},{"not_picked":["Infinite Blades","All Out Attack+1","Flying Knee"],"picked":"SKIP","floor":19},{"not_picked":["Skewer","Leg Sweep+1"],"picked":"Bouncing Flask+1","floor":20},{"not_picked":["Blade Dance+1","Leg Sweep+1","Tools of the Trade"],"picked":"SKIP","floor":20},{"not_picked":["Dagger Throw","Dash"],"picked":"Crippling Poison+1","floor":21},{"not_picked":["Dagger Throw","Dagger Spray"],"picked":"Footwork","floor":21}],"player_experience":1521635,"relics_obtained":[{"floor":5.0,"key":"Prayer Wheel"},{"floor":6.0,"key":"Nunchaku"},{"floor":9.0,"key":"Bag of Marbles"},{"floor":17.0,"key":"Centennial Puzzle"},{"floor":17.0,"key":"Toxic Egg 2"},{"floor":17.0,"key":"WingedGreaves"}],"event_choices":[{"damage_healed":0.0,"max_hp_gain":0.0,"max_hp_loss":0.0,"gold_gain":0.0,"event_name":"Scrap Ooze","player_choice":"Success","floor":2.0,"gold_loss":0.0,"damage_taken":26.0,"relics_obtained":["Bronze Scales"]},{"damage_healed":16.0,"max_hp_gain":0.0,"max_hp_loss":0.0,"gold_gain":0.0,"event_name":"The Cleric","player_choice":"Healed","floor":3.0,"gold_loss":35.0,"damage_taken":0.0},{"damage_healed":0,"gold_gain":0,"player_choice":"Ignored","damage_taken":0,"max_hp_gain":0,"max_hp_loss":0,"event_name":"Ghosts","floor":22,"gold_loss":0}],"is_beta":false,"boss_relics":[{"not_picked":["Pandora\u0027s Box","Fusion Hammer"],"picked":"Calling Bell"}],"items_purged_floors":[10,24],"is_endless":false,"potions_floor_spawned":[4,6,7,11,18,19],"killed_by":"Book of Stabbing","ascension_level":20}}