{"host":"8dytqszkx6ijebks","time":1613287092,"event":{"mods":["AchievementEnabler","BaseMod","Colored Map","DeckTracker","Keyboard Shortcuts","Minty Spire (QoL Compilation)","Permanent Neow","SuperFastMode","everything is the same but u backflip on backflip"],"gold_per_floor":[110,121,135,135,135,167,177,212,212,231,242,111,111,128,128,224,224,236,236,253,10,27,27,27],"floor_reached":23,"language":"KOR","playtime":837,"items_purged":["Strike_B","Strike_B"],"score":226,"play_id":"8661b640-06a6-4d0f-a93a-00dbdea6b067","local_time":"20210214161812","is_ascension_mode":true,"campfire_choices":[{"floor":13,"key":"REST"},{"floor":15,"key":"REST"}],"circlet_count":0,"master_deck":["Strike_B","Defend_B","Defend_B","Defend_B","Defend_B","Zap+1","Dualcast","Biased Cognition","Ball Lightning","Coolheaded","Storm","Ball Lightning","Consume","Storm","Static Discharge","Thunder Strike","Hologram+1","Static Discharge","Capacitor"],"relics":["Cracked Core","Shuriken","Orichalcum","Smiling Mask","Nuclear Battery","Ancient Tea Set"],"acts_visited":["Exordium","TheCity"],"potions_floor_usage":[6,14,16,22,22,23],"damage_taken":[{"damage":2,"enemies":"Jaw Worm","floor":1,"turns":3},{"damage":9,"enemies":"2 Louse","floor":2,"turns":3},{"damage":1,"enemies":"Cultist","floor":3,"turns":3},{"damage":10,"enemies":"3 Sentries","floor":6,"turns":5},{"damage":7,"enemies":"Lots of Slimes","floor":7,"turns":3},{"damage":22,"enemies":"Lagavulin","floor":8,"turns":5},{"damage":7,"enemies":"2 Fungi Beasts","floor":10,"turns":2},{"damage":4,"enemies":"Red Slaver","floor":11,"turns":2},{"damage":8,"enemies":"Gremlin Gang","floor":14,"turns":3},{"damage":24,"enemies":"Hexaghost","floor":16,"turns":6},{"damage":18,"enemies":"3 Byrds","floor":18,"turns":2},{"damage":8,"enemies":"Shell Parasite","floor":20,"turns":3},{"damage":20,"enemies":"Centurion and Healer","floor":22,"turns":3},{"damage":33,"enemies":"Gremlin Leader","floor":23,"turns":4}],"seed_played":"4666466876767811662","potions_obtained":[{"floor":2,"key":"DuplicationPotion"},{"floor":7,"key":"PotionOfCapacity"},{"floor":10,"key":"Fire Potion"},{"floor":18,"key":"SpeedPotion"},{"floor":19,"key":"Fire Potion"},{"floor":19,"key":"LiquidMemories"}],"is_trial":false,"path_per_floor":["M","M","M","?","?","E","M","E","T","M","M","$","R","M","R","B",null,"M","?","M","$","M","E"],"character_chosen":"DEFECT","items_purchased":["Storm","Static Discharge","Ancient Tea Set"],"campfire_rested":2,"item_purchase_floors":[12,21,21],"current_hp_per_floor":[73,64,63,63,63,53,46,24,24,17,13,13,35,27,49,25,75,57,57,49,49,29,0,0],"gold":27,"neow_bonus":"ONE_RANDOM_RARE_CARD","is_daily":false,"chose_seed":false,"campfire_upgraded":0,"win_rate":0.0,"timestamp":1613287092,"path_taken":["M","M","M","?","?","E","?","E","T","?","M","$","R","M","R","BOSS","M","?","?","$","M","E"],"items_purchased_type":["Card","Card","Relic"],"build_version":"2020-12-22","purchased_purges":2,"victory":false,"max_hp_per_floor":[75,75,75,75,75,75,75,75,75,75,75,75,75,75,75,75,75,75,75,75,75,75,75,75],"card_choices":[{"not_picked":["Cold Snap","Stack","Undo"],"picked":"SKIP","floor":1},{"not_picked":["Redo","Leap"],"picked":"Ball Lightning","floor":2},{"not_picked":["Rebound","Conserve Battery"],"picked":"Coolheaded","floor":3},{"not_picked":["Multi-Cast","Barrage"],"picked":"Storm","floor":6},{"not_picked":["Streamline","Aggregate","Conserve Battery"],"picked":"SKIP","floor":7},{"not_picked":["Glacier","Compile Driver","Rebound"],"picked":"SKIP","floor":8},{"not_picked":["Darkness","Leap"],"picked":"Ball Lightning","floor":10},{"not_picked":["Blizzard","Rebound"],"picked":"Consume","floor":11},{"not_picked":["Streamline","Turbo"],"picked":"Static Discharge","floor":14},{"not_picked":["Seek","Fission"],"picked":"Thunder Strike","floor":16},{"not_picked":["Rip and Tear","Skim","Go for the Eyes"],"picked":"SKIP","floor":18},{"not_picked":["Tempest","Turbo"],"picked":"Hologram+1","floor":20},{"not_picked":["BootSequence","Gash"],"picked":"Capacitor","floor":22}],"player_experience":263339,"relics_obtained":[{"floor":6,"key":"Shuriken"},{"floor":8,"key":"Orichalcum"},{"floor":9,"key":"Smiling Mask"}],"event_choices":[{"cards_removed":["Strike_B"],"damage_healed":0,"gold_gain":0,"player_choice":"Forget","damage_taken":0,"max_hp_gain":0,"max_hp_loss":0,"event_name":"Living Wall","floor":4,"gold_loss":0},{"damage_healed":0,"gold_gain":0,"player_choice":"Forge","damage_taken":0,"max_hp_gain":0,"max_hp_loss":0,"event_name":"Accursed Blacksmith","floor":5,"gold_loss":0,"cards_upgraded":["Zap"]},{"damage_healed":0,"gold_gain":0,"player_choice":"Got Potions","damage_taken":0,"max_hp_gain":0,"max_hp_loss":0,"event_name":"Lab","floor":19,"gold_loss":0}],"is_beta":false,"boss_relics":[{"not_picked":["Philosopher\u0027s Stone","Velvet Choker"],"picked":"Nuclear Battery"}],"items_purged_floors":[12,21],"is_endless":false,"potions_floor_spawned":[2,7,10,18,20],"killed_by":"Gremlin Leader","ascension_level":2}}