{"host":"irc1izoeqqttpzsx","time":1613298880,"event":{"mods":["2.2 Compatiblity","Aspiration","BaseMod","Better Note","BetterRewards","Colored Map","Colored Powertips","Conspire","DeckTracker","GifTheSpireLib","Highlight Path","Hubris","Infinite Spire","Mad Scientist","Mimic Mod","Minty Spire (QoL Compilation)","Quick Restart","Rare Cards Sparkle","Relic Sorter","Replay The Spire","Shop Mod","Spikes Relics","StSLib","SuperFastMode","The Servant 0.9.4","Trackpad","Uncapped","Weighted Paths"],"gold_per_floor":[1114,1064,1020,1020,484,484,503,503,503,538,538,538,538],"floor_reached":12,"language":"ENG","playtime":366,"items_purged":["Defend_S","Defend_S"],"score":129,"play_id":"0d1544a0-4241-4d53-97fd-54b8bed1d12e","local_time":"20210214053440","is_ascension_mode":true,"campfire_choices":[{"data":"Orbit","floor":6,"key":"SMITH"},{"data":"Alleviate","floor":8,"key":"SMITH"},{"data":"Potential","floor":11,"key":"SMITH"}],"circlet_count":0,"master_deck":["Strike_S","Strike_S","Strike_S","Defend_S","Defend_S","KidneyShot","Exchange","Orbit+1","hubris:Fate","Rearm","Alleviate+1","Potential+1"],"relics":["conspire:RoyalGoblet","hubris:EvacipatedBox","hubris:KleinBottle","Oddly Smooth Stone","MerchantsRug","Golden Egg","SnailShell"],"acts_visited":["Exordium"],"potions_floor_usage":[12],"damage_taken":[{"damage":2,"enemies":"Small Slimes","floor":1,"turns":5},{"damage":5,"enemies":"Jaw Worm","floor":7,"turns":3},{"damage":0,"enemies":"Replay:BlueRogue","floor":10,"turns":6},{"damage":15,"enemies":"Gremlin Nob","floor":12,"turns":4}],"seed_played":"-2378873581812663690","potions_obtained":[{"floor":1,"key":"Explosive Potion"}],"is_trial":false,"path_per_floor":["M","?","?","$","$","R","M","R","T","E","R","E"],"character_chosen":"THE_SERVANT","items_purchased":["hubris:EvacipatedBox","hubris:KleinBottle","Oddly Smooth Stone","Rearm","Alleviate","DistilledChaos","MerchantsRug"],"campfire_rested":0,"item_purchase_floors":[4,4,5,5,5,5,5],"current_hp_per_floor":[63,63,63,20,20,20,15,15,15,15,15,0,0],"gold":538,"neow_bonus":"BOSS_RELIC","is_daily":false,"chose_seed":false,"campfire_upgraded":3,"win_rate":0.0,"timestamp":1613298880,"path_taken":["M","?","?","?","$","R","M","R","T","E","R","E"],"items_purchased_type":["Relic","Relic","Relic","Card","Card","Potion","Relic"],"build_version":"2020-12-22","purchased_purges":2,"victory":false,"max_hp_per_floor":[65,65,65,65,65,65,65,65,65,65,65,65,65],"card_choices":[{"not_picked":["Spin","Manipulate"],"picked":"Orbit","floor":1},{"not_picked":["infinitespire:FinalStrike","infinitespire:Execution"],"picked":"hubris:Fate","floor":4},{"not_picked":["Starlight","Snipe","FastForward"],"picked":"SKIP","floor":7},{"not_picked":["Contraction","ShatteredReality"],"picked":"Potential","floor":10}],"player_experience":500263,"relics_obtained":[{"floor":9,"key":"Golden Egg"},{"floor":10,"key":"SnailShell"}],"event_choices":[{"cards_removed":["Strike_S"],"damage_healed":0,"gold_gain":0,"player_choice":"Card Removal","damage_taken":0,"max_hp_gain":0,"max_hp_loss":0,"event_name":"The Cleric","floor":2,"gold_loss":50},{"damage_healed":0,"gold_gain":0,"player_choice":"Left Gold","damage_taken":0,"max_hp_gain":0,"max_hp_loss":0,"event_name":"World of Goop","floor":3,"gold_loss":44}],"is_beta":false,"boss_relics":[],"items_purged_floors":[4,5],"is_endless":false,"potions_floor_spawned":[1],"killed_by":"Gremlin Nob","ascension_level":1}}