{"host":"2no1vwhhkhf0ohz3","time":1613322763,"event":{"mods":["AchievementEnabler","BaseMod","BetterRewards","Colored Map","DeckTracker","Keyboard Shortcuts","Minty Spire (QoL Compilation)","SuperFastMode"],"gold_per_floor":[110,185,201,201,201,234,234,254,279,279,295,306,325,338,338,338,338],"floor_reached":16,"language":"KOR","playtime":279,"items_purged":[],"score":181,"play_id":"8a68719f-de53-4b50-8fbc-9a6da1e25e37","local_time":"20210215021243","is_ascension_mode":true,"campfire_choices":[{"data":"Survivor","floor":7,"key":"SMITH"},{"floor":10,"key":"REST"},{"data":"Tactician","floor":15,"key":"SMITH"}],"circlet_count":0,"master_deck":["Strike_G","Strike_G","Strike_G","Strike_G","Strike_G","Defend_G","Defend_G","Defend_G","Defend_G","Defend_G","Survivor+1","Neutralize+1","Dagger Throw","Tactician+1","Dagger Spray","Backflip"],"relics":["Ring of the Snake","NeowsBlessing","Regal Pillow"],"acts_visited":["Exordium"],"potions_floor_usage":[3,13,16],"damage_taken":[{"damage":0,"enemies":"Jaw Worm","floor":1,"turns":1},{"damage":0,"enemies":"2 Louse","floor":3,"turns":1},{"damage":0,"enemies":"3 Sentries","floor":6,"turns":1},{"damage":0,"enemies":"Cultist","floor":8,"turns":3},{"damage":1,"enemies":"Exordium Wildlife","floor":11,"turns":3},{"damage":3,"enemies":"Looter","floor":12,"turns":4},{"damage":2,"enemies":"Lots of Slimes","floor":13,"turns":6},{"damage":4,"enemies":"Blue Slaver","floor":14,"turns":5},{"damage":72,"enemies":"Slime Boss","floor":16,"turns":10}],"seed_played":"9217333427258640154","potions_obtained":[{"floor":3,"key":"Fruit Juice"},{"floor":6,"key":"DistilledChaos"},{"floor":8,"key":"SteroidPotion"}],"is_trial":false,"path_per_floor":["M","?","M","?","?","E","R","M","T","R","M","M","M","M","R","B"],"character_chosen":"THE_SILENT","items_purchased":[],"campfire_rested":1,"item_purchase_floors":[],"current_hp_per_floor":[63,52,57,57,57,57,57,57,57,75,74,71,69,65,65,0,0],"gold":338,"neow_bonus":"THREE_ENEMY_KILL","is_daily":false,"chose_seed":false,"campfire_upgraded":2,"win_rate":0.0,"timestamp":1613322763,"path_taken":["M","?","M","?","?","E","R","M","T","R","M","M","M","M","R","BOSS"],"items_purchased_type":[],"build_version":"2020-12-22","purchased_purges":0,"victory":false,"max_hp_per_floor":[70,70,75,75,75,75,75,75,75,75,75,75,75,75,75,75,75],"card_choices":[{"not_picked":["Underhanded Strike","Setup"],"picked":"Dagger Throw","floor":1},{"not_picked":["Sucker Punch","Dodge and Roll","A Thousand Cuts"],"picked":"SKIP","floor":3},{"not_picked":["Catalyst","Deflect","Wraith Form v2"],"picked":"SKIP","floor":6},{"not_picked":["Prepared","Slice","Bane"],"picked":"SKIP","floor":8},{"not_picked":["Prepared","Dodge and Roll"],"picked":"Tactician","floor":11},{"not_picked":["Sucker Punch","Caltrops","Flying Knee"],"picked":"SKIP","floor":12},{"not_picked":["Catalyst","Backflip"],"picked":"Dagger Spray","floor":13},{"not_picked":["Flying Knee","Concentrate"],"picked":"Backflip","floor":14}],"player_experience":296610,"relics_obtained":[{"floor":6,"key":"Regal Pillow"}],"event_choices":[{"damage_healed":0,"gold_gain":75,"player_choice":"Gather Gold","damage_taken":11,"max_hp_gain":0,"max_hp_loss":0,"event_name":"World of Goop","floor":2,"gold_loss":0},{"damage_healed":0,"gold_gain":0,"player_choice":"Grow","damage_taken":0,"max_hp_gain":0,"max_hp_loss":0,"event_name":"Living Wall","floor":4,"gold_loss":0,"cards_upgraded":["Neutralize"]},{"damage_healed":0,"gold_gain":0,"player_choice":"Ignored","damage_taken":0,"max_hp_gain":0,"max_hp_loss":0,"event_name":"Liars Game","floor":5,"gold_loss":0}],"is_beta":false,"boss_relics":[],"items_purged_floors":[],"is_endless":false,"potions_floor_spawned":[3,6,8],"killed_by":"Slime Boss","ascension_level":8}}