{"host":"313mh4uoe5sucao3","time":1613278255,"event":{"mods":["BaseMod","Dota2Spire","Downfall","Good Game Mod","Hero for Fun","LagranYue(拉格朗・月)","Minty Spire (QoL Compilation)","Quick Restart","Reimu（博丽灵梦）","Remilia（蕾米莉亚）","Ryuuou龙王","Shop Mod","Spicy Shops","StSLib","Td1madao Mod","The Bladedancer","The Invoker Mod","UnlockEverythingMod","WarShipGirlsR/战舰少女R mod","[IsaacMod]以撒尖塔","noobMod"],"gold_per_floor":[115,125,125,151,4,33,55,86,86,125,152,152,169,54,54,166,166,186,186,111,135,157,197,112,138,210,210,100,100,90,117,117,230,255,280,299,326,335,335,1378,1997,1762,1786,1786,2810,2810,2400,3439,3451,4463,4475,4487,3526,4561,5561],"floor_reached":56,"language":"ZHS","playtime":6663,"items_purged":[],"score":1801,"play_id":"e4572fd7-371c-47cd-8eb5-5a4682415b7f","local_time":"20210214125055","is_ascension_mode":true,"campfire_choices":[{"floor":12.0,"key":"REST"},{"data":"EpicFetus","floor":15.0,"key":"SMITH"},{"data":"Here Defend Chip","floor":27.0,"key":"SMITH"},{"floor":32.0,"key":"RECALL"},{"data":"Ryuuou:NotRegret","floor":44,"key":"SMITH"},{"data":"Memory Alloy","floor":49,"key":"SMITH"},{"data":"Here Defend Chip+2","floor":52,"key":"SMITH"}],"circlet_count":0,"master_deck":["Strike_C+1","Strike_C+1","Strike_C+1","Strike_C+1","Defend_C+1","Defend_C+1","Defend_C+1","Knight Kick+1","Chip+1","EpicFetus+1","ForecastOfChange+1","Fire Blade+1","New Defend Magic+1","Defend System+1","Here Defend Chip+3","Here Defend Chip+1","Here Defend Chip+1","Here Defend Chip+1","Furious+1","Here Defend Chip+1","Fire Up+1","Here Defend Chip+1","Here Defend Chip+1","Rupture+1","Pod Laser+1","Moon Tear+1","Defend System+1","Black Shadow+1","Here Defend Chip+2","Ryuuou:NotRegret+1","Reflection Mechanism+1","Here Defend Chip","Fire Up","Black Shadow","Memory Alloy+1","Here Defend Chip","Defend System","Injury","Three Hit"],"relics":["Apod","REME:ComplimentaryCards","HushsDoor","ice","BookOfRevelations","CeramicFish","Happy Flower","CaptainsWheel","Bronze Scales","MerchantsRug","Torii","Coffee Dripper","MutagenicStrength","Eternal Feather","HornCleat","Dota2Spire:Butterfly","Dota2Spire:Mjollnir","Runic Pyramid","SatanicBible","Dota2Spire:LinkenSphere","Ornamental Fan","Juzu Bracelet","NineVolt","Dota2Spire:PowerTreads","Dota2Spire:BladeMail","Bag of Preparation","Orichalcum","MawBank","Leech","Dota2Spire:DrumOfEndurance","Dota2Spire:BlackKingBar","TheAbacus","LagranYue:RareGoldArmorRelic","Lee\u0027s Waffle","MaYiHuaBei"],"acts_visited":["Exordium","TheCity","TheBeyond","TheEnding"],"potions_floor_usage":[],"damage_taken":[{"damage":0.0,"enemies":"2 Louse","floor":1.0,"turns":3.0},{"damage":0.0,"enemies":"Cultist","floor":2.0,"turns":3.0},{"damage":0.0,"enemies":"Small Slimes","floor":4.0,"turns":3.0},{"damage":8.0,"enemies":"Gremlin Nob","floor":6.0,"turns":4.0},{"damage":21.0,"enemies":"Blue Slaver","floor":7.0,"turns":6.0},{"damage":30.0,"enemies":"Lagavulin","floor":8.0,"turns":6.0},{"damage":35.0,"enemies":"3 Sentries","floor":10.0,"turns":5.0},{"damage":13.0,"enemies":"3 Louse","floor":11.0,"turns":4.0},{"damage":18.0,"enemies":"Exordium Wildlife","floor":13.0,"turns":3.0},{"damage":3.0,"enemies":"Hexaghost","floor":16.0,"turns":7.0},{"damage":6.0,"enemies":"Chosen","floor":18.0,"turns":5.0},{"damage":0.0,"enemies":"Spheric Guardian","floor":21.0,"turns":3.0},{"damage":0.0,"enemies":"Chosen and Byrds","floor":22.0,"turns":4.0},{"damage":6.0,"enemies":"Book of Stabbing","floor":23.0,"turns":5.0},{"damage":16.0,"enemies":"Slavers","floor":25.0,"turns":6.0},{"damage":7.0,"enemies":"Snake Plant","floor":31.0,"turns":2.0},{"damage":0.0,"enemies":"Collector","floor":33.0,"turns":7.0},{"damage":0.0,"enemies":"Orb Walker","floor":35.0,"turns":4.0},{"damage":0.0,"enemies":"3 Darklings","floor":36.0,"turns":4.0},{"damage":0.0,"enemies":"Jaw Worm Horde","floor":37.0,"turns":4.0},{"damage":0.0,"enemies":"Reptomancer","floor":40.0,"turns":2.0},{"damage":0.0,"enemies":"2 Orb Walkers","floor":41.0,"turns":4.0},{"damage":0,"enemies":"Nemesis","floor":45,"turns":1},{"damage":0,"enemies":"Giant Head","floor":48,"turns":1},{"damage":0,"enemies":"Awakened One","floor":50,"turns":2},{"damage":0,"enemies":"Shield and Spear","floor":54,"turns":3},{"damage":0,"enemies":"Delirium","floor":55,"turns":12}],"seed_played":"3407942215060341436","potions_obtained":[{"floor":2.0,"key":"CultistPotion"},{"floor":4.0,"key":"AttackPotion"},{"floor":6.0,"key":"SkillPotion"},{"floor":8.0,"key":"Fire Potion"},{"floor":31.0,"key":"Fire Potion"},{"floor":40.0,"key":"Fire Potion"}],"is_trial":false,"path_per_floor":["M","M","?","M","$","E","M","E","T","E","M","R","M","$","R","B",null,"M","?","?","M","M","E","?","E","T","R","$","?","?","M","R","B",null,"M","M","M","?","T","E","?","$","T","R","E","?","$","E","R","B",null,"R","$","E","B",null],"character_chosen":"TD1MADAO_CLASS","items_purchased":["Happy Flower","MerchantsRug","Here Defend Chip","Torii","Dota2Spire:Mjollnir","Here Defend Chip","SatanicBible","Moon Tear","Here Defend Chip","Juzu Bracelet","NineVolt","Fire Up","Dota2Spire:PowerTreads","Dota2Spire:BladeMail","Memory Alloy","Here Defend Chip","Orichalcum","Leech","Dota2Spire:DrumOfEndurance","Dota2Spire:BlackKingBar","TheAbacus","LagranYue:RareGoldArmorRelic","Lee\u0027s Waffle"],"campfire_rested":1,"item_purchase_floors":[5,14,14,14,28,28,34,34,41,41,41,41,42,42,47,47,47,53,53,53,53,53,53],"current_hp_per_floor":[77,77,65,69,69,61,40,10,10,51,38,63,45,45,45,42,100,94,94,94,94,94,88,88,72,72,84,84,84,84,77,89,89,140,140,140,140,153,153,153,153,153,153,160,160,160,160,160,160,160,160,160,167,167,167],"gold":5561,"neow_bonus":"TEN_PERCENT_HP_BONUS","is_daily":false,"chose_seed":false,"campfire_upgraded":5,"win_rate":0.0,"timestamp":1613278255,"path_taken":["M","M","?","M","?","E","M","E","T","E","?","R","M","$","R","BOSS","M","?","?","M","M","E","?","E","T","R","$","?","?","M","R","BOSS","M","M","M","?","?","E","?","$","T","R","E","?","$","E","R","BOSS","R","$","E","BOSS"],"items_purchased_type":["Relic","Relic","Card","Relic","Relic","Card","Relic","Card","Card","Relic","Relic","Card","Relic","Relic","Card","Card","Relic","Relic","Relic","Relic","Relic","Relic","Relic"],"build_version":"2020-12-22","purchased_purges":0,"victory":true,"max_hp_per_floor":[77,77,77,77,77,77,77,77,77,81,86,86,90,90,90,100,100,104,104,104,105,114,124,124,136,136,136,136,136,136,141,141,153,140,143,149,153,153,153,155,160,160,160,160,160,160,160,160,160,160,160,160,167,167,167],"card_choices":[{"not_picked":[],"picked":"EpicFetus","floor":0.0},{"not_picked":["Load Balancing","Three Hit"],"picked":"Fire Blade","floor":1.0},{"not_picked":["Cursed Blade","Awareness"],"picked":"New Defend Magic","floor":2.0},{"not_picked":["Cursed Blade","Resistance"],"picked":"Defend System","floor":4.0},{"not_picked":["E MP","Gravity Defend","Pod Fire"],"picked":"SKIP","floor":6.0},{"not_picked":["Fixing","Sub Weapons"],"picked":"Here Defend Chip","floor":7.0},{"not_picked":["Black Shadow","Resistance","Data Freezing"],"picked":"SKIP","floor":8.0},{"not_picked":["Awareness","Provocative"],"picked":"Here Defend Chip","floor":10.0},{"not_picked":["Oblique Hack","Rupture"],"picked":"Here Defend Chip","floor":11.0},{"not_picked":["Im Angry","Revenge","Machining"],"picked":"SKIP","floor":13.0},{"not_picked":["Pod Laser","Shockwave Tdmadao"],"picked":"Furious","floor":16.0},{"not_picked":["Three Hit","Perfect Defend","Machining"],"picked":"SKIP","floor":18.0},{"not_picked":["Recovery Mechanism+1","Black Shadow+1"],"picked":"Here Defend Chip","floor":21.0},{"not_picked":["Resistance","Lunge+1"],"picked":"Fire Up+1","floor":22.0},{"not_picked":["Oblique Hack","Ruin Defend+1"],"picked":"Here Defend Chip","floor":23.0},{"not_picked":["Machining","Chip Synthesis","Gravity Defend"],"picked":"SKIP","floor":25.0},{"not_picked":["Thunder Jump","Preloading"],"picked":"Rupture+1","floor":31.0},{"not_picked":["Black Warm Hole","Bursts"],"picked":"Pod Laser","floor":33.0},{"not_picked":["De Ware Chip+1","Fixing"],"picked":"Defend System+1","floor":35.0},{"not_picked":["Awareness+1","Afterwards+1"],"picked":"Black Shadow","floor":36.0},{"not_picked":["Recovery Mechanism+1","Black Dance"],"picked":"Here Defend Chip+1","floor":37.0},{"not_picked":["Ruin Defend+1","Resistance+1"],"picked":"Reflection Mechanism+1","floor":40.0},{"not_picked":["Im Angry","Oblique Hack+1"],"picked":"Black Shadow","floor":45},{"not_picked":["Floating Swing Kick+1","E MP"],"picked":"Defend System","floor":48},{"not_picked":["Lore","Backup"],"picked":"Three Hit","floor":54},{"not_picked":["New Defend Magic","Pod Fire+1","Trader"],"picked":"SKIP","floor":54}],"player_experience":64419,"relics_obtained":[{"floor":6.0,"key":"LagranYue:GuidanceLightRelic"},{"floor":8.0,"key":"CaptainsWheel"},{"floor":9.0,"key":"Whetstone"},{"floor":10.0,"key":"Bronze Scales"},{"floor":23.0,"key":"Eternal Feather"},{"floor":25.0,"key":"Dota2Spire:Butterfly"},{"floor":39.0,"key":"Dota2Spire:LinkenSphere"},{"floor":40.0,"key":"Ornamental Fan"},{"floor":43,"key":"Bag of Preparation"},{"floor":48,"key":"MawBank"},{"floor":54,"key":"MaYiHuaBei"}],"event_choices":[{"damage_healed":0.0,"max_hp_gain":0.0,"max_hp_loss":0.0,"gold_gain":0.0,"event_name":"Scrap Ooze","player_choice":"Success","floor":3.0,"gold_loss":0.0,"damage_taken":12.0,"relics_obtained":["CeramicFish"]},{"damage_healed":0.0,"max_hp_gain":0.0,"max_hp_loss":0.0,"gold_gain":0.0,"event_name":"Drug Dealer","player_choice":"Inject Mutagens","floor":19.0,"gold_loss":0.0,"damage_taken":0.0,"relics_obtained":["MutagenicStrength"]},{"cards_removed":["Defend_C"],"damage_healed":0.0,"max_hp_gain":0.0,"max_hp_loss":0.0,"gold_gain":0.0,"event_name":"Beggar","player_choice":"Gave Gold","floor":20.0,"gold_loss":75.0,"damage_taken":0.0},{"damage_healed":0.0,"max_hp_gain":0.0,"max_hp_loss":0.0,"gold_gain":0.0,"event_name":"Addict","player_choice":"Obtained Relic","floor":24.0,"gold_loss":85.0,"damage_taken":0.0,"relics_obtained":["HornCleat"]},{"damage_healed":0.0,"max_hp_gain":0.0,"max_hp_loss":0.0,"gold_gain":0.0,"event_name":"Back to Basics","player_choice":"Simplicity","floor":29.0,"gold_loss":0.0,"damage_taken":0.0,"cards_upgraded":[]},{"damage_healed":0.0,"max_hp_gain":0.0,"max_hp_loss":0.0,"gold_gain":0.0,"event_name":"Mysterious Sphere","player_choice":"Fight","floor":41.0,"gold_loss":0.0,"damage_taken":0.0},{"damage_healed":0,"gold_gain":0,"player_choice":"Ignored","damage_taken":0,"max_hp_gain":0,"max_hp_loss":0,"event_name":"Tomb of Lord Red Mask","floor":46,"gold_loss":0}],"is_beta":false,"boss_relics":[{"not_picked":["SacredBark","ChampionBelt"],"picked":"Coffee Dripper"},{"not_picked":[]},{"not_picked":["Busted Crown","Fusion Hammer"],"picked":"Runic Pyramid"},{"not_picked":[]}],"items_purged_floors":[],"is_endless":false,"potions_floor_spawned":[2,4,6,8,13,31,33,40,41],"ascension_level":1}}