{"host":"70jy76jvzy076wi7","time":1613311227,"event":{"mods":["Act Like it!","BaseMod","Better Third Choice","BetterRewards","Energized Spire","Gensokyo","GungeonMod","Hallownest","Hermit","Infinite Spire","Library of Ruina","Library of Ruina Extra","Lobotomy","LobotomyExtend","Marisa£®ÏF”Í°°ƒß¿Ì…≥£©","Minty Spire (QoL Compilation)","Pale of the Ancients","Permanent Neow","Reliquary","Replay The Spire","Robot Space Explorer","Spicy Shops","StSLib","The Servant 0.9.4","Yakumo Yukari mod"],"gold_per_floor":[109,128,228,247,23,23,52,52,52,52,86,96,112,143,143,247,247,264,281,196,224,224,224,224,266,266,266,298,298,123,170,170,291,291,337,337,337,337,385,385,442,442,495,136,184,232,232,278,278,306,306,306,306,14,66,80],"floor_reached":57,"language":"ZHS","playtime":18480,"items_purged":["hermit:Defend_Hermit","hermit:Strike_Hermit","hermit:Covet","hermit:Strike_Hermit"],"score":1552,"play_id":"88f2d79a-aa7a-4e5b-8be4-ce3b587e1593","local_time":"20210214220027","is_ascension_mode":true,"campfire_choices":[{"data":"hermit:Brawl","floor":6.0,"key":"SMITH"},{"data":"hermit:Gambit","floor":8.0,"key":"SMITH"},{"data":"hermit:Glare","floor":10.0,"key":"SMITH"},{"data":"hermit:Strike_Hermit","floor":15.0,"key":"PURGE"},{"data":"hermit:EternalForm","floor":23.0,"key":"SMITH"},{"data":"hermit:NoHoldsBarred","floor":27.0,"key":"SMITH"},{"data":"hermit:NoHoldsBarred","floor":32,"key":"SMITH"},{"data":"infinitespire:NeuralNetwork","floor":40,"key":"SMITH"},{"data":"hermit:FlashPowder","floor":42,"key":"SMITH"},{"floor":47,"key":"RECALL"},{"data":"hermit:Snapshot","floor":53,"key":"SMITH"}],"circlet_count":0,"master_deck":["hermit:Strike_Hermit","hermit:Defend_Hermit+1","hermit:Defend_Hermit+1","hermit:Defend_Hermit+1","hermit:Snapshot+1","hermit:HighCaliber","hermit:Glare+1","hermit:Gambit+1","hermit:Brawl+1","hermit:BodyArmor","hermit:EternalForm+1","hermit:RoundhouseKick","hermit:FlashPowder+1","hermit:NoHoldsBarred+1","hermit:NoHoldsBarred+1","hermit:HighNoon+1","infinitespire:NeuralNetwork+1","hermit:GoldenBullet+1"],"relics":["hermit:Momento","Garlic","reliquary:JackalopeAntler","PageOfAspirationHeart","Matryoshka","energizedSpire:NeverEndingSparkler","Replay:Bandana","Bird Faced Urn","PageOfLittleHelper","Replay:Bottled Eggs","infinitespire:EvilPickle","SlaversCollar","infinitespire:Cupcake","reliquary:Stiletto","DemoMod:MemoryAlloy","PageOfSingingMachine","Membership Card","Medical Kit","PageOfGalaxyChild","Replay:Bottled Flurry","Replay:Baseball","Toy Ornithopter","StoneCalendar","Pet Ghost"],"acts_visited":["Exordium","TheCity","TheBeyond","TheEnding"],"potions_floor_usage":[56,56],"damage_taken":[{"damage":0.0,"enemies":"2 Louse","floor":1.0,"turns":3.0},{"damage":0.0,"enemies":"Cultist","floor":2.0,"turns":3.0},{"damage":5.0,"enemies":"Jaw Worm","floor":4.0,"turns":2.0},{"damage":14.0,"enemies":"Replay:BlueRogue","floor":7.0,"turns":4.0},{"damage":25.0,"enemies":"Lagavulin","floor":11.0,"turns":6.0},{"damage":2.0,"enemies":"2 Fungi Beasts","floor":12.0,"turns":3.0},{"damage":0.0,"enemies":"Looter","floor":13.0,"turns":3.0},{"damage":11.0,"enemies":"Gremlin Nob","floor":14.0,"turns":4.0},{"damage":21.0,"enemies":"Fading Forest","floor":16.0,"turns":11.0},{"damage":12.0,"enemies":"Shell Parasite","floor":18.0,"turns":8.0},{"damage":4.0,"enemies":"2 Thieves","floor":19.0,"turns":5.0},{"damage":0.0,"enemies":"Chosen and Byrds","floor":21.0,"turns":4.0},{"damage":35.0,"enemies":"Book of Stabbing","floor":25.0,"turns":6.0},{"damage":0.0,"enemies":"Sentry and Sphere","floor":28.0,"turns":2.0},{"damage":0,"enemies":"Slavers","floor":31,"turns":2},{"damage":32,"enemies":"Pondfish","floor":33,"turns":8},{"damage":7,"enemies":"Orb Walker","floor":35,"turns":3},{"damage":11,"enemies":"3 Shapes","floor":39,"turns":2},{"damage":18,"enemies":"Nemesis","floor":41,"turns":7},{"damage":21,"enemies":"R_Hoarder","floor":45,"turns":6},{"damage":0,"enemies":"Maw","floor":46,"turns":6},{"damage":14,"enemies":"Jaw Worm Horde","floor":48,"turns":3},{"damage":55,"enemies":"infinitespire:MassOfShapes","floor":50,"turns":6},{"damage":33,"enemies":"Shield and Spear","floor":55,"turns":4},{"damage":60,"enemies":"The Heart","floor":56,"turns":6}],"seed_played":"-8378385152032970568","potions_obtained":[{"floor":1.0,"key":"hermit:BlackBile"},{"floor":12.0,"key":"Weak Potion"},{"floor":13.0,"key":"DemoMod:LeadSkinPotion"},{"floor":14.0,"key":"SmokeBomb"},{"floor":33,"key":"DuplicationPotion"},{"floor":46,"key":"hermit:Tonic"}],"is_trial":false,"path_per_floor":["M","M","?","M","$","R","E","R","T","R","E","M","M","E","R","B",null,"M","M","?","M","?","R","?","E","T","R","M","?","$","E","R","B",null,"M","AVR","?","?","M","R","E","R","T","$","E","M","R","M","R","B",null,null,"R","$","E","B",null],"character_chosen":"HERMIT","items_purchased":["hermit:Gambit","hermit:Brawl","Membership Card","Medical Kit","PageOfGalaxyChild","Replay:Baseball","Toy Ornithopter","StoneCalendar"],"campfire_rested":0,"item_purchase_floors":[5,5,44,44,44,54,54,54],"current_hp_per_floor":[75,75,75,70,70,70,56,56,56,56,42,40,40,29,29,18,86,74,70,70,70,70,70,70,35,35,35,35,35,35,35,35,7,86,81,81,59,59,54,54,44,44,44,44,47,63,63,63,82,31,31,82,82,82,55,23],"gold":80,"neow_bonus":"","is_daily":false,"chose_seed":false,"campfire_upgraded":9,"win_rate":0.0,"timestamp":1613311227,"path_taken":["M","M","?","M","$","R","E","R","T","R","E","M","M","E","R","BOSS","M","M","?","M","?","R","?","E","T","R","M","?","?","E","R","BOSS","M","AVR","?","?","M","R","E","R","T","?","E","M","R","M","R","BOSS","R","$","E","BOSS"],"items_purchased_type":["Card","Card","Relic","Relic","Relic","Relic","Relic","Relic"],"build_version":"2020-12-22","purchased_purges":4,"victory":true,"max_hp_per_floor":[75,75,75,75,75,75,75,75,75,75,86,86,86,86,86,86,86,86,86,86,86,86,86,86,86,86,86,86,86,86,86,86,86,86,86,86,86,82,82,82,82,82,82,82,82,82,82,82,82,82,82,82,82,82,82,82],"card_choices":[{"not_picked":["hermit:SprayPray","hermit:Spite"],"picked":"hermit:HighCaliber","floor":1.0},{"not_picked":["hermit:Dissolve","hermit:Dive"],"picked":"hermit:Glare","floor":2.0},{"not_picked":["hermit:Vantage","hermit:EyeOfTheStorm","hermit:SprayPray"],"picked":"SKIP","floor":4.0},{"not_picked":["hermit:Desperado","hermit:Brawl"],"picked":"hermit:BodyArmor","floor":7.0},{"not_picked":["hermit:Dive","hermit:SprayPray"],"picked":"hermit:EternalForm","floor":11.0},{"not_picked":["hermit:Determination","hermit:BodyArmor","hermit:Deadeye"],"picked":"SKIP","floor":12.0},{"not_picked":["hermit:Determination","hermit:TrackingShot","hermit:EternalForm"],"picked":"SKIP","floor":13.0},{"not_picked":["hermit:Coalescence","hermit:WideOpen","hermit:Malice"],"picked":"SKIP","floor":14.0},{"not_picked":["hermit:FatalDesire","hermit:Dissolve"],"picked":"hermit:RoundhouseKick","floor":16.0},{"not_picked":["hermit:HoleUp","hermit:TrackingShot+1"],"picked":"hermit:FlashPowder","floor":18.0},{"not_picked":["hermit:Desperado+1","hermit:Coalescence+1"],"picked":"hermit:NoHoldsBarred","floor":19.0},{"not_picked":["hermit:Cheat+1","hermit:Manifest"],"picked":"hermit:NoHoldsBarred","floor":21.0},{"not_picked":["hermit:Feint+1","hermit:HighCaliber+1","hermit:BodyArmor+1"],"picked":"SKIP","floor":25.0},{"not_picked":["hermit:LowProfile+1","hermit:Vantage","hermit:HoleUp"],"picked":"SKIP","floor":28.0},{"not_picked":["hermit:Misfire+1","hermit:CursedWeapon+1","hermit:Roughhouse"],"picked":"SKIP","floor":31},{"not_picked":["hermit:EternalForm","hermit:Adapt"],"picked":"hermit:HighNoon","floor":33},{"not_picked":["hermit:Enervate+1","hermit:Ricochet+1","hermit:ItchyTrigger+1"],"picked":"SKIP","floor":35},{"not_picked":["ReplayTheSpireMod:Chaos Vortex","infinitespire:Oblivion"],"picked":"infinitespire:NeuralNetwork","floor":37},{"not_picked":["hermit:Quickdraw+1","hermit:RoundhouseKick","hermit:TakeCover+1"],"picked":"SKIP","floor":39},{"not_picked":["hermit:BodyArmor+1","hermit:DeadOrAlive","hermit:Malice"],"picked":"SKIP","floor":41},{"not_picked":["hermit:BigShot","hermit:Misfire+1","hermit:Desperado"],"picked":"SKIP","floor":45},{"not_picked":["hermit:WideOpen+1","hermit:Determination","hermit:TrackingShot"],"picked":"SKIP","floor":46},{"not_picked":["hermit:LowProfile+1","hermit:HoleUp+1"],"picked":"hermit:GoldenBullet+1","floor":48},{"not_picked":["hermit:TrackingShot","hermit:Glare","hermit:Manifest"],"picked":"SKIP","floor":55}],"player_experience":2155669,"relics_obtained":[{"floor":7.0,"key":"Garlic"},{"floor":9.0,"key":"reliquary:JackalopeAntler"},{"floor":11.0,"key":"PageOfAspirationHeart"},{"floor":14.0,"key":"Matryoshka"},{"floor":25.0,"key":"Bird Faced Urn"},{"floor":26.0,"key":"PageOfLittleHelper"},{"floor":31,"key":"Replay:Bottled Eggs"},{"floor":41,"key":"reliquary:Stiletto"},{"floor":43,"key":"DemoMod:MemoryAlloy"},{"floor":43,"key":"PageOfSingingMachine"},{"floor":45,"key":"Replay:Bottled Flurry"},{"floor":55,"key":"DemoMod:WeirdEgg"}],"event_choices":[{"damage_healed":0.0,"max_hp_gain":0.0,"max_hp_loss":0.0,"gold_gain":100.0,"event_name":"Golden Shrine","player_choice":"Pray","floor":3.0,"gold_loss":0.0,"damage_taken":0.0},{"damage_healed":0.0,"max_hp_gain":0.0,"max_hp_loss":0.0,"gold_gain":0.0,"event_name":"Addict","player_choice":"Obtained Relic","floor":20.0,"gold_loss":85.0,"damage_taken":0.0,"relics_obtained":["Replay:Bandana"]},{"damage_healed":0,"gold_gain":0,"player_choice":"Ignored","damage_taken":0,"max_hp_gain":0,"max_hp_loss":0,"event_name":"Cursed Tome","floor":29,"gold_loss":0},{"damage_healed":0,"gold_gain":0,"player_choice":"Max HP","damage_taken":0,"max_hp_gain":0,"max_hp_loss":4,"event_name":"Winding Halls","floor":38,"gold_loss":0}],"is_beta":false,"boss_relics":[{"not_picked":["energizedSpire:SpiderWeb","Replay:Drink Me"],"picked":"energizedSpire:NeverEndingSparkler"},{"not_picked":["Kintsugi","energizedSpire:MagnifyingGlass"],"picked":"SlaversCollar"}],"items_purged_floors":[30,30,44,54],"is_endless":false,"potions_floor_spawned":[1,12,13,14,18,25,28,31,33,39,45,46],"ascension_level":1}}