{"host":"ix07nhfx4o3nf6kx","time":1613288476,"event":{"mods":["BaseMod","Hermit","Minty Spire (QoL Compilation)","StSLib","The Bug Knight","The Cursed","The Dragon Tamer","The Hierophant","The Jungle","The Runesmith"],"gold_per_floor":[111,128,142,161,85,110,123,137,137,113,133,153,153,164,164,260,260,279,252,270,283,296,330,348,367,367,367,387,404,431,239,239,340,340,353,363,214,214,228,228,245,245,245,260,36,56,75,93,93,93,93,93,19,19,19],"floor_reached":54,"language":"KOR","playtime":16130,"items_purged":["HollowMod:MothsMistake"],"score":720,"play_id":"28eb58f9-5b61-4bf8-871a-03ab251da796","local_time":"20210214164116","is_ascension_mode":false,"campfire_choices":[{"data":"HollowMod:Hiveblood","floor":13,"key":"SMITH"},{"data":"Apotheosis","floor":15,"key":"SMITH"},{"data":"HollowMod:LifebloodCore","floor":27,"key":"SMITH"},{"data":"HollowMod:Hiveblood","floor":32,"key":"SMITH"},{"floor":40,"key":"RECALL"},{"floor":42,"key":"REST"},{"floor":49,"key":"REST"},{"floor":52,"key":"REST"}],"circlet_count":0,"master_deck":["HollowMod:NailStrikeStart","HollowMod:NailStrikeStart","HollowMod:NailStrikeStart","HollowMod:NailStrikeStart","HollowMod:QuickDashStart","HollowMod:QuickDashStart","HollowMod:QuickDashStart","HollowMod:QuickDashStart","HollowMod:FocusHealStart","HollowMod:PogoStrike","Apotheosis+1","HollowMod:DashSlash","HollowMod:DashSlash","HollowMod:DungDefenderAura","HollowMod:SoulStrike","HollowMod:PerfectDash","HollowMod:BaldurShell","HollowMod:GreatSlash","HollowMod:HeavyBlow","HollowMod:Hiveblood+1","HollowMod:CloakDash","HollowMod:SoulStrike","HollowMod:LifebloodCore+1","HollowMod:GreatSlash+1","HollowMod:InfectedAttack","HollowMod:DoubleDash","HollowMod:InfectionAssault+1","HollowMod:DashSlash+1","HollowMod:Hiveblood+1","HollowMod:SoulVessel","HollowMod:NewGlowingWomb","HollowMod:GrimmsGift+1","HollowMod:HuntersJournal+1","HollowMod:DoubleDash+1","HollowMod:SoulSplash","HollowMod:ZotesMagnificence+1","HollowMod:CoiledNail+1","HollowMod:HowlingWraiths+1","HollowMod:GoodIntentions"],"relics":["HollowMod:VesselMask","Bag of Marbles","Runesmith:Nanobots","Snecko Eye","Eternal Feather","Singing Bowl","Lizard Tail","HollowMod:PaleOreRelic","Fusion Hammer","Ancient Tea Set","HollowMod:MillibellesNoteRelic"],"acts_visited":["Exordium","TheCity","TheBeyond","TheEnding"],"potions_floor_usage":[12,21,22,22,22,25,28,33,39,46,46,48,48,50,50,54],"damage_taken":[{"damage":0,"enemies":"Small Slimes","floor":1,"turns":3},{"damage":0,"enemies":"Cultist","floor":2,"turns":3},{"damage":2,"enemies":"2 Louse","floor":3,"turns":3},{"damage":6,"enemies":"Blue Slaver","floor":4,"turns":4},{"damage":21,"enemies":"Lagavulin","floor":6,"turns":9},{"damage":11,"enemies":"Looter","floor":7,"turns":3},{"damage":8,"enemies":"Lots of Slimes","floor":8,"turns":3},{"damage":7,"enemies":"Large Slime","floor":11,"turns":6},{"damage":20,"enemies":"Exordium Thugs","floor":12,"turns":7},{"damage":19,"enemies":"Looter","floor":14,"turns":4},{"damage":53,"enemies":"Slime Boss","floor":16,"turns":8},{"damage":0,"enemies":"Shell Parasite","floor":18,"turns":1},{"damage":0,"enemies":"Chosen","floor":20,"turns":3},{"damage":0,"enemies":"Centurion and Healer","floor":21,"turns":9},{"damage":14,"enemies":"Snake Plant","floor":22,"turns":4},{"damage":0,"enemies":"Slavers","floor":23,"turns":1},{"damage":14,"enemies":"3 Cultists","floor":24,"turns":5},{"damage":22,"enemies":"Snecko","floor":25,"turns":6},{"damage":33,"enemies":"Snake Plant","floor":28,"turns":4},{"damage":2,"enemies":"Cultist and Chosen","floor":29,"turns":8},{"damage":54,"enemies":"Book of Stabbing","floor":30,"turns":7},{"damage":132,"enemies":"Champ","floor":33,"turns":13},{"damage":9,"enemies":"3 Shapes","floor":35,"turns":4},{"damage":28,"enemies":"Orb Walker","floor":36,"turns":3},{"damage":0,"enemies":"Writhing Mass","floor":39,"turns":3},{"damage":0,"enemies":"Sphere and 2 Shapes","floor":41,"turns":3},{"damage":0,"enemies":"3 Darklings","floor":44,"turns":1},{"damage":60,"enemies":"HollowMod:SlobberingHusk","floor":46,"turns":9},{"damage":35,"enemies":"Jaw Worm Horde","floor":47,"turns":7},{"damage":46,"enemies":"Maw","floor":48,"turns":8},{"damage":133,"enemies":"Time Eater","floor":50,"turns":13},{"damage":113,"enemies":"Shield and Spear","floor":54,"turns":9}],"seed_played":"-4750836506778442636","potions_obtained":[{"floor":2,"key":"ColorlessPotion"},{"floor":4,"key":"Ancient Potion"},{"floor":11,"key":"GamblersBrew"},{"floor":14,"key":"DuplicationPotion"},{"floor":16,"key":"EntropicBrew"},{"floor":22,"key":"GamblersBrew"},{"floor":23,"key":"Fire Potion"},{"floor":25,"key":"SpeedPotion"},{"floor":29,"key":"Swift Potion"},{"floor":30,"key":"Swift Potion"},{"floor":33,"key":"Dexterity Potion"},{"floor":36,"key":"AttackPotion"},{"floor":39,"key":"EntropicBrew"},{"floor":41,"key":"PowerPotion"}],"is_trial":false,"path_per_floor":["M","M","M","M","$","E","M","M","T","$","M","M","R","M","R","B",null,"M","$","M","M","M","E","M","M","T","R","M","M","E","$","R","B",null,"M","M","$","?","M","R","M","R","T","M","$","M","M","M","R","B",null,"R","$","E"],"character_chosen":"THE_BUGKNIGHT","items_purchased":["HollowMod:PerfectDash","HollowMod:HeavyBlow","HollowMod:InfectedAttack","HollowMod:PaleOreRelic","HollowMod:SoulSplash","Ancient Tea Set","HollowMod:MillibellesNoteRelic","Fire Potion","HollowMod:GoodIntentions"],"campfire_rested":3,"item_purchase_floors":[5,10,19,31,31,37,45,53,53],"current_hp_per_floor":[68,68,68,68,68,53,42,40,40,40,33,38,38,47,47,22,68,68,68,68,68,54,54,40,50,50,68,42,68,67,67,68,22,68,61,70,70,70,72,72,74,74,74,74,74,55,75,70,80,8,80,80,80,0,0],"gold":19,"neow_bonus":"RANDOM_COLORLESS_2","is_daily":false,"chose_seed":false,"campfire_upgraded":4,"win_rate":0.0,"timestamp":1613288476,"path_taken":["M","M","M","M","$","E","M","M","T","$","M","M","R","M","R","BOSS","M","$","M","M","M","E","M","M","T","R","M","M","E","$","R","BOSS","M","M","$","?","M","R","M","R","T","M","?","M","M","M","R","BOSS","R","$","E"],"items_purchased_type":["Card","Card","Card","Relic","Card","Relic","Relic","Potion","Card"],"build_version":"2020-12-22","purchased_purges":1,"victory":false,"max_hp_per_floor":[68,68,68,68,68,68,68,68,68,68,68,68,68,68,68,68,68,68,68,68,68,68,68,68,68,68,68,68,68,68,68,68,68,68,70,70,70,70,72,72,74,74,74,74,74,76,78,80,80,80,80,80,80,80,80],"card_choices":[{"not_picked":["HandOfGreed","Mayhem"],"picked":"Apotheosis","floor":0},{"not_picked":["HollowMod:FallenFury","HollowMod:GoodIntentions"],"picked":"HollowMod:DashSlash","floor":1},{"not_picked":["HollowMod:DescendingDark","HollowMod:SoulSplash"],"picked":"HollowMod:DashSlash","floor":2},{"not_picked":["HollowMod:VengefulVoid","HollowMod:LifebloodCocoon"],"picked":"HollowMod:DungDefenderAura","floor":3},{"not_picked":["HollowMod:ShadowDash","HollowMod:AbyssShriek"],"picked":"HollowMod:SoulStrike","floor":4},{"not_picked":["HollowMod:ShadowDash","HollowMod:CoiledNail"],"picked":"HollowMod:BaldurShell","floor":6},{"not_picked":["HollowMod:InfectedCysts","HollowMod:FastStrike"],"picked":"HollowMod:GreatSlash","floor":7},{"not_picked":["HollowMod:GoodIntentions","HollowMod:InfectedCysts"],"picked":"HollowMod:MothsMistake","floor":8},{"not_picked":["HollowMod:InfectedCysts","HollowMod:ShapeofUnn"],"picked":"HollowMod:Hiveblood","floor":11},{"not_picked":["HollowMod:SharpenedNail","HollowMod:NewJinnsSoul"],"picked":"HollowMod:CloakDash","floor":12},{"not_picked":["HollowMod:SharpenedNail","HollowMod:AbyssShriek"],"picked":"HollowMod:SoulStrike","floor":14},{"not_picked":["HollowMod:PureVessel","HollowMod:HornetsHelp"],"picked":"HollowMod:LifebloodCore","floor":16},{"not_picked":["HollowMod:ShadowDash+1","HollowMod:GoodIntentions"],"picked":"HollowMod:GreatSlash+1","floor":18},{"not_picked":["HollowMod:NewLittleFool+1","HollowMod:MawleksShell"],"picked":"HollowMod:DoubleDash","floor":20},{"not_picked":["HollowMod:AbyssShriek","HollowMod:SoulVessel"],"picked":"HollowMod:InfectionAssault+1","floor":21},{"not_picked":["HollowMod:InfectionAssault","HollowMod:SharpenedNail"],"picked":"HollowMod:DashSlash+1","floor":22},{"not_picked":["HollowMod:DashSlash","HollowMod:SiblingsSouls+1"],"picked":"HollowMod:Hiveblood","floor":23},{"not_picked":["HollowMod:InfectedAttack","HollowMod:CornifersMapStart"],"picked":"HollowMod:SoulVessel","floor":24},{"not_picked":["HollowMod:SoulVessel+1","HollowMod:DashSlash"],"picked":"HollowMod:NewGlowingWomb","floor":25},{"not_picked":["HollowMod:CycloneSlash","HollowMod:SoulVessel"],"picked":"HollowMod:GrimmsGift+1","floor":28},{"not_picked":["HollowMod:CycloneSlash","HollowMod:HowlingWraiths"],"picked":"HollowMod:HuntersJournal+1","floor":29},{"not_picked":["HollowMod:RecoilStrike+1","HollowMod:GreatSlash"],"picked":"HollowMod:DoubleDash+1","floor":30},{"not_picked":["HollowMod:HornetsHelp","HollowMod:NewInfectedGuardian"],"picked":"HollowMod:ZotesMagnificence","floor":33},{"not_picked":["HollowMod:TaintedHusks","HollowMod:GoodIntentions","HollowMod:ChannelNail"],"picked":"Singing Bowl","floor":35},{"not_picked":["HollowMod:ShadowDash","HollowMod:CloakDash+1"],"picked":"HollowMod:CoiledNail+1","floor":36},{"not_picked":["HollowMod:TaintedHusks","HollowMod:SharpenedNail","HollowMod:DungDefenderAura+1"],"picked":"Singing Bowl","floor":39},{"not_picked":["HollowMod:SiblingsShadow","HollowMod:DoubleDash","HollowMod:AbyssShriek+1"],"picked":"Singing Bowl","floor":41},{"not_picked":["HollowMod:ShapeofUnn","HollowMod:NewJinnsSoul"],"picked":"HollowMod:HowlingWraiths+1","floor":44},{"not_picked":["HollowMod:SiblingsSouls+1","HollowMod:VengefulSpirit","HollowMod:DescendingDark"],"picked":"Singing Bowl","floor":46},{"not_picked":["HollowMod:SlysStrikes","HollowMod:RecoilStrike","HollowMod:DreamGate"],"picked":"Singing Bowl","floor":47},{"not_picked":["HollowMod:SoulShaman","HollowMod:TaintedHusks","HollowMod:ChannelNail"],"picked":"Singing Bowl","floor":48}],"player_experience":277712,"relics_obtained":[{"floor":6,"key":"Bag of Marbles"},{"floor":9,"key":"Runesmith:Nanobots"},{"floor":23,"key":"Eternal Feather"},{"floor":26,"key":"Singing Bowl"},{"floor":30,"key":"Lizard Tail"}],"event_choices":[{"damage_healed":0,"gold_gain":0,"player_choice":"Upgraded","damage_taken":0,"max_hp_gain":0,"max_hp_loss":0,"event_name":"Upgrade Shrine","floor":38,"gold_loss":0,"cards_upgraded":["HollowMod:ZotesMagnificence"]}],"is_beta":false,"boss_relics":[{"not_picked":["Runesmith:UraniumAnvil","Coffee Dripper"],"picked":"Snecko Eye"},{"not_picked":["Empty Cage","Velvet Choker"],"picked":"Fusion Hammer"}],"items_purged_floors":[45],"is_endless":false,"potions_floor_spawned":[2,4,11,14,16,18,22,23,25,29,30,33,36,39,41],"killed_by":"Shield and Spear","ascension_level":0}}