{"host":"jydwu1shxxemady1","time":1613339015,"event":{"mods":["BaseMod","Colored Powertips","Conspire","Downfall","Hermit","Highlight Path","Marisa（F雨　魔理沙）","Minty Spire (QoL Compilation)","READ ME - Guardian Mod","Replay The Spire","Shop Mod","StSLib","TestMod","The Bladedancer","The Cursed","The Servant 0.9.4"],"gold_per_floor":[144,189,189,189,189,189,279,324,324,369,414,459,734,824,824,1124,1124,1169,719,719,764,809,899,944,944,994,1039,1039],"floor_reached":27,"language":"ZHS","playtime":25393,"items_purged":[],"score":522,"play_id":"f30c29e4-97c2-49f8-a11a-b9638cf9afb7","local_time":"20210215054335","daily_mods":["Cursed Run","Red Cards","Midas"],"is_ascension_mode":false,"campfire_choices":[{"floor":6,"key":"REST"},{"floor":25,"key":"REST"}],"circlet_count":0,"master_deck":["conspire:GhostlyStrike","conspire:GhostlyStrike","conspire:GhostlyStrike","conspire:GhostlyStrike","conspire:GhostlyStrike+1","conspire:GhostlyDefend","conspire:GhostlyDefend","conspire:GhostlyDefend","conspire:GhostlyDefend","Survivor","Neutralize","Languid","conspire:NecroticWound","Hallucinations","All Out Attack+1","Reckless Charge","Quick Slash","Heavy Blade","Decay","conspire:Charge","Thunderclap","Hemogenesis","Regret","Infernal Blade","testmod-ShutDown","Pain","Limit Break","Life Link","RitualDagger","Bloodletting","Armaments","Bane","ReplayTheSpireMod:IOU","Thunderclap"],"relics":["Cursed Key","Darkstone Periapt","Du-Vu Doll","testmod-TestBox","testmod-Laevatain","Centennial Puzzle","Bottled Lightning","testmod-DragonStarHat","expansioncontent:StudyCardRelic","PreservedInsect","Blood Vial","testmod-Register","Gremlin Food","ReplayTheSpireMod:TigerMarble"],"acts_visited":["Exordium","TheCity"],"potions_floor_usage":[],"damage_taken":[{"damage":0,"enemies":"2 Louse","floor":1,"turns":2},{"damage":1,"enemies":"Jaw Worm","floor":2,"turns":2},{"damage":16,"enemies":"Lagavulin","floor":7,"turns":4},{"damage":0,"enemies":"Cultist","floor":8,"turns":2},{"damage":0,"enemies":"Blue Slaver","floor":10,"turns":2},{"damage":0,"enemies":"Red Slaver","floor":11,"turns":2},{"damage":2,"enemies":"Looter","floor":12,"turns":2},{"damage":4,"enemies":"3 Sentries","floor":14,"turns":2},{"damage":0,"enemies":"Slime Boss","floor":16,"turns":3},{"damage":2,"enemies":"Chosen","floor":18,"turns":2},{"damage":5,"enemies":"3 Byrds","floor":21,"turns":2},{"damage":3,"enemies":"Centurion and Healer","floor":22,"turns":2},{"damage":12,"enemies":"Gremlin Leader","floor":23,"turns":2},{"damage":7,"enemies":"Snake Plant","floor":24,"turns":2},{"damage":12,"enemies":"conspire:HollyBat","floor":27,"turns":4}],"seed_played":"-463004689936713651","potions_obtained":[{"floor":1,"key":"bronze:BurnAndBuffPotion"},{"floor":7,"key":"Strength Potion"},{"floor":8,"key":"Swift Potion"},{"floor":10,"key":"Energy Potion"}],"is_trial":false,"path_per_floor":["M","M","?","?","?","R","E","M","T","M","M","M","?","E","R","B",null,"M","$","?","M","M","E","M","R","T","M"],"character_chosen":"THE_SILENT","items_purchased":["PreservedInsect","Blood Vial","testmod-Register"],"campfire_rested":2,"item_purchase_floors":[19,19,19],"current_hp_per_floor":[88,87,87,87,87,88,72,72,78,78,78,76,82,83,83,94,106,104,104,98,95,94,84,79,106,112,100,100],"gold":1039,"neow_bonus":"","is_daily":true,"chose_seed":false,"campfire_upgraded":0,"win_rate":0.0,"timestamp":1613339015,"path_taken":["M","M","?","?","?","R","E","M","T","M","?","?","?","E","R","BOSS","M","?","?","M","M","E","M","R","T","M"],"items_purchased_type":["Relic","Relic","Relic"],"build_version":"2020-12-22","purchased_purges":0,"victory":false,"max_hp_per_floor":[88,88,88,88,88,88,88,88,94,94,94,94,100,100,100,106,106,106,106,106,106,106,106,106,106,112,112,112],"card_choices":[{"not_picked":["Wild Strike","Power Through"],"picked":"All Out Attack","floor":1},{"not_picked":["conspire:DoublingDagger","Cloak And Dagger"],"picked":"Reckless Charge","floor":2},{"not_picked":["Deadly Poison","Intimidate"],"picked":"Quick Slash","floor":7},{"not_picked":["Pommel Strike","Leg Sweep"],"picked":"Heavy Blade","floor":8},{"not_picked":["Perfected Strike","Skewer"],"picked":"conspire:Charge","floor":10},{"not_picked":["Catalyst","Backflip"],"picked":"Thunderclap","floor":11},{"not_picked":["Dash","Finisher"],"picked":"Hemogenesis","floor":12},{"not_picked":["Warcry","Hemokinesis"],"picked":"Infernal Blade","floor":14},{"not_picked":["Immolate","Impervious"],"picked":"Limit Break","floor":16},{"not_picked":["Tactician","Sword Boomerang"],"picked":"Life Link","floor":18},{"not_picked":["Deflect","ReplayReversal"],"picked":"Bloodletting","floor":21},{"not_picked":["Intimidate","Dodge and Roll"],"picked":"Armaments","floor":22},{"not_picked":["Concentrate","Cloak And Dagger","Distraction"],"picked":"SKIP","floor":23},{"not_picked":["Escape Plan","Clash"],"picked":"Bane","floor":24},{"not_picked":["Havoc","Poisoned Stab"],"picked":"Thunderclap","floor":27}],"player_experience":618145,"relics_obtained":[{"floor":7,"key":"Centennial Puzzle"},{"floor":9,"key":"Bottled Lightning"},{"floor":14,"key":"testmod-DragonStarHat"},{"floor":23,"key":"Gremlin Food"},{"floor":26,"key":"ReplayTheSpireMod:TigerMarble"}],"event_choices":[{"damage_healed":0,"gold_gain":0,"player_choice":"Swap Relic","damage_taken":0,"relics_obtained":["testmod-TestBox"],"max_hp_gain":0,"max_hp_loss":0,"event_name":"给自己的盒子","floor":3,"relics_lost":["testmod-TestBox"],"gold_loss":0},{"damage_healed":0,"gold_gain":0,"player_choice":"Grow","damage_taken":0,"max_hp_gain":0,"max_hp_loss":0,"event_name":"Living Wall","floor":4,"gold_loss":0,"cards_upgraded":["All Out Attack"]},{"damage_healed":0,"gold_gain":0,"player_choice":"Agree","damage_taken":0,"max_hp_gain":0,"max_hp_loss":0,"event_name":"conspire:LoneGhost","floor":5,"gold_loss":0},{"damage_healed":0,"gold_gain":275,"player_choice":"Desecrate","damage_taken":0,"max_hp_gain":0,"max_hp_loss":0,"event_name":"Golden Shrine","floor":13,"gold_loss":0,"cards_obtained":["Regret"]},{"damage_healed":0,"gold_gain":0,"player_choice":"Joined the Cult","damage_taken":6,"max_hp_gain":0,"max_hp_loss":0,"event_name":"Nest","floor":20,"gold_loss":0,"cards_obtained":["RitualDagger"]}],"is_beta":false,"boss_relics":[{"not_picked":["Astrolabe","Sozu"],"picked":"expansioncontent:StudyCardRelic"}],"items_purged_floors":[],"is_endless":false,"potions_floor_spawned":[1,7,8,10,21,24],"killed_by":"conspire:HollyBat","ascension_level":0}}