{"host":"aapp7ew3jk5k1bvd","time":1613306940,"event":{"mods":["AchievementEnabler","BaseMod","Colored Map","Custom Start","Keyboard Shortcuts","Minty Spire (QoL Compilation)","Permanent Neow","Quick Restart","StSLib","SuperFastMode"],"gold_per_floor":[116,133,58,74,74,101,120,120,120],"floor_reached":8,"language":"KOR","playtime":133,"items_purged":["Strike_B"],"score":58,"play_id":"e854ebcf-8bb7-48d4-aac5-285726032f19","local_time":"20210214214900","is_ascension_mode":false,"campfire_choices":[],"circlet_count":0,"master_deck":["Strike_B","Strike_B","Defend_B","Defend_B","Defend_B","Defend_B","Zap","Dualcast","Hyperbeam","Conserve Battery","Rebound"],"relics":["Cracked Core","Bag of Marbles"],"acts_visited":["Exordium"],"potions_floor_usage":[],"damage_taken":[{"damage":0,"enemies":"Jaw Worm","floor":1,"turns":3},{"damage":0,"enemies":"Cultist","floor":2,"turns":3},{"damage":0,"enemies":"2 Louse","floor":4,"turns":1},{"damage":31,"enemies":"Lagavulin","floor":6,"turns":6},{"damage":0,"enemies":"Gremlin Gang","floor":7,"turns":1},{"damage":0,"enemies":"3 Sentries","floor":8,"turns":1}],"seed_played":"6050631603560634462","potions_obtained":[{"floor":2,"key":"SkillPotion"},{"floor":4,"key":"Regen Potion"},{"floor":7,"key":"Dexterity Potion"}],"is_trial":false,"path_per_floor":["M","M","$","M","?","E","M","E"],"character_chosen":"DEFECT","items_purchased":[],"campfire_rested":0,"item_purchase_floors":[],"current_hp_per_floor":[54,54,54,54,54,23,23,23,23],"gold":120,"neow_bonus":"THREE_RARE_CARDS","is_daily":false,"chose_seed":false,"campfire_upgraded":0,"win_rate":0.0,"timestamp":1613306940,"path_taken":["M","M","$","M","?","E","M","E"],"items_purchased_type":[],"build_version":"2020-12-22","purchased_purges":1,"victory":false,"max_hp_per_floor":[75,75,75,75,75,75,75,75,75],"card_choices":[{"not_picked":["Amplify","Core Surge"],"picked":"Hyperbeam","floor":0},{"not_picked":["Rebound","BootSequence"],"picked":"Conserve Battery","floor":1},{"not_picked":["White Noise","FTL","Turbo"],"picked":"SKIP","floor":2},{"not_picked":["White Noise","FTL","Turbo"],"picked":"SKIP","floor":2},{"not_picked":["Heatsinks","Steam","Go for the Eyes"],"picked":"SKIP","floor":4},{"not_picked":["Redo","Lockon","Coolheaded"],"picked":"SKIP","floor":6},{"not_picked":["Steam Power","Blizzard","Rip and Tear"],"picked":"SKIP","floor":7}],"player_experience":1362502,"relics_obtained":[{"floor":6,"key":"Bag of Marbles"}],"event_choices":[{"damage_healed":0,"gold_gain":0,"cards_transformed":["Strike_B"],"player_choice":"Transformed","damage_taken":0,"max_hp_gain":0,"max_hp_loss":0,"event_name":"Transmorgrifier","floor":5,"gold_loss":0,"cards_obtained":["Rebound"]}],"is_beta":false,"boss_relics":[],"items_purged_floors":[3],"is_endless":false,"potions_floor_spawned":[2,4,7],"killed_by":"3 Sentries","ascension_level":0}}