{"host":"67z713vnjolu4670","time":1613270606,"event":{"mods":["Act Like it!","BaseMod","BetterRewards","Colored Map","Colored Powertips","Downfall","Gensokyo","Minty Spire (QoL Compilation)","Quick Restart","Rare Cards Sparkle","Replay The Spire","StSLib","The Jungle","WarShipGirlsR/’ΩΩ¢…Ÿ≈ÆR mod"],"gold_per_floor":[112,112,62,75,93,119,119,136,136,136,236,249,279,297,297,402,402,414,15,31,31,0,0,15,650,650,650,663,663,680,694,694,694,694],"floor_reached":33,"language":"ZHS","playtime":2471,"items_purged":[],"score":429,"play_id":"38cb0b7d-f55b-4daf-a3ce-1a31278c141b","local_time":"20210214104326","is_ascension_mode":false,"campfire_choices":[{"data":"rmod:openingtorpedo","floor":7.0,"key":"SMITH"},{"data":"rmod:stealaluminum","floor":15.0,"key":"SMITH"},{"data":"rmod:circuitoustactics","floor":23.0,"key":"SMITH"}],"circlet_count":0,"master_deck":["rmod:strick","rmod:strick","rmod:strick","rmod:strick","rmod:defend+1","rmod:defend+1","rmod:defend","rmod:defend","rmod:basicallowance","rmod:maingunfire","rmod:firesupport","rmod:fuelsupply","rmod:circuitoustactics+1","rmod:unsinkable","rmod:openingtorpedo+1","rmod:aluminumsupply","Clumsy","downfall:Haunted","downfall:Haunted","downfall:Icky","CommonCold","rmod:stealaluminum+1","Pain","rmod:ammunitionsupply","rmod:ring+1","rmod:guardianhero","rmod:expeditionaryescort","rmod:aggressivemary+1","Gensokyo:BlemishedSteel","Gensokyo:MissMary","rmod:mineteam+1","rmod:wife","rmod:maintain+1"],"relics":["rmod:firstchargereward","NeowsBlessing","PreservedInsect","War Paint","Gensokyo:NagashiBinaDoll","Du-Vu Doll","Pantograph","Coffee Dripper","rmod:equipmentrecovery","Old Coin","Gremlin Horn"],"acts_visited":["Gensokyo:Gensokyo","Gensokyo:Gensokyoer"],"potions_floor_usage":[33,33,33],"damage_taken":[{"damage":0.0,"enemies":"Gensokyo:2_Kodama","floor":1.0,"turns":1.0},{"damage":0.0,"enemies":"Gensokyo:Gryphon","floor":4.0,"turns":1.0},{"damage":0.0,"enemies":"Gensokyo:Python","floor":5.0,"turns":1.0},{"damage":18.0,"enemies":"Gensokyo:Cirno","floor":6.0,"turns":10.0},{"damage":0.0,"enemies":"Gensokyo:3_Kodama","floor":8.0,"turns":2.0},{"damage":8.0,"enemies":"Gensokyo:CorruptedTreant","floor":12.0,"turns":2.0},{"damage":21.0,"enemies":"Gensokyo:Mamizou","floor":13.0,"turns":5.0},{"damage":0.0,"enemies":"Gensokyo:VengefulSpirit","floor":14.0,"turns":1.0},{"damage":22.0,"enemies":"Gensokyo:Yukari","floor":16.0,"turns":14.0},{"damage":19.0,"enemies":"Gensokyo:AngelMirror","floor":18.0,"turns":2.0},{"damage":4.0,"enemies":"Gensokyo:Chomper","floor":20.0,"turns":2.0},{"damage":29.0,"enemies":"Gensokyo:Monolith_and_Dog","floor":24.0,"turns":5.0},{"damage":12.0,"enemies":"Gensokyo:Reisen","floor":25.0,"turns":5.0},{"damage":10.0,"enemies":"Gensokyo:Wraith","floor":28.0,"turns":3.0},{"damage":11.0,"enemies":"Gensokyo:Chomper_and_Gloop","floor":30.0,"turns":3.0},{"damage":0.0,"enemies":"Gensokyo:Swordslinger","floor":31.0,"turns":3.0},{"damage":55,"enemies":"Gensokyo:Eternal_Rivals","floor":33,"turns":5}],"seed_played":"-2101382527833797878","potions_obtained":[{"floor":1.0,"key":"Adrenaline Potion"},{"floor":8.0,"key":"Dexterity Potion"},{"floor":13.0,"key":"PowerPotion"},{"floor":14.0,"key":"SmokeBomb"},{"floor":30.0,"key":"Toxic Potion"},{"floor":31.0,"key":"LiquidBronze"}],"is_trial":false,"path_per_floor":["M","?","$","M","M","E","R","M","T","?","?","M","E","M","R","B",null,"M","COS","M","?","?","R","M","E","T","?","M","?","M","M","R_BF","B"],"character_chosen":"PRAEFECT","items_purchased":["rmod:fuelsupply"],"campfire_rested":0,"item_purchase_floors":[3],"current_hp_per_floor":[75,82,82,82,82,64,64,64,64,64,69,61,40,40,40,43,87,68,68,64,64,64,64,35,23,23,23,13,13,2,2,28,0,0],"gold":694,"neow_bonus":"THREE_ENEMY_KILL","is_daily":false,"chose_seed":false,"campfire_upgraded":3,"win_rate":0.0,"timestamp":1613270606,"path_taken":["M","?","$","?","M","E","R","M","T","?","?","M","E","M","R","BOSS","M","COS","M","?","?","R","?","E","T","?","?","?","?","M","R_BF","BOSS"],"items_purchased_type":["Card"],"build_version":"2020-12-22","purchased_purges":0,"victory":false,"max_hp_per_floor":[75,82,82,82,82,82,82,82,82,82,87,87,87,87,87,87,87,87,87,87,87,87,87,87,87,87,87,87,87,87,87,87,87,87],"card_choices":[{"not_picked":["rmod:shuttlebombing","rmod:aviationdawn"],"picked":"rmod:firesupport","floor":1.0},{"not_picked":["rmod:maintain","rmod:spoils"],"picked":"rmod:circuitoustactics","floor":4.0},{"not_picked":["rmod:launchingtorpedo","rmod:combined"],"picked":"rmod:unsinkable","floor":5.0},{"not_picked":["rmod:victimresponsibility","rmod:timeschanged"],"picked":"rmod:openingtorpedo","floor":6.0},{"not_picked":["rmod:luckystar","rmod:steelsupply"],"picked":"rmod:aluminumsupply","floor":8.0},{"not_picked":["rmod:luckystar","rmod:aviationdawn"],"picked":"rmod:ammunitionsupply","floor":12.0},{"not_picked":["rmod:wolves","rmod:selfconfidence"],"picked":"rmod:ring","floor":13.0},{"not_picked":["rmod:selfconfidence","rmod:tearstotiara"],"picked":"rmod:guardianhero","floor":14.0},{"not_picked":["rmod:u235","rmod:abidefaith"],"picked":"rmod:expeditionaryescort","floor":16.0},{"not_picked":["rmod:goodfighter","rmod:intelligenceanalysis"],"picked":"rmod:aggressivemary+1","floor":18.0},{"not_picked":["rmod:lonelyqueen","rmod:selfconfidence","rmod:intelligenceanalysis"],"picked":"SKIP","floor":20.0},{"not_picked":["rmod:ammunitionsupply","rmod:supportescort","rmod:sl+1"],"picked":"SKIP","floor":24.0},{"not_picked":["rmod:unsinkable","rmod:ammunitionsupply+1"],"picked":"rmod:mineteam+1","floor":25.0},{"not_picked":["rmod:intelligenceanalysis+1","rmod:unsinkable","rmod:tearstotiara"],"picked":"SKIP","floor":28.0},{"not_picked":["rmod:aluminumsupply","rmod:heivgo+1","rmod:tearstotiara"],"picked":"SKIP","floor":30.0},{"not_picked":["rmod:smokecover","rmod:auspiciousomen"],"picked":"rmod:maintain","floor":31.0}],"player_experience":12055,"relics_obtained":[{"floor":6.0,"key":"PreservedInsect"},{"floor":9.0,"key":"War Paint"},{"floor":13.0,"key":"Pantograph"},{"floor":25.0,"key":"Old Coin"},{"floor":26.0,"key":"Gremlin Horn"}],"event_choices":[],"is_beta":false,"boss_relics":[{"not_picked":["bronze:MakeshiftBattery","Sozu"],"picked":"Coffee Dripper"}],"items_purged_floors":[],"is_endless":false,"potions_floor_spawned":[1,8,13,14,30,31],"killed_by":"Gensokyo:Eternal_Rivals","ascension_level":0}}