{"host":"3ybshewjyuw675ln","time":1613311001,"event":{"mods":["BaseMod","Downfall","Minty Spire (QoL Compilation)","Reliquary","StSLib","The Necromancer"],"gold_per_floor":[113,133,13255,13255,12393,12393,12424,12424,12477,12497,12497,11978,11978,11995,11995,12100,12100,12118,12033,11194,11194,11212,11247,11247,11274,11301,11315,11325,11325,11325,10618,10618,10716,10716,10735,10745,10122,10133,10146,10146,10157,10189,10189,10224,9585,9585,9585,9595,9595,9595],"floor_reached":51,"language":"ENG","playtime":3753,"items_purged":["Strike_W","Strike_W","Strike_W","Strike_W","Defend_W","Defend_W"],"score":818,"play_id":"ab00b08b-bbe7-4954-be76-479992bdcdd0","local_time":"20210214145641","is_ascension_mode":false,"campfire_choices":[{"data":"Acid_Javelin","floor":6,"key":"SMITH"},{"data":"Finger_Of_Death","floor":8,"key":"SMITH"},{"data":"Necrotic_Claws","floor":15,"key":"SMITH"},{"data":"Cloudkill","floor":24,"key":"SMITH"},{"data":"Negative_Energy_Shield","floor":29,"key":"SMITH"},{"data":"Bone_Bullets","floor":32,"key":"SMITH"},{"data":"Bone_Wall","floor":40,"key":"SMITH"},{"data":"Bone_Spikes","floor":46,"key":"SMITH"},{"data":"Negative_Energy_Arrows","floor":49,"key":"SMITH"}],"circlet_count":0,"master_deck":["Defend_W","Defend_W","Negative_Energy_Arrows+1","Bone_Wall+1","Bone_Spikes+1","Acid_Javelin+1","Negative_Energy_Shield+1","Finger_Of_Death+1","Bone_Bullets+1","Necrotic_Claws+1","Cloudkill+1","Plague_Bolt+1","Consume_Illness+1","Negative_Energy_Javelin+1","Shackles_Of_Pain+1","Summon_Undead+1"],"relics":["SlaversCollar","Peace Pipe","reliquary:Boomerang","Strange Spoon","Anchor","Shuriken","reliquary:BrokenClock","Runic Dome","Meat on the Bone","reliquary:OuijaBoard","Orrery","reliquary:PorcupineQuills","CaptainsWheel","reliquary:ExpiredCoupon","Bottled Flame","Vajra","Sling","reliquary:RedPaperclip","Lizard Tail","ClockworkSouvenir","reliquary:TuningFork","Orichalcum","Ginger","Pen Nib"],"acts_visited":["Exordium","TheCity","TheBeyond"],"potions_floor_usage":[50],"damage_taken":[{"damage":5,"enemies":"2 Louse","floor":1,"turns":4},{"damage":4,"enemies":"Jaw Worm","floor":2,"turns":5},{"damage":13,"enemies":"3 Sentries","floor":7,"turns":9},{"damage":4,"enemies":"Small Slimes","floor":10,"turns":3},{"damage":9,"enemies":"Red Slaver","floor":14,"turns":3},{"damage":28,"enemies":"Slime Boss","floor":16,"turns":6},{"damage":12,"enemies":"2 Thieves","floor":18,"turns":4},{"damage":0,"enemies":"Chosen","floor":22,"turns":3},{"damage":44,"enemies":"Slavers","floor":23,"turns":6},{"damage":22,"enemies":"Gremlin Leader","floor":25,"turns":5},{"damage":12,"enemies":"Centurion and Healer","floor":27,"turns":2},{"damage":14,"enemies":"Shelled Parasite and Fungi","floor":28,"turns":3},{"damage":22,"enemies":"Collector","floor":33,"turns":8},{"damage":35,"enemies":"3 Darklings","floor":35,"turns":3},{"damage":0,"enemies":"Orb Walker","floor":36,"turns":2},{"damage":10,"enemies":"Transient","floor":38,"turns":5},{"damage":14,"enemies":"Sphere and 2 Shapes","floor":39,"turns":4},{"damage":8,"enemies":"Writhing Mass","floor":41,"turns":4},{"damage":29,"enemies":"Giant Head","floor":42,"turns":5},{"damage":0,"enemies":"Nemesis","floor":44,"turns":2},{"damage":7,"enemies":"Maw","floor":48,"turns":4},{"damage":62,"enemies":"Donu and Deca","floor":50,"turns":5}],"seed_played":"3668456566494435291","potions_obtained":[{"floor":1,"key":"ColorlessPotion"},{"floor":23,"key":"DuplicationPotion"}],"is_trial":false,"path_per_floor":["M","M","?","?","$","R","E","R","T","M","?","$","?","M","R","B",null,"M","?","$","?","M","E","R","E","T","M","M","R","?","$","R","B",null,"M","M","$","M","M","R","M","E","T","E","$","R","?","M","R","B",null],"character_chosen":"NECROMANCER","items_purchased":["Peace Pipe","reliquary:Boomerang","Strange Spoon","Acid_Javelin","Negative_Energy_Shield","Energy Potion","SkillPotion","Shuriken","reliquary:BrokenClock","Bone_Bullets","reliquary:OuijaBoard","Sundial","Orrery","Bottled Flame","Vajra","Sling","Lizard Tail","ClockworkSouvenir","Ginger","Pen Nib"],"campfire_rested":0,"item_purchase_floors":[5,5,5,5,5,5,5,12,12,12,20,20,20,31,31,31,37,37,45,45],"current_hp_per_floor":[70,66,66,66,66,66,53,53,53,49,49,49,49,40,40,12,75,63,63,63,75,75,43,43,33,33,33,31,31,31,31,31,24,75,40,40,40,42,40,40,47,33,33,45,45,45,45,38,38,33],"gold":9595,"neow_bonus":"BOSS_RELIC","is_daily":false,"chose_seed":false,"campfire_upgraded":9,"win_rate":0.0,"timestamp":1613311001,"path_taken":["M","M","?","?","$","R","E","R","T","M","?","$","?","M","R","BOSS","M","?","$","?","?","E","R","E","T","M","M","R","?","$","R","BOSS","M","M","$","M","M","R","?","E","T","E","$","R","?","M","R","BOSS"],"items_purchased_type":["Relic","Relic","Relic","Card","Card","Potion","Potion","Relic","Relic","Card","Relic","Relic","Relic","Relic","Relic","Relic","Relic","Relic","Relic","Relic"],"build_version":"2020-12-22","purchased_purges":6,"victory":true,"max_hp_per_floor":[75,75,75,75,75,75,75,75,75,75,75,75,75,75,75,75,75,75,75,75,75,75,75,75,75,75,75,75,75,75,75,75,75,75,75,75,75,75,75,75,75,75,75,75,75,75,75,75,75,75],"card_choices":[{"not_picked":["Blood_for_Blood","Consume_Illness","Pandemic"],"picked":"SKIP","floor":1},{"not_picked":["Toxic_Smoke_Screen","Death_Coil"],"picked":"Bone_Spikes","floor":2},{"not_picked":["Reap_The_Weak","Negative_Energy_Javelin"],"picked":"Finger_Of_Death","floor":7},{"not_picked":["Negative_Energy_Mist","Death_Coil","Vampiric_Strike"],"picked":"SKIP","floor":10},{"not_picked":["Death_March_Dance","Chill_Blood"],"picked":"Necrotic_Claws","floor":14},{"not_picked":["Reap_The_Weak","Negative_Energy_Bomb"],"picked":"Cloudkill","floor":16},{"not_picked":["Bone_Armor","Vampiric_Strike","Bone_Shift"],"picked":"SKIP","floor":18},{"not_picked":["Siphon_Strength","Necromantic_Selection+1"],"picked":"Plague_Bolt+1","floor":20},{"not_picked":["Deaths_Shadow","Corrupt"],"picked":"Consume_Illness+1","floor":20},{"not_picked":["Bone_Armor","Necromantic_Selection"],"picked":"Negative_Energy_Javelin+1","floor":20},{"not_picked":["Reap_The_Weak","Bone_Shift"],"picked":"Shackles_Of_Pain+1","floor":22},{"not_picked":["Whirlwind_of_Bones","Blood_Shield","Exploit"],"picked":"SKIP","floor":23},{"not_picked":["Epidemic","Blood_Whip+1","Shackles_Of_Pain"],"picked":"SKIP","floor":25},{"not_picked":["Blood_Curse","Reap_The_Weak","Bone_Spikes"],"picked":"SKIP","floor":27},{"not_picked":["Shackles_Of_Pain","Death_Coil","Necrotic_Claws"],"picked":"SKIP","floor":28},{"not_picked":["Shade_Step","Blood_Shield+1","Stop_Heart+1"],"picked":"SKIP","floor":35},{"not_picked":["Negative_Energy_Sphere+1","Bone_Bullets","Uncharnel"],"picked":"SKIP","floor":36},{"not_picked":["Shackles_Of_Pain","Spectral_Armor+1","Bones_to_Steel+1"],"picked":"SKIP","floor":38},{"not_picked":["Bone_Spikes+1","Stop_Heart"],"picked":"Summon_Undead_Army+1","floor":39},{"not_picked":["Slay_Living+1","Negative_Energy_Javelin","Bone_Bullets"],"picked":"SKIP","floor":41},{"not_picked":["Blood_Curse","Chill_Blood+1","Cloudkill"],"picked":"SKIP","floor":42},{"not_picked":["Negative_Energy_Javelin+1","Bone_Spikes+1","Bones_to_Steel"],"picked":"SKIP","floor":44},{"not_picked":["Pandemic+1","Negative_Energy_Shield+1"],"picked":"Summon_Undead+1","floor":48}],"player_experience":40186,"relics_obtained":[{"floor":7,"key":"reliquary:SculptingSteel"},{"floor":9,"key":"Anchor"},{"floor":23,"key":"reliquary:PorcupineQuills"},{"floor":25,"key":"CaptainsWheel"},{"floor":26,"key":"reliquary:ExpiredCoupon"},{"floor":42,"key":"reliquary:TuningFork"},{"floor":44,"key":"Orichalcum"}],"event_choices":[{"damage_healed":0,"gold_gain":0,"player_choice":"Left Gold","damage_taken":0,"max_hp_gain":0,"max_hp_loss":0,"event_name":"World of Goop","floor":3,"gold_loss":45},{"damage_healed":0,"gold_gain":0,"player_choice":"Ignored","damage_taken":0,"max_hp_gain":0,"max_hp_loss":0,"event_name":"Golden Wing","floor":4,"gold_loss":0},{"damage_healed":0,"gold_gain":0,"player_choice":"Ignored","damage_taken":0,"max_hp_gain":0,"max_hp_loss":0,"event_name":"Golden Idol","floor":11,"gold_loss":0},{"damage_healed":0,"gold_gain":0,"player_choice":"Ignored","damage_taken":0,"max_hp_gain":0,"max_hp_loss":0,"event_name":"Liars Game","floor":13,"gold_loss":0},{"damage_healed":0,"gold_gain":0,"player_choice":"Obtained Relic","damage_taken":0,"relics_obtained":["Meat on the Bone"],"max_hp_gain":0,"max_hp_loss":0,"event_name":"Addict","floor":19,"gold_loss":85},{"damage_healed":12,"gold_gain":0,"player_choice":"Full Heal","damage_taken":0,"max_hp_gain":0,"max_hp_loss":0,"event_name":"Wheel of Change","floor":21,"gold_loss":0},{"damage_healed":0,"gold_gain":0,"player_choice":"Bought 0 Potions","damage_taken":0,"max_hp_gain":0,"max_hp_loss":0,"event_name":"The Woman in Blue","floor":30,"gold_loss":0},{"cards_removed":["Summon_Undead_Army"],"damage_healed":0,"gold_gain":0,"player_choice":"Removed Power","damage_taken":0,"max_hp_gain":0,"max_hp_loss":0,"event_name":"Falling","floor":47,"gold_loss":0}],"is_beta":false,"boss_relics":[{"not_picked":["Cursed Key","reliquary:KinkedSpring"],"picked":"Runic Dome"},{"not_picked":["Black Star","SacredBark"],"picked":"reliquary:RedPaperclip"}],"items_purged_floors":[5,12,20,31,37,45],"is_endless":false,"potions_floor_spawned":[1,14,16,23,33,38,42,44,48],"ascension_level":0}}