{"host":"mg6qqnp83j5r6p2r","time":1613273695,"event":{"mods":["Alarm Clock","BaseMod","Block Reminder","Colored Map","Colored Powertips","Dark Map","Highlight Path","Minty Spire (QoL Compilation)","Random Character Button","Rare Cards Sparkle","Relic Sorter","Relic Stats","StSLib"],"gold_per_floor":[113,113,113,126,126,152,171,171,171],"floor_reached":8,"language":"ENG","playtime":331,"items_purged":[],"score":67,"play_id":"15169aa8-142a-457c-9a3f-67c1fb3ba78c","local_time":"20210213213455","is_ascension_mode":true,"campfire_choices":[],"circlet_count":0,"master_deck":["Strike_G","Strike_G","Strike_G","Strike_G","Defend_G","Defend_G","Defend_G+1","Defend_G","Defend_G+1","Survivor","Neutralize+1","Blade Dance","Flying Knee","Cloak And Dagger","Leg Sweep"],"relics":["Ring of the Snake","War Paint","Omamori"],"acts_visited":["Exordium"],"potions_floor_usage":[6,8],"damage_taken":[{"damage":1,"enemies":"Jaw Worm","floor":1,"turns":5},{"damage":4,"enemies":"Small Slimes","floor":4,"turns":4},{"damage":38,"enemies":"Gremlin Nob","floor":6,"turns":6},{"damage":0,"enemies":"2 Louse","floor":7,"turns":2},{"damage":24,"enemies":"Lagavulin","floor":8,"turns":11}],"seed_played":"-7975406066928434455","potions_obtained":[{"floor":1,"key":"DuplicationPotion"},{"floor":6,"key":"Energy Potion"}],"is_trial":false,"path_per_floor":["M","?","?","M","?","E","M","E"],"character_chosen":"THE_SILENT","items_purchased":[],"campfire_rested":0,"item_purchase_floors":[],"current_hp_per_floor":[69,62,62,58,58,20,20,0,0],"gold":171,"neow_bonus":"RANDOM_COMMON_RELIC","is_daily":false,"chose_seed":false,"campfire_upgraded":0,"win_rate":0.0,"timestamp":1613273695,"path_taken":["M","?","?","M","?","E","M","E"],"items_purchased_type":[],"build_version":"2020-12-22","purchased_purges":0,"victory":false,"max_hp_per_floor":[70,70,70,70,70,70,70,70,70],"relic_stats":{"counters":[5,28],"War Paint":["Defend_G","Defend_G"],"obtain_stats":[{"Omamori":6,"War Paint":0,"Ring of the Snake":0},{"Omamori":3,"War Paint":0,"Ring of the Snake":0},{"Omamori":15,"War Paint":0,"Ring of the Snake":0}],"Ring of the Snake":[10]},"card_choices":[{"not_picked":["All Out Attack","Prepared"],"picked":"Blade Dance","floor":1},{"not_picked":["Dagger Spray","Finisher"],"picked":"Flying Knee","floor":4},{"not_picked":["Deadly Poison","Outmaneuver"],"picked":"Cloak And Dagger","floor":6},{"not_picked":["Setup","Underhanded Strike"],"picked":"Leg Sweep","floor":7}],"player_experience":249977,"relics_obtained":[{"floor":6,"key":"Omamori"}],"event_choices":[{"cards_removed":["Strike_G"],"damage_healed":0,"gold_gain":0,"player_choice":"Card Removal","damage_taken":7,"max_hp_gain":0,"max_hp_loss":0,"event_name":"Golden Wing","floor":2,"gold_loss":0},{"damage_healed":0,"gold_gain":0,"player_choice":"Ignored","damage_taken":0,"max_hp_gain":0,"max_hp_loss":0,"event_name":"Liars Game","floor":3,"gold_loss":0},{"damage_healed":0,"gold_gain":0,"player_choice":"Grow","damage_taken":0,"max_hp_gain":0,"max_hp_loss":0,"event_name":"Living Wall","floor":5,"gold_loss":0,"cards_upgraded":["Neutralize"]}],"is_beta":false,"boss_relics":[],"items_purged_floors":[],"is_endless":false,"potions_floor_spawned":[1,6],"killed_by":"Lagavulin","ascension_level":4}}