{"host":"amduk82rbaelv3uo","time":1613300830,"event":{"mods":["AchievementEnabler","BaseMod","BetterRewards","Colored Map","Colored Powertips","Defuse TimeMaze Blight","Downfall","Highlight Path","Infinite Spire","Minty Spire (QoL Compilation)","Permanent Neow","Quick Restart","Replay The Spire","StSLib"],"gold_per_floor":[119,119,119,129,145,145,158,158,158,174,204,215,215,249,249,347,347,362,381,439,452,452,481,481,507,507,532,544,559,575,575,575,680,680,697,712,712,781,794,824,824,859,908,940,127,127,32,43,43,43,43,43,5,40,40,40,40],"floor_reached":55,"language":"ENG","playtime":6153,"items_purged":[],"score":920,"play_id":"60fd3bbe-55d7-4eb3-a5f6-ad60c9ef0ec7","local_time":"20210214110710","is_ascension_mode":true,"campfire_choices":[{"data":"Guardian:TwinSlam","floor":6.0,"key":"SMITH"},{"floor":13.0,"key":"REST"},{"floor":15.0,"key":"REST"},{"data":"Guardian:RevengeProtocol","floor":24.0,"key":"SMITH"},{"floor":32.0,"key":"REST"},{"floor":41.0,"key":"RECALL"},{"floor":49.0,"key":"REST"},{"data":"Guardian:Orbwalk","floor":52,"key":"SMITH"}],"circlet_count":0,"master_deck":["Guardian:Strike_Guardian","Guardian:Strike_Guardian","Guardian:Defend_Guardian","Guardian:Defend_Guardian","Guardian:Defend_Guardian","Guardian:Defend_Guardian","Guardian:CurlUp","Guardian:TwinSlam+1","Guardian:SentryBeam","Guardian:GuardianWhirl","Guardian:TemporalShield","Guardian:RevengeProtocol+1","Guardian:ChargeCore","Guardian:TemporalStrike","Guardian:ExploitGems","Looming Evil","CommonCold","CurseOfTheBell","Guardian:Planning+1","Guardian:RollAttack+1","Guardian:CrystalBeam+1","Guardian:WalkerClaw+1","Guardian:ArmoredProtocol+1","Guardian:PiercingHide","Guardian:ChargeCore+1","Decay","Guardian:GatlingBeam","Guardian:TimeBomb+1","Guardian:BronzeOrb","Guardian:FierceBash","Guardian:Planning","Guardian:PolyBeam+1","Guardian:Repulse","Guardian:Repulse","Guardian:TimeBomb","Guardian:Incinerate","Enlightenment","Finesse","Enlightenment","Guardian:Orbwalk+1","Guardian:Suspension","Guardian:BronzeOrb","Guardian:SentryBeam+1","Guardian:TemporalStrike+1"],"relics":["Guardian:ModeShifter","Du-Vu Doll","Lizard Tail","ReplayTheSpireMod:Ninjato","Thread and Needle","Toy Ornithopter","Replay:Ancient Bell","Boot","Replay:WaspNest","Turnip","HornCleat","NlothsMask","Mango","Centennial Puzzle","Tiny Chest","Empty Cage","The Courier","infinitespire:CheckeredPen","infinitespire:Beetle Shell","Replay:Accelerometer","Blue Doll","Durian","Sundial","ReplayTheSpireMod:Lightbulb"],"acts_visited":["TheEnding"],"potions_floor_usage":[55],"damage_taken":[{"damage":20.0,"enemies":"Jaw Worm","floor":1.0,"turns":4.0},{"damage":4.0,"enemies":"Cultist","floor":4.0,"turns":4.0},{"damage":0.0,"enemies":"Small Slimes","floor":5.0,"turns":3.0},{"damage":7.0,"enemies":"Exordium Thugs","floor":7.0,"turns":5.0},{"damage":7.0,"enemies":"3 Louse","floor":10.0,"turns":3.0},{"damage":10.0,"enemies":"3 Sentries","floor":11.0,"turns":7.0},{"damage":1.0,"enemies":"Blue Slaver","floor":12.0,"turns":4.0},{"damage":24.0,"enemies":"Lagavulin","floor":14.0,"turns":5.0},{"damage":5.0,"enemies":"Fading Forest","floor":16.0,"turns":11.0},{"damage":0.0,"enemies":"Spheric Guardian","floor":18.0,"turns":4.0},{"damage":5.0,"enemies":"2 Thieves","floor":19.0,"turns":3.0},{"damage":15.0,"enemies":"Centurion and Healer","floor":21.0,"turns":6.0},{"damage":13.0,"enemies":"Slavers","floor":23.0,"turns":5.0},{"damage":13.0,"enemies":"Gremlin Leader","floor":25.0,"turns":6.0},{"damage":0.0,"enemies":"Replay:Snechameleon","floor":27.0,"turns":5.0},{"damage":7.0,"enemies":"Snake Plant","floor":28.0,"turns":3.0},{"damage":14.0,"enemies":"Sentry and Sphere","floor":29.0,"turns":5.0},{"damage":0.0,"enemies":"3 Cultists","floor":30.0,"turns":5.0},{"damage":44.0,"enemies":"Automaton","floor":33.0,"turns":12.0},{"damage":3.0,"enemies":"Orb Walker","floor":35.0,"turns":2.0},{"damage":0.0,"enemies":"3 Darklings","floor":36.0,"turns":4.0},{"damage":4.0,"enemies":"Jaw Worm Horde","floor":39.0,"turns":4.0},{"damage":1.0,"enemies":"Reptomancer","floor":40.0,"turns":5.0},{"damage":40.0,"enemies":"Nemesis","floor":42.0,"turns":9.0},{"damage":4.0,"enemies":"R_Hoarder","floor":44.0,"turns":7.0},{"damage":13.0,"enemies":"Transient","floor":48.0,"turns":5.0},{"damage":75,"enemies":"Donu and Deca","floor":50,"turns":9},{"damage":64,"enemies":"Shield and Spear","floor":54,"turns":6},{"damage":40,"enemies":"The Heart","floor":55,"turns":6}],"seed_played":"716015622455329955","potions_obtained":[{"floor":10.0,"key":"Energy Potion"},{"floor":12.0,"key":"SteroidPotion"},{"floor":14.0,"key":"SkillPotion"},{"floor":16.0,"key":"Flashbang"},{"floor":19.0,"key":"Toxic Potion"},{"floor":20.0,"key":"CultistPotion"},{"floor":23.0,"key":"Doom Potion"},{"floor":25.0,"key":"SpeedPotion"},{"floor":27.0,"key":"ColorlessPotion"},{"floor":29.0,"key":"Explosive Potion"},{"floor":36.0,"key":"DuplicationPotion"},{"floor":39.0,"key":"ColorlessPotion"},{"floor":54,"key":"Weak Potion"}],"is_trial":false,"path_per_floor":["M","?","T","M","M","R","M","$","T","M","E","M","R","E","R","B",null,"M","M","?","M","?","E","R","E","T","E","M","M","M","?","R","B",null,"M","M","?","T","M","E","R","E","T","E","$","?","$","M","R","B",null,"R","$","E","B"],"character_chosen":"GUARDIAN","items_purchased":["Guardian:Repulse","Block Potion","Guardian:TimeBomb","Guardian:Incinerate","Blue Doll","Durian","Sundial","LifebloodPotion","Guardian:Orbwalk","Guardian:Suspension","Guardian:SentryBeam+1"],"campfire_rested":4,"item_purchase_floors":[45,45,45,45,45,45,45,45,47,47,53],"current_hp_per_floor":[52,52,52,48,48,48,41,41,41,34,24,23,44,20,41,51,72,72,67,39,34,34,35,35,22,22,27,25,11,21,21,46,2,86,83,83,83,83,79,85,85,45,45,41,46,36,36,33,60,45,91,91,91,27,0,0,0],"gold":40,"neow_bonus":"ONE_RARE_RELIC","is_daily":false,"chose_seed":false,"campfire_upgraded":3,"win_rate":0.0,"timestamp":1613300830,"path_taken":["M","?","?","M","M","R","M","?","T","M","E","M","R","E","R","BOSS","M","?","?","M","?","E","R","E","T","E","?","M","M","?","R","BOSS","M","M","?","?","M","E","R","E","T","E","$","?","$","M","R","BOSS","R","$","E","BOSS"],"items_purchased_type":["Card","Potion","Card","Card","Relic","Relic","Relic","Potion","Card","Card","Card"],"build_version":"2020-12-22","purchased_purges":0,"victory":false,"max_hp_per_floor":[72,72,72,72,72,72,72,72,72,72,72,72,72,72,72,72,72,72,72,72,72,72,86,86,86,86,86,86,86,86,86,86,86,86,86,86,86,86,86,86,86,86,86,86,91,91,91,91,91,91,91,91,91,91,91,91,91],"card_choices":[{"not_picked":["Guardian:VentSteam","Guardian:BaubleBeam"],"picked":"Guardian:SentryBeam","floor":1.0},{"not_picked":["Guardian:VentSteam","Guardian:Gem_Red"],"picked":"Guardian:GuardianWhirl","floor":4.0},{"not_picked":["Guardian:VentSteam","Guardian:Reroute"],"picked":"Guardian:TemporalShield","floor":5.0},{"not_picked":["Guardian:PrismaticBarrier","Guardian:Recover"],"picked":"Guardian:RevengeProtocol","floor":7.0},{"not_picked":["Guardian:Gem_Crimson","Guardian:TimeCapacitor"],"picked":"Guardian:Gem_Cyan","floor":10.0},{"not_picked":["Guardian:Repulse","Guardian:Gem_Purple"],"picked":"Guardian:ChargeCore","floor":11.0},{"not_picked":["Guardian:WalkerClaw","Guardian:Preprogram"],"picked":"Guardian:TemporalStrike","floor":12.0},{"not_picked":["Guardian:Repulse","Guardian:BronzeArmor"],"picked":"Guardian:Gem_Fragmented","floor":14.0},{"not_picked":["Guardian:ConstructionForm","Guardian:TimeSifter"],"picked":"Guardian:ExploitGems","floor":16.0},{"not_picked":["ReplayTheSpireMod:IOU","infinitespire:Pacifist"],"picked":"Looming Evil","floor":17.0},{"not_picked":["Doubt","CurseOfTheBell"],"picked":"CommonCold","floor":17.0},{"not_picked":["ReplayTheSpireMod:Doomed","Decay"],"picked":"CurseOfTheBell","floor":17.0},{"not_picked":["Guardian:AncientConstruct","Guardian:DonusPower"],"picked":"Guardian:Gem_Fragmented","floor":18.0},{"not_picked":["Guardian:VentSteam","Guardian:PolyBeam"],"picked":"Guardian:Gem_Red","floor":19.0},{"not_picked":["Guardian:ShieldCharger","Guardian:VentSteam"],"picked":"Guardian:Planning+1","floor":20.0},{"not_picked":["Guardian:Gem_Cyan","Guardian:BronzeArmor"],"picked":"Guardian:RollAttack+1","floor":21.0},{"not_picked":["Guardian:VentSteam","Guardian:MultiBeam"],"picked":"Guardian:CrystalBeam+1","floor":23.0},{"not_picked":["Guardian:StasisField","Guardian:Recover"],"picked":"Guardian:WalkerClaw+1","floor":25.0},{"not_picked":["Guardian:RevengeProtocol","Guardian:PolyBeam"],"picked":"Guardian:Gem_Cyan","floor":27.0},{"not_picked":["Guardian:TemporalShield","Guardian:ChargeCore"],"picked":"Guardian:ArmoredProtocol+1","floor":28.0},{"not_picked":["Guardian:TemporalStrike","Guardian:Suspension"],"picked":"Guardian:PiercingHide","floor":29.0},{"not_picked":["Guardian:BronzeArmor+1","Guardian:Reroute"],"picked":"Guardian:ChargeCore+1","floor":30.0},{"not_picked":["Guardian:RevengeProtocol","Guardian:SphericShield"],"picked":"Guardian:GatlingBeam","floor":33.0},{"not_picked":["Guardian:TemporalShield+1","Guardian:Gem_Green"],"picked":"Guardian:Gem_White","floor":35.0},{"not_picked":["Guardian:Recover","Guardian:Gem_Cyan"],"picked":"Guardian:TimeBomb+1","floor":36.0},{"not_picked":["Guardian:ShieldCharger","Guardian:VentSteam+1"],"picked":"Guardian:BronzeOrb","floor":39.0},{"not_picked":["Guardian:SentryBeam+1","Guardian:MultiBeam+1"],"picked":"Guardian:FierceBash","floor":40.0},{"not_picked":["Guardian:PolyBeam+1","Guardian:Gem_Red"],"picked":"Guardian:Planning","floor":42.0},{"not_picked":["Guardian:Gem_Fragmented","Guardian:Gem_White"],"picked":"Guardian:PolyBeam+1","floor":44.0},{"not_picked":["Replay:BasicMightCard","Secret Weapon"],"picked":"Enlightenment","floor":46.0},{"not_picked":["PanicButton","Replay:Dark Deal"],"picked":"Finesse","floor":46.0},{"not_picked":["Purity","Replay:Sssssssssstrike"],"picked":"Enlightenment","floor":46.0},{"not_picked":["Guardian:TemporalStrike","Guardian:RollAttack"],"picked":"Guardian:BronzeOrb","floor":48.0},{"not_picked":["Guardian:PrismaticBarrier+1","Guardian:Orbwalk"],"picked":"Guardian:TemporalStrike+1","floor":54}],"player_experience":286151,"relics_obtained":[{"floor":3.0,"key":"Lizard Tail"},{"floor":9.0,"key":"ReplayTheSpireMod:Ninjato"},{"floor":11.0,"key":"Thread and Needle"},{"floor":14.0,"key":"Toy Ornithopter"},{"floor":20.0,"key":"HornCleat"},{"floor":23.0,"key":"Mango"},{"floor":25.0,"key":"Centennial Puzzle"},{"floor":27.0,"key":"Tiny Chest"},{"floor":38.0,"key":"The Courier"},{"floor":40.0,"key":"infinitespire:CheckeredPen"},{"floor":42.0,"key":"infinitespire:Beetle Shell"},{"floor":44.0,"key":"Replay:Accelerometer"},{"floor":54,"key":"ReplayTheSpireMod:Lightbulb"}],"event_choices":[{"damage_healed":0.0,"max_hp_gain":0.0,"max_hp_loss":0.0,"gold_gain":0.0,"event_name":"FaceTrader","player_choice":"Trade","floor":22.0,"gold_loss":0.0,"damage_taken":0.0,"relics_obtained":["NlothsMask"]},{"damage_healed":0.0,"max_hp_gain":0.0,"max_hp_loss":0.0,"gold_gain":0.0,"event_name":"Forgotten Altar","player_choice":"Smashed Altar","floor":31.0,"gold_loss":0.0,"damage_taken":0.0,"cards_obtained":["Decay"]},{"cards_removed":["Guardian:Gem_White"],"damage_healed":0.0,"max_hp_gain":0.0,"max_hp_loss":0.0,"gold_gain":0.0,"event_name":"Falling","player_choice":"Removed Skill","floor":37.0,"gold_loss":0.0,"damage_taken":0.0},{"damage_healed":0.0,"max_hp_gain":0.0,"max_hp_loss":0.0,"gold_gain":0.0,"event_name":"SensoryStone","player_choice":"Memory 3","floor":46.0,"gold_loss":0.0,"damage_taken":10.0}],"is_beta":false,"boss_relics":[{"not_picked":["Kintsugi","Replay:Drink Me"],"picked":"Replay:Ancient Bell"},{"not_picked":["Guardian:DefensiveModeMoreBlock","Nunchaku"],"picked":"Boot"},{"not_picked":["Onion Ring","Replay:Bottled Flurry"],"picked":"Replay:WaspNest"},{"not_picked":["Replay:PocketPolymizer","infinitespire:Joker Card"],"picked":"Turnip"},{"not_picked":["Painkiller Herb","Sozu"],"picked":"Empty Cage"}],"items_purged_floors":[],"is_endless":false,"potions_floor_spawned":[10,12,14,16,19,23,25,27,29,36,39,54],"killed_by":"The Heart","ascension_level":1}}