{"host":"5y2vm16xfq9gfmb2","time":1613261029,"event":{"mods":["AchievementEnabler","BaseMod","Better Third Choice","Colored Map","Colored Powertips","DeckTracker","Marisa????????","Minty Spire (QoL Compilation)","Rare Cards Sparkle","Relic Stats","StSLib","The Alterego","The Animator","The Marked","The Servant 0.9.4"],"gold_per_floor":[118,118,129,49,49,49,66,66,66,84,84,97,10,29,29,29,29],"floor_reached":16,"language":"ENG","playtime":555,"items_purged":[],"score":92,"play_id":"f296f6bd-035f-4819-a29c-fc75d4779530","local_time":"20210213190349","is_ascension_mode":false,"campfire_choices":[{"floor":6,"key":"RECALL"},{"data":"Eruption","floor":8,"key":"SMITH"},{"floor":11,"key":"REST"},{"floor":15,"key":"REST"}],"circlet_count":0,"master_deck":["Strike_P","Strike_P","Strike_P","Strike_P","Defend_P","Defend_P","Defend_P","Defend_P","Eruption+1","Vigilance","WheelKick","PathToVictory","Sanctity","ReachHeaven","Vengeance","SignatureMove","SpiritShield","Forethought","Prostrate"],"relics":["PureWater","GremlinMask"],"acts_visited":["Exordium"],"potions_floor_usage":[10,12,16],"damage_taken":[{"damage":2,"enemies":"Small Slimes","floor":1,"turns":4},{"damage":0,"enemies":"Cultist","floor":3,"turns":2},{"damage":2,"enemies":"Jaw Worm","floor":7,"turns":3},{"damage":32,"enemies":"Lots of Slimes","floor":10,"turns":4},{"damage":1,"enemies":"2 Fungi Beasts","floor":12,"turns":2},{"damage":4,"enemies":"3 Louse","floor":14,"turns":3},{"damage":77,"enemies":"The Guardian","floor":16,"turns":6}],"seed_played":"-27123305390480889","potions_obtained":[{"floor":1,"key":"SneckoOil"},{"floor":5,"key":"PowerPotion"},{"floor":5,"key":"BottledMiracle"}],"is_trial":false,"path_per_floor":["M","?","M","$","?","R","M","R","T","M","R","M","$","M","R","B"],"character_chosen":"WATCHER","items_purchased":["ReachHeaven","Forethought"],"campfire_rested":2,"item_purchase_floors":[4,13],"current_hp_per_floor":[70,70,70,70,70,70,68,68,68,36,57,56,56,52,72,0,0],"gold":29,"neow_bonus":"THREE_CARDS","is_daily":false,"chose_seed":false,"campfire_upgraded":1,"win_rate":0.0,"timestamp":1613261029,"path_taken":["M","?","?","?","?","R","?","R","T","M","R","M","$","M","R","BOSS"],"items_purchased_type":["Card","Card"],"build_version":"2020-12-22","purchased_purges":0,"victory":false,"max_hp_per_floor":[72,72,72,72,72,72,72,72,72,72,72,72,72,72,72,72,72],"relic_stats":{"counters":[7,24],"obtain_stats":[{"GremlinMask":2,"PureWater":0},{"GremlinMask":1,"PureWater":0},{"GremlinMask":4,"PureWater":0}]},"card_choices":[{"not_picked":["ThirdEye","ClearTheMind"],"picked":"WheelKick","floor":0},{"not_picked":["FearNoEvil","CrushJoints"],"picked":"PathToVictory","floor":1},{"not_picked":["ThirdEye","FollowUp"],"picked":"Sanctity","floor":3},{"not_picked":["SashWhip","Perseverance"],"picked":"Vengeance","floor":7},{"not_picked":["BowlingBash","Consecrate"],"picked":"SignatureMove","floor":10},{"not_picked":["CrushJoints","Halt"],"picked":"SpiritShield","floor":12},{"not_picked":["WindmillStrike","Swivel"],"picked":"Prostrate","floor":14}],"player_experience":92774,"relics_obtained":[],"event_choices":[{"damage_healed":0,"gold_gain":0,"player_choice":"Trade","damage_taken":0,"relics_obtained":["GremlinMask"],"max_hp_gain":0,"max_hp_loss":0,"event_name":"FaceTrader","floor":2,"gold_loss":0},{"damage_healed":0,"gold_gain":0,"player_choice":"Got Potions","damage_taken":0,"max_hp_gain":0,"max_hp_loss":0,"event_name":"Lab","floor":5,"gold_loss":0}],"is_beta":false,"boss_relics":[],"items_purged_floors":[],"is_endless":false,"potions_floor_spawned":[1,7],"killed_by":"The Guardian","ascension_level":0}}