{"host":"s2ygc4jgfm0lziqy","time":1613300429,"event":{"mods":["2.2 Compatiblity","Astrologer","Bard","BaseMod","Bestiary","Card Forge","Colored Map","DeckTracker","Downfall","GungeonMod","Highlight Path","Minty Spire (QoL Compilation)","Replay The Spire","Robot Space Explorer","StSLib","The Disciple","The Gatherer","The Marked","The Poker Player","TheBandit","TheSurvivalist","Weighted Paths"],"gold_per_floor":[111,123,123,142,155,184,184],"floor_reached":6,"language":"ENG","playtime":339,"items_purged":[],"score":48,"play_id":"316cf400-f534-4081-8370-3427dc48b8e7","local_time":"20210214110029","is_ascension_mode":false,"campfire_choices":[],"circlet_count":0,"master_deck":["RobotSpaceExplorer:Pulsar","RobotSpaceExplorer:Multitool","RobotSpaceExplorer:Pulsar","RobotSpaceExplorer:Blaster"],"relics":["RobotSpaceExplorer:RoboCore","Hammer of Thor","Seething Fire","Anvil of the Gods","DemoMod:GlassGuonStoneRelic","Bag of Preparation"],"acts_visited":["Exordium"],"potions_floor_usage":[],"damage_taken":[{"damage":0,"enemies":"2 Louse","floor":1,"turns":3},{"damage":0,"enemies":"Small Slimes","floor":2,"turns":4},{"damage":0,"enemies":"Cultist","floor":4,"turns":6},{"damage":0,"enemies":"Blue Slaver","floor":5,"turns":5},{"damage":58,"enemies":"Gremlin Nob","floor":6,"turns":6}],"seed_played":"-4765673151884387065","potions_obtained":[{"floor":2,"key":"BlessingOfTheForge"},{"floor":5,"key":"champ:CounterPotion"}],"is_trial":false,"path_per_floor":["M","M","?","M","M","E"],"character_chosen":"RobotSpaceExplorer","items_purchased":[],"campfire_rested":0,"item_purchase_floors":[],"current_hp_per_floor":[82,82,82,82,82,24,24],"gold":184,"neow_bonus":"TEN_PERCENT_HP_BONUS","is_daily":false,"chose_seed":false,"campfire_upgraded":0,"win_rate":0.0,"timestamp":1613300429,"path_taken":["M","M","?","M","M","E"],"items_purchased_type":[],"build_version":"2020-12-22","purchased_purges":0,"victory":false,"max_hp_per_floor":[82,82,82,82,82,82,82],"card_choices":[{"not_picked":["RobotSpaceExplorer:Electroshield","RobotSpaceExplorer:GlueSpray"],"picked":"RobotSpaceExplorer:Pulsar","floor":1},{"not_picked":["RobotSpaceExplorer:Counterblock","RobotSpaceExplorer:Electropulse"],"picked":"RobotSpaceExplorer:Multitool","floor":2},{"not_picked":["RobotSpaceExplorer:ScrapMissile","RobotSpaceExplorer:GlueSpray"],"picked":"RobotSpaceExplorer:Pulsar","floor":4},{"not_picked":["RobotSpaceExplorer:FranticSearch","RobotSpaceExplorer:ShockKick","RobotSpaceExplorer:MiniDrones"],"picked":"SKIP","floor":5},{"not_picked":["RobotSpaceExplorer:SwiftStep","RobotSpaceExplorer:ScrapToss"],"picked":"RobotSpaceExplorer:Blaster","floor":6}],"player_experience":12726,"relics_obtained":[{"floor":6,"key":"Bag of Preparation"}],"event_choices":[{"damage_healed":0,"gold_gain":0,"player_choice":"Ignored","damage_taken":0,"max_hp_gain":0,"max_hp_loss":0,"event_name":"Liars Game","floor":3,"gold_loss":0}],"is_beta":false,"boss_relics":[],"items_purged_floors":[],"is_endless":false,"potions_floor_spawned":[2,5],"killed_by":"Gremlin Nob","ascension_level":0}}