{"host":"3498uni0c31c9bdm","time":1613310373,"event":{"mods":["BaseMod","Better Match","Better Note","Better Sensory Stone","Better Skull","Better Third Choice","Colored Map","Minty Spire (QoL Compilation)","Quick Restart","RNG Fix","Random Character Button","Replay The Spire","Shop Mod","Smile Girya","StSLib","Unceasing Turn Reminder"],"gold_per_floor":[113,142,17,31,31,31,65,8,32,42,42,59,69,69,69,146,146,158,158,158,174,188,188,213,231,257,269,279,133,147,159,159,159,159],"floor_reached":33,"language":"ENG","playtime":1081,"items_purged":[],"score":518,"play_id":"a5de3f58-c730-4f20-8f5a-94f3a438d661","local_time":"20210215004613","is_ascension_mode":true,"campfire_choices":[{"floor":11,"key":"RECALL"},{"floor":15,"key":"DIG"},{"floor":23,"key":"REST"},{"floor":32,"key":"REST"}],"circlet_count":0,"master_deck":["AscendersBane","Strike_B","Strike_B+1","Strike_B","Strike_B","Defend_B+1","Defend_B+1","Defend_B","Defend_B","Zap","Dualcast","Sweeping Beam","Turbo+1","Barrage","Redo+1","Rip and Tear","Hallucinations","Tempest","Go for the Eyes","Echo Form","Self Repair","Electrodynamics","CurseOfTheBell","Conserve Battery","Defragment","Static Discharge","Creative AI","Ball Lightning+1","Barrage+1","ReplayGash","Biased Cognition","FIFO Queue"],"relics":["Cracked Core","NeowsBlessing","Toy Ornithopter","ReplayTheSpireMod:Ring of Addiction","White Beast Statue","Chameleon Ring","Ring of Panic","Boot","War Paint","Geode","Simple Rune","Calling Bell","Anchor","Du-Vu Doll","Replay:Bottled Steam","Bag of Preparation","ReplayTheSpireMod:TigerMarble","ReplayFunnel"],"acts_visited":["Exordium","TheCity"],"potions_floor_usage":[12,13,16,24,25,30],"damage_taken":[{"damage":0,"enemies":"2 Louse","floor":1,"turns":1},{"damage":0,"enemies":"Small Slimes","floor":4,"turns":1},{"damage":0,"enemies":"Gremlin Nob","floor":7,"turns":1},{"damage":0,"enemies":"Cultist","floor":10,"turns":2},{"damage":9,"enemies":"3 Louse","floor":12,"turns":3},{"damage":0,"enemies":"Exordium Wildlife","floor":13,"turns":2},{"damage":42,"enemies":"Hexaghost","floor":16,"turns":6},{"damage":4,"enemies":"2 Thieves","floor":18,"turns":2},{"damage":3,"enemies":"Spheric Guardian","floor":21,"turns":3},{"damage":17,"enemies":"Snecko","floor":22,"turns":5},{"damage":30,"enemies":"Replay:Snechameleon","floor":24,"turns":6},{"damage":21,"enemies":"3 Cultists","floor":25,"turns":4},{"damage":42,"enemies":"Chosen and Byrds","floor":27,"turns":7},{"damage":4,"enemies":"Snake Plant","floor":28,"turns":3},{"damage":0,"enemies":"Centurion and Healer","floor":30,"turns":3},{"damage":17,"enemies":"Sentry and Sphere","floor":31,"turns":4},{"damage":86,"enemies":"Collector","floor":33,"turns":6}],"seed_played":"5310456142255094277","potions_obtained":[{"floor":2,"key":"Reflective Coating"},{"floor":6,"key":"FairyPotion"},{"floor":6,"key":"Strength Potion"},{"floor":12,"key":"Fire Potion"},{"floor":13,"key":"SpeedPotion"},{"floor":16,"key":"SpeedPotion"},{"floor":24,"key":"Explosive Potion"},{"floor":25,"key":"SkillPotion"},{"floor":27,"key":"FairyPotion"},{"floor":30,"key":"SteroidPotion"}],"is_trial":false,"path_per_floor":["M","?","?","M","?","?","E","?","T","M","R","M","M","$","R_BF","B",null,"M","?","?","M","M","R","E","M","T","M","M","$","M","M","R","B"],"character_chosen":"DEFECT","items_purchased":["ReplayFunnel"],"campfire_rested":2,"item_purchase_floors":[29],"current_hp_per_floor":[64,64,64,64,64,64,64,64,64,64,64,60,65,65,65,34,60,56,52,52,49,46,65,43,34,34,26,22,22,27,17,35,0,0],"gold":159,"neow_bonus":"THREE_ENEMY_KILL","is_daily":false,"chose_seed":false,"campfire_upgraded":0,"win_rate":0.0,"timestamp":1613310373,"path_taken":["M","?","?","M","?","?","E","?","T","M","R","M","M","?","R_BF","BOSS","M","?","?","M","M","R","E","M","T","M","M","$","M","M","R","BOSS"],"items_purchased_type":["Relic"],"build_version":"2020-12-22","purchased_purges":0,"victory":false,"max_hp_per_floor":[71,71,71,71,71,71,71,71,71,69,69,69,69,69,69,69,69,69,69,67,67,67,65,65,65,65,65,65,63,63,63,63,63,63],"card_choices":[{"not_picked":["Reprogram","Capacitor"],"picked":"Sweeping Beam","floor":1},{"not_picked":["Rebound","Aggregate"],"picked":"Turbo","floor":2},{"not_picked":["BasicCrystalCard","Gash"],"picked":"Barrage","floor":2},{"not_picked":["Rebound+1","Conserve Battery+1"],"picked":"Redo+1","floor":3},{"not_picked":["Redo","Heatsinks"],"picked":"Rip and Tear","floor":4},{"not_picked":["Panic Button","Force Field"],"picked":"Tempest","floor":7},{"not_picked":["Melter","Beam Cell"],"picked":"Go for the Eyes","floor":10},{"not_picked":["Darkness","Gash"],"picked":"Echo Form","floor":12},{"not_picked":["Rebound","Defragment"],"picked":"Self Repair","floor":13},{"not_picked":["Thunder Strike","Mirror Shield"],"picked":"Electrodynamics","floor":16},{"not_picked":["Cold Snap","ReplayTheSpireMod:GoodbyeWorld"],"picked":"Conserve Battery","floor":18},{"not_picked":["Self Repair","Compile Driver"],"picked":"Defragment","floor":21},{"not_picked":["Rebound","Reinforced Body"],"picked":"Static Discharge","floor":22},{"not_picked":["Streamline","Redo"],"picked":"Creative AI","floor":24},{"not_picked":["Turbo","Leap"],"picked":"Ball Lightning+1","floor":25},{"not_picked":["Hologram","Undo"],"picked":"Barrage+1","floor":27},{"not_picked":["Compile Driver","Reinforced Body"],"picked":"ReplayGash","floor":28},{"not_picked":["ReplayGash","Doom and Gloom"],"picked":"Biased Cognition","floor":30},{"not_picked":["Gash","Rebound"],"picked":"FIFO Queue","floor":31}],"player_experience":898322,"relics_obtained":[{"floor":2,"key":"Toy Ornithopter"},{"floor":6,"key":"ReplayTheSpireMod:Ring of Addiction"},{"floor":6,"key":"White Beast Statue"},{"floor":6,"key":"Chameleon Ring"},{"floor":6,"key":"Ring of Panic"},{"floor":7,"key":"Boot"},{"floor":9,"key":"Geode"},{"floor":15,"key":"Simple Rune"},{"floor":17,"key":"Anchor"},{"floor":17,"key":"Du-Vu Doll"},{"floor":17,"key":"Replay:Bottled Steam"},{"floor":24,"key":"Bag of Preparation"},{"floor":26,"key":"ReplayTheSpireMod:TigerMarble"}],"event_choices":[{"damage_healed":0,"gold_gain":0,"player_choice":"2","damage_taken":0,"max_hp_gain":0,"max_hp_loss":0,"event_name":"betterMatch:BetterMatch","floor":3,"gold_loss":0,"cards_obtained":["betterMatch:CommonCard"]},{"cards_removed":["Pain"],"damage_healed":0,"gold_gain":0,"player_choice":"Purged","damage_taken":0,"max_hp_gain":0,"max_hp_loss":0,"event_name":"Purifier","floor":5,"gold_loss":0},{"damage_healed":0,"gold_gain":0,"player_choice":"Paid Gold","damage_taken":0,"relics_obtained":["War Paint"],"max_hp_gain":0,"max_hp_loss":0,"event_name":"WeMeetAgain","floor":8,"gold_loss":57},{"damage_healed":0,"gold_gain":0,"player_choice":"Bought 0 Potions","damage_taken":0,"max_hp_gain":0,"max_hp_loss":0,"event_name":"The Woman in Blue","floor":19,"gold_loss":0}],"is_beta":false,"boss_relics":[{"not_picked":["Empty Cage","Tiny House"],"picked":"Calling Bell"}],"items_purged_floors":[],"is_endless":false,"potions_floor_spawned":[7,10,12,13,16,18,21,22,24,25,27,28,30,31],"killed_by":"Collector","ascension_level":15}}