{"host":"j5shy70asow5koz5","time":1613293914,"event":{"mods":["2.2 Compatiblity","Act Like it!","Arknights","BaseMod","Colored Map","Marisa£¨Ùöéë¡¡Øª×âÞÞ£©","Minty Spire (QoL Compilation)","Prisma Mod","StSLib","SuperFastMode","Td1madao Mod","The Disciple","The Gatherer","The Servant 0.9.4","Waifu the Spire"],"gold_per_floor":[116,116,116,127,137,137,23,23,46,72,72,83,83,26,26,129,129,143,58,8,22,41,41,41,41,41,71,82,82,93,106,106,106,106],"floor_reached":33,"language":"KOR","playtime":708,"items_purged":["Strike_P","Strike_P"],"score":290,"play_id":"ad2a4c0e-154e-4350-9e53-279bf7bace96","local_time":"20210214181154","is_ascension_mode":false,"campfire_choices":[{"data":"Vigilance","floor":6.0,"key":"SMITH"},{"data":"SignatureMove","floor":8.0,"key":"SMITH"},{"data":"Defend_P","floor":11.0,"key":"SMITH"},{"data":"Evaluate","floor":13.0,"key":"SMITH"},{"data":"Defend_P","floor":15.0,"key":"SMITH"},{"data":"Perseverance","floor":23.0,"key":"SMITH"},{"data":"Defend_P","floor":25.0,"key":"SMITH"},{"floor":29,"key":"REST"},{"data":"Strike_P","floor":32,"key":"SMITH"}],"circlet_count":0,"master_deck":["Strike_P+1","Defend_P+1","Defend_P+1","Defend_P","Defend_P+1","Eruption+1","Vigilance+1","SignatureMove+1","Evaluate+1","Perseverance+1","Protect+1"],"relics":["PureWater","NeowsBlessing","Smiling Mask","Happy Flower","MealTicket","Velvet Choker","Regal Pillow","Enchiridion","HornCleat","Toxic Egg 2"],"acts_visited":["Exordium","TheCity"],"potions_floor_usage":[33,33],"damage_taken":[{"damage":0.0,"enemies":"Small Slimes","floor":1.0,"turns":1.0},{"damage":0.0,"enemies":"Cultist","floor":4.0,"turns":1.0},{"damage":0.0,"enemies":"2 Louse","floor":5.0,"turns":1.0},{"damage":0.0,"enemies":"Gremlin Nob","floor":10.0,"turns":2.0},{"damage":0.0,"enemies":"Red Slaver","floor":12.0,"turns":1.0},{"damage":37.0,"enemies":"Hexaghost","floor":16.0,"turns":9.0},{"damage":0.0,"enemies":"2 Thieves","floor":18.0,"turns":1.0},{"damage":0.0,"enemies":"Chosen","floor":21.0,"turns":2.0},{"damage":0.0,"enemies":"Snake Plant","floor":22.0,"turns":2.0},{"damage":13.0,"enemies":"Slavers","floor":27.0,"turns":8.0},{"damage":0,"enemies":"3 Cultists","floor":28,"turns":5},{"damage":5,"enemies":"Chosen and Byrds","floor":30,"turns":7},{"damage":0,"enemies":"Snecko","floor":31,"turns":4},{"damage":83,"enemies":"Champ","floor":33,"turns":5}],"seed_played":"1973686992328478365","potions_obtained":[{"floor":4.0,"key":"StancePotion"},{"floor":5.0,"key":"EssenceOfSteel"},{"floor":10.0,"key":"ColorlessPotion"},{"floor":16.0,"key":"SkillPotion"},{"floor":18.0,"key":"SkillPotion"},{"floor":21.0,"key":"DuplicationPotion"},{"floor":27,"key":"BottledMiracle"},{"floor":30,"key":"Weak Potion"}],"is_trial":false,"path_per_floor":["M","?","?","M","M","R","$","R","T","E","R","M","R","?","R","B",null,"M","?","$","M","M","R","?","R","T","E","M","R","M","M","R","B"],"character_chosen":"WATCHER","items_purchased":["SignatureMove"],"campfire_rested":1,"item_purchase_floors":[7],"current_hp_per_floor":[72,72,72,72,72,72,72,72,72,72,72,72,72,72,72,35,72,72,72,72,72,72,72,56,56,56,43,43,72,67,67,67,0,0],"gold":106,"neow_bonus":"THREE_ENEMY_KILL","is_daily":false,"chose_seed":false,"campfire_upgraded":8,"win_rate":0.0,"timestamp":1613293914,"path_taken":["M","?","?","?","?","R","$","R","T","E","R","M","R","?","R","BOSS","M","?","?","M","M","R","?","R","T","E","M","R","M","?","R","BOSS"],"items_purchased_type":["Card"],"build_version":"2020-12-22","purchased_purges":2,"victory":false,"max_hp_per_floor":[72,72,72,72,72,72,72,72,72,72,72,72,72,72,72,72,72,72,72,72,72,72,72,72,72,72,72,72,72,72,72,72,72,72],"card_choices":[{"not_picked":["SashWhip","CutThroughFate","Vengeance"],"picked":"SKIP","floor":1.0},{"not_picked":["Consecrate","EmptyBody","DeceiveReality"],"picked":"SKIP","floor":4.0},{"not_picked":["Protect","JustLucky","Fasting2"],"picked":"SKIP","floor":5.0},{"not_picked":["FlurryOfBlows","Brilliance","JustLucky"],"picked":"SKIP","floor":10.0},{"not_picked":["FollowUp","CutThroughFate"],"picked":"Evaluate","floor":12.0},{"not_picked":["FlurryOfBlows","JustLucky","Fasting2"],"picked":"SKIP","floor":18.0},{"not_picked":["Vengeance","Sanctity"],"picked":"Perseverance","floor":21.0},{"not_picked":["Prostrate","Nirvana+1","LikeWater"],"picked":"SKIP","floor":22.0},{"not_picked":["Prostrate","Nirvana+1","LikeWater"],"picked":"SKIP","floor":22.0},{"not_picked":["FlyingSleeves","CarveReality+1","Adaptation"],"picked":"SKIP","floor":27},{"not_picked":["Prostrate+1","Halt+1","Adaptation"],"picked":"SKIP","floor":28},{"not_picked":["CrushJoints","BowlingBash+1"],"picked":"Protect+1","floor":30},{"not_picked":["Establishment","PathToVictory+1","Vengeance+1"],"picked":"SKIP","floor":31}],"player_experience":109235,"relics_obtained":[{"floor":9.0,"key":"Smiling Mask"},{"floor":10.0,"key":"Happy Flower"},{"floor":24.0,"key":"Enchiridion"},{"floor":26.0,"key":"HornCleat"},{"floor":27,"key":"Toxic Egg 2"}],"event_choices":[{"damage_healed":0.0,"max_hp_gain":0.0,"max_hp_loss":0.0,"gold_gain":0.0,"event_name":"Living Wall","player_choice":"Grow","floor":2.0,"gold_loss":0.0,"damage_taken":0.0,"cards_upgraded":["Eruption"]},{"cards_removed":["Strike_P"],"damage_healed":0.0,"max_hp_gain":0.0,"max_hp_loss":0.0,"gold_gain":0.0,"event_name":"Purifier","player_choice":"Purged","floor":3.0,"gold_loss":0.0,"damage_taken":0.0},{"damage_healed":0.0,"max_hp_gain":0.0,"max_hp_loss":0.0,"gold_gain":0.0,"event_name":"WeMeetAgain","player_choice":"Paid Gold","floor":14.0,"gold_loss":57.0,"damage_taken":0.0,"relics_obtained":["MealTicket"]},{"damage_healed":0.0,"max_hp_gain":0.0,"max_hp_loss":0.0,"gold_gain":0.0,"event_name":"Addict","player_choice":"Obtained Relic","floor":19.0,"gold_loss":85.0,"damage_taken":0.0,"relics_obtained":["Regal Pillow"]},{"damage_healed":0.0,"max_hp_gain":0.0,"max_hp_loss":0.0,"gold_gain":0.0,"event_name":"Cursed Tome","player_choice":"Obtained Book","floor":24.0,"gold_loss":0.0,"damage_taken":16.0}],"is_beta":false,"boss_relics":[{"not_picked":["SacredBark","Runic Dome"],"picked":"Velvet Choker"}],"items_purged_floors":[7,20],"is_endless":false,"potions_floor_spawned":[4,5,10,16,18,21,27,30],"killed_by":"Champ","ascension_level":0}}