{"host":"o88u0awh8mkwl1l8","time":1613308359,"event":{"mods":["BaseMod","Colored Map","Highlight Path","Minty Spire (QoL Compilation)"],"gold_per_floor":[115,125,138,63,75,109,109,138,138,164,164,199,119,136,136,219,219,231,251,151,66,9,9,26,65,65,65,108,124,124,449,449,535,535,561,585,614,365,375,375,406,425,452,452,471,502,527,527,527,527,527,527,527,168,201,201],"floor_reached":57,"language":"JPN","playtime":6039,"items_purged":["Defend_P","Defend_P","Strike_P","Strike_P+1","LessonLearned+1"],"score":3225,"play_id":"ff2eebad-43e3-4fb2-abeb-b4f967f40115","local_time":"20210214221239","is_ascension_mode":true,"campfire_choices":[{"data":"Wallop","floor":7.0,"key":"SMITH"},{"floor":15.0,"key":"REST"},{"floor":23.0,"key":"REST"},{"floor":27.0,"key":"REST"},{"floor":32.0,"key":"REST"},{"floor":40.0,"key":"REST"},{"floor":44.0,"key":"REST"},{"floor":49.0,"key":"RECALL"},{"data":"Vault","floor":53.0,"key":"SMITH"}],"circlet_count":0,"master_deck":["AscendersBane","Defend_P+1","Eruption+1","Vigilance+1","CutThroughFate+1","Wallop+1","FlurryOfBlows+1","Tantrum+1","Consecrate+1","CutThroughFate+1","SpiritShield+1","Adaptation+1","Study+1","FearNoEvil+1","Vault+1","TalkToTheHand+1","MentalFortress+1","Adaptation+1"],"relics":["PureWater","Lantern","Frozen Egg 2","Kunai","The Courier","CeramicFish","Black Star","Omamori","Bronze Scales","Strawberry","Happy Flower","Art of War","Enchiridion","Old Coin","Blood Vial","Cursed Key","DollysMirror","Shuriken","Mummified Hand","Dream Catcher","Orichalcum","Question Card","CloakClasp","TeardropLocket","Pocketwatch","Akabeko"],"acts_visited":["Exordium","TheCity","TheBeyond","TheEnding"],"potions_floor_usage":[56],"damage_taken":[{"damage":1.0,"enemies":"Small Slimes","floor":1.0,"turns":6.0},{"damage":0.0,"enemies":"Cultist","floor":2.0,"turns":2.0},{"damage":0.0,"enemies":"2 Louse","floor":3.0,"turns":2.0},{"damage":0.0,"enemies":"Looter","floor":5.0,"turns":4.0},{"damage":0.0,"enemies":"Gremlin Nob","floor":6.0,"turns":2.0},{"damage":0.0,"enemies":"3 Sentries","floor":8.0,"turns":3.0},{"damage":16.0,"enemies":"Lagavulin","floor":10.0,"turns":5.0},{"damage":0.0,"enemies":"Gremlin Nob","floor":12.0,"turns":2.0},{"damage":0.0,"enemies":"Exordium Wildlife","floor":14.0,"turns":1.0},{"damage":14.0,"enemies":"The Guardian","floor":16.0,"turns":11.0},{"damage":8.0,"enemies":"3 Byrds","floor":18.0,"turns":6.0},{"damage":9.0,"enemies":"Shell Parasite","floor":19.0,"turns":2.0},{"damage":0.0,"enemies":"Centurion and Healer","floor":24.0,"turns":3.0},{"damage":28.0,"enemies":"Book of Stabbing","floor":25.0,"turns":3.0},{"damage":16.0,"enemies":"Slavers","floor":28.0,"turns":3.0},{"damage":0.0,"enemies":"Snecko","floor":29.0,"turns":3.0},{"damage":0.0,"enemies":"Gremlin Leader","floor":31.0,"turns":5.0},{"damage":26.0,"enemies":"Champ","floor":33.0,"turns":6.0},{"damage":9.0,"enemies":"3 Shapes","floor":35.0,"turns":5.0},{"damage":0.0,"enemies":"Orb Walker","floor":36.0,"turns":2.0},{"damage":15.0,"enemies":"4 Shapes","floor":37.0,"turns":4.0},{"damage":25.0,"enemies":"3 Darklings","floor":39.0,"turns":4.0},{"damage":0.0,"enemies":"Giant Head","floor":41.0,"turns":6.0},{"damage":0.0,"enemies":"Transient","floor":42.0,"turns":6.0},{"damage":3.0,"enemies":"Writhing Mass","floor":45.0,"turns":6.0},{"damage":4.0,"enemies":"Nemesis","floor":46.0,"turns":3.0},{"damage":0.0,"enemies":"Mind Bloom Boss Battle","floor":47.0,"turns":6.0},{"damage":0.0,"enemies":"Awakened One","floor":50.0,"turns":5.0},{"damage":7.0,"enemies":"Donu and Deca","floor":51.0,"turns":6.0},{"damage":0.0,"enemies":"Shield and Spear","floor":55.0,"turns":2.0},{"damage":74,"enemies":"The Heart","floor":56,"turns":7}],"seed_played":"-8173707908561648630","potions_obtained":[{"floor":2.0,"key":"Swift Potion"},{"floor":3.0,"key":"StancePotion"},{"floor":8.0,"key":"Ambrosia"},{"floor":12.0,"key":"AttackPotion"},{"floor":24.0,"key":"FairyPotion"},{"floor":28.0,"key":"Strength Potion"},{"floor":31.0,"key":"DuplicationPotion"},{"floor":41.0,"key":"Energy Potion"},{"floor":42.0,"key":"BottledMiracle"},{"floor":46.0,"key":"LiquidBronze"}],"is_trial":false,"path_per_floor":["M","M","M","$","M","E","R","E","T","E","?","E","$","M","R","B",null,"M","M","$","?","$","R","M","E","T","R","E","M","?","E","R","B",null,"M","M","M","$","M","R","E","M","T","R","M","E","?","?","R","B","B",null,"R","$","E","B",null],"character_chosen":"WATCHER","items_purchased":["Adaptation+1","DollysMirror","TeardropLocket"],"campfire_rested":6,"item_purchase_floors":[22,38,54],"current_hp_per_floor":[42,42,42,42,42,42,42,42,42,26,26,26,26,26,46,32,59,51,42,42,42,42,62,62,41,41,63,47,47,26,26,48,24,62,55,57,44,44,21,43,45,47,47,69,68,66,68,68,68,70,65,73,73,73,75,1],"gold":201,"neow_bonus":"REMOVE_TWO","is_daily":false,"chose_seed":false,"campfire_upgraded":2,"win_rate":0.0,"timestamp":1613308359,"path_taken":["M","M","M","$","M","E","R","E","T","E","?","E","$","?","R","BOSS","M","M","?","?","$","R","M","E","T","R","E","M","?","E","R","BOSS","M","M","M","$","M","R","E","M","T","R","M","E","?","?","R","BOSS","BOSS","R","$","E","BOSS"],"items_purchased_type":["Card","Relic","Relic"],"build_version":"2020-12-22","purchased_purges":5,"victory":true,"max_hp_per_floor":[68,68,68,68,68,68,68,68,68,68,68,68,68,68,68,68,68,68,68,68,68,68,68,68,75,75,75,75,75,75,75,75,75,75,75,75,75,75,75,75,75,75,75,75,75,75,75,75,75,75,75,75,75,75,75,75],"card_choices":[{"not_picked":["FlyingSleeves","SashWhip"],"picked":"CutThroughFate","floor":1.0},{"not_picked":["BattleHymn","Halt"],"picked":"Wallop","floor":2.0},{"not_picked":["Crescendo","BowlingBash"],"picked":"FlurryOfBlows","floor":3.0},{"not_picked":["CrushJoints","ReachHeaven"],"picked":"Tantrum","floor":5.0},{"not_picked":["Study","ClearTheMind"],"picked":"Consecrate","floor":6.0},{"not_picked":["ClearTheMind","JustLucky"],"picked":"LessonLearned","floor":8.0},{"not_picked":["Pray","SandsOfTime","JustLucky"],"picked":"SKIP","floor":10.0},{"not_picked":["SandsOfTime","Worship"],"picked":"CutThroughFate","floor":12.0},{"not_picked":["Perseverance","Sanctity","JustLucky"],"picked":"SKIP","floor":14.0},{"not_picked":["Omniscience","Devotion+1"],"picked":"SpiritShield","floor":16.0},{"not_picked":["BowlingBash","EmptyFist","JustLucky"],"picked":"SKIP","floor":18.0},{"not_picked":["WindmillStrike","Vengeance","CutThroughFate"],"picked":"SKIP","floor":19.0},{"not_picked":["WindmillStrike","Evaluate","FlyingSleeves"],"picked":"SKIP","floor":24.0},{"not_picked":["ThirdEye","Wallop"],"picked":"Study+1","floor":25.0},{"not_picked":["Indignation","BattleHymn+1"],"picked":"FearNoEvil","floor":28.0},{"not_picked":["JustLucky","TalkToTheHand","FlurryOfBlows"],"picked":"SKIP","floor":29.0},{"not_picked":["Conclude","Prostrate","Perseverance+1"],"picked":"SKIP","floor":31.0},{"not_picked":["MasterReality+1","Scrawl"],"picked":"Vault","floor":33.0},{"not_picked":["FlurryOfBlows","Crescendo"],"picked":"Halt+1","floor":35.0},{"not_picked":["PathToVictory","Crescendo"],"picked":"TalkToTheHand","floor":36.0},{"not_picked":["Vengeance","Meditate"],"picked":"MentalFortress+1","floor":37.0},{"not_picked":["Nirvana+1","EmptyBody","Fasting2+1"],"picked":"SKIP","floor":39.0},{"not_picked":["WindmillStrike+1","EmptyBody","WheelKick"],"picked":"SKIP","floor":41.0},{"not_picked":["ReachHeaven","LikeWater+1","FlyingSleeves"],"picked":"SKIP","floor":42.0},{"not_picked":["FollowUp","Halt","DeusExMachina"],"picked":"SKIP","floor":45.0},{"not_picked":["Perseverance","Wallop+1","Evaluate"],"picked":"SKIP","floor":46.0},{"not_picked":["Protect","ForeignInfluence","Weave","Tantrum"],"picked":"SKIP","floor":55.0}],"player_experience":1219379,"relics_obtained":[{"floor":6.0,"key":"Lantern"},{"floor":8.0,"key":"Frozen Egg 2"},{"floor":9.0,"key":"Kunai"},{"floor":10.0,"key":"The Courier"},{"floor":12.0,"key":"CeramicFish"},{"floor":25.0,"key":"Bronze Scales"},{"floor":25.0,"key":"Strawberry"},{"floor":28.0,"key":"Happy Flower"},{"floor":28.0,"key":"Art of War"},{"floor":30.0,"key":"Enchiridion"},{"floor":31.0,"key":"Old Coin"},{"floor":31.0,"key":"Blood Vial"},{"floor":41.0,"key":"Shuriken"},{"floor":41.0,"key":"Mummified Hand"},{"floor":43.0,"key":"Dream Catcher"},{"floor":46.0,"key":"Orichalcum"},{"floor":46.0,"key":"Question Card"},{"floor":47.0,"key":"CloakClasp"},{"floor":55.0,"key":"Pocketwatch"},{"floor":55.0,"key":"Akabeko"}],"event_choices":[{"cards_removed":["Strike_P"],"damage_healed":0.0,"max_hp_gain":0.0,"max_hp_loss":0.0,"gold_gain":0.0,"event_name":"Bonfire Elementals","player_choice":"Offered Basic","floor":11.0,"gold_loss":0.0,"damage_taken":0.0},{"damage_healed":0.0,"max_hp_gain":0.0,"max_hp_loss":0.0,"gold_gain":0.0,"event_name":"Addict","player_choice":"Obtained Relic","floor":21.0,"gold_loss":85.0,"damage_taken":0.0,"relics_obtained":["Omamori"]},{"damage_healed":0.0,"max_hp_gain":0.0,"max_hp_loss":0.0,"gold_gain":0.0,"event_name":"Cursed Tome","player_choice":"Obtained Book","floor":30.0,"gold_loss":0.0,"damage_taken":21.0},{"damage_healed":0.0,"max_hp_gain":0.0,"max_hp_loss":0.0,"gold_gain":0.0,"event_name":"MindBloom","player_choice":"Fight","floor":47.0,"gold_loss":0.0,"damage_taken":0.0},{"cards_removed":["Halt"],"damage_healed":0.0,"max_hp_gain":0.0,"max_hp_loss":0.0,"gold_gain":0.0,"event_name":"Falling","player_choice":"Removed Skill","floor":48.0,"gold_loss":0.0,"damage_taken":0.0}],"is_beta":false,"boss_relics":[{"not_picked":["Pandora\u0027s Box","Calling Bell"],"picked":"Black Star"},{"not_picked":["Velvet Choker","SlaversCollar"],"picked":"Cursed Key"}],"items_purged_floors":[4,13,20,38,54],"is_endless":false,"potions_floor_spawned":[2,3,8,12,24,28,29,31,41,42,45,46,47,55],"ascension_level":20}}