{"host":"3ybshewjyuw675ln","time":1613309107,"event":{"mods":["BaseMod","Downfall","Minty Spire (QoL Compilation)","Reliquary","StSLib","The Necromancer"],"gold_per_floor":[119,11915,11865,11882,11185,11185,11197,11232,11232,11252,11282,11282,11282,11300,11300,11300,11300],"floor_reached":16,"language":"ENG","playtime":1542,"items_purged":["Strike_W"],"score":112,"play_id":"7d388fd6-cc3e-4fc6-a07c-fa9c9d8e82b0","local_time":"20210214142507","is_ascension_mode":false,"campfire_choices":[{"data":"Bone_Bullets","floor":6,"key":"SMITH"},{"data":"Death_March_Dance","floor":15,"key":"SMITH"}],"circlet_count":0,"master_deck":["Strike_W","Strike_W","Defend_W","Defend_W","Defend_W","Defend_W","Negative_Energy_Arrows","Bone_Wall","Bone_Bullets+1","Negative_Energy_Javelin","Death_March_Dance+1","Negative_Energy_Shield","Exploit","Bone_Spikes","Negative_Energy_Mist"],"relics":["Vampire_Amulet","reliquary:Aerogel","Centennial Puzzle","TheAbacus","Lantern","Pen Nib","HornCleat"],"acts_visited":["Exordium"],"potions_floor_usage":[11],"damage_taken":[{"damage":2,"enemies":"2 Louse","floor":1,"turns":3},{"damage":0,"enemies":"Small Slimes","floor":2,"turns":3},{"damage":1,"enemies":"Jaw Worm","floor":4,"turns":3},{"damage":2,"enemies":"Red Slaver","floor":7,"turns":3},{"damage":30,"enemies":"Gremlin Nob","floor":8,"turns":6},{"damage":0,"enemies":"2 Fungi Beasts","floor":10,"turns":3},{"damage":27,"enemies":"Lagavulin","floor":11,"turns":7},{"damage":0,"enemies":"Exordium Wildlife","floor":14,"turns":2},{"damage":44,"enemies":"Slime Boss","floor":16,"turns":9}],"seed_played":"-2077353167568166606","potions_obtained":[{"floor":1,"key":"SpeedPotion"},{"floor":4,"key":"Strength Potion"}],"is_trial":false,"path_per_floor":["M","M","?","M","$","R","M","E","T","M","E","?","?","M","R","B"],"character_chosen":"NECROMANCER","items_purchased":["Death_March_Dance","Negative_Energy_Shield","reliquary:Aerogel","Centennial Puzzle","TheAbacus","Slimebound:ThreeZeroPotion"],"campfire_rested":0,"item_purchase_floors":[5,5,5,5,5,5],"current_hp_per_floor":[82,82,82,82,82,82,82,54,54,58,33,33,33,37,37,0,0],"gold":11300,"neow_bonus":"TEN_PERCENT_HP_BONUS","is_daily":false,"chose_seed":false,"campfire_upgraded":2,"win_rate":0.0,"timestamp":1613309107,"path_taken":["M","M","?","M","$","R","M","E","T","M","E","?","?","?","R","BOSS"],"items_purchased_type":["Card","Card","Relic","Relic","Relic","Potion"],"build_version":"2020-12-22","purchased_purges":1,"victory":false,"max_hp_per_floor":[82,82,82,82,82,82,82,82,82,82,82,82,82,82,82,82,82],"card_choices":[{"not_picked":["Pandemic","Summon_Undead_Army"],"picked":"Bone_Bullets","floor":1},{"not_picked":["Exploit","Negative_Energy_Sphere"],"picked":"Negative_Energy_Javelin","floor":2},{"not_picked":["Chill_Blood","Slay_Living","Uncharnel"],"picked":"SKIP","floor":4},{"not_picked":["Epidemic","Consume_Illness"],"picked":"Exploit","floor":7},{"not_picked":["Negative_Energy_Javelin","Blood_Magic"],"picked":"Bone_Spikes","floor":8},{"not_picked":["Bones_to_Steel","Death_Coil","Blood_Whip"],"picked":"SKIP","floor":10},{"not_picked":["Bone_Bullets","Chill_Blood"],"picked":"Negative_Energy_Mist","floor":11},{"not_picked":["Scare","Bones_to_Steel","Negative_Energy_Shield"],"picked":"SKIP","floor":14}],"player_experience":38644,"relics_obtained":[{"floor":8,"key":"Lantern"},{"floor":9,"key":"Pen Nib"},{"floor":11,"key":"HornCleat"}],"event_choices":[{"cards_removed":["Strike_W"],"damage_healed":0,"gold_gain":0,"player_choice":"Card Removal","damage_taken":0,"max_hp_gain":0,"max_hp_loss":0,"event_name":"The Cleric","floor":3,"gold_loss":50},{"damage_healed":0,"gold_gain":0,"player_choice":"Ignored","damage_taken":0,"max_hp_gain":0,"max_hp_loss":0,"event_name":"Golden Idol","floor":12,"gold_loss":0},{"damage_healed":0,"gold_gain":0,"player_choice":"Ignored","damage_taken":0,"max_hp_gain":0,"max_hp_loss":0,"event_name":"Liars Game","floor":13,"gold_loss":0}],"is_beta":false,"boss_relics":[],"items_purged_floors":[5],"is_endless":false,"potions_floor_spawned":[1,2,4,8],"killed_by":"Slime Boss","ascension_level":0}}