{"host":"KYO","time":1613282889,"event":{"mods":["BaseMod","BetterRewards","Minty Spire (QoL Compilation)","Permanent Neow","Shop Mod","StSLib","SuperFastMode","TestMod","[IsaacMod]以撒尖塔"],"gold_per_floor":[110,110,129,529,544,577,577,618,671,712,725,761,432,509,913,1020,1020,1043,1043,1087,1087,1087,1159,1159,1536,1559,1607,1643,1782,1796,1869,1869,1869,1869],"floor_reached":33,"language":"ZHS","playtime":1416,"items_purged":["Strike_B","Defend_B","Strike_B"],"score":970,"play_id":"e08b6d1e-fff7-42bb-bfbb-61e3847e8f5b","local_time":"20210214140809","is_ascension_mode":true,"campfire_choices":[{"data":"Self Repair","floor":7.0,"key":"SMITH"},{"data":"Zap","floor":15.0,"key":"SMITH"},{"data":"Coolheaded","floor":24.0,"key":"SMITH"},{"floor":32.0,"key":"RECALL"}],"circlet_count":0,"master_deck":["AscendersBane","Defend_B","Defend_B","Defend_B","Zap+1","Dualcast","Sunder","Self Repair+1","Ball Lightning","Coolheaded+1","Cold Snap","Conserve Battery+1","Hologram+1","Electrodynamics","Cancel+1","Genetic Algorithm+1","Cancel+1"],"relics":["Cracked Core","testmod-TestBox","SteamSale","testmod-Alchemist","MerchantsRug","Medical Kit","Bloody Idol","Toxic Egg 2","Blue Candle","HowToJump","FossilizedHelix","BloodDonationMachine","SalivaCoin","ClockworkSouvenir","testmod-NegativeEmotionEnhancer","testmod-InjuryResistance","PreservedInsect","Nunchaku","Meat on the Bone","Orichalcum"],"acts_visited":["Exordium","TheCity"],"potions_floor_usage":[],"damage_taken":[{"damage":0.0,"enemies":"2 Louse","floor":1.0,"turns":2.0},{"damage":7.0,"enemies":"Jaw Worm","floor":3.0,"turns":2.0},{"damage":10.0,"enemies":"Small Slimes","floor":5.0,"turns":2.0},{"damage":21.0,"enemies":"Lagavulin","floor":6.0,"turns":8.0},{"damage":16.0,"enemies":"3 Sentries","floor":8.0,"turns":3.0},{"damage":0.0,"enemies":"Gremlin Nob","floor":10.0,"turns":3.0},{"damage":0.0,"enemies":"Blue Slaver","floor":11.0,"turns":3.0},{"damage":12.0,"enemies":"3 Sentries","floor":12.0,"turns":8.0},{"damage":0.0,"enemies":"Red Slaver","floor":14.0,"turns":3.0},{"damage":6.0,"enemies":"Hexaghost","floor":16.0,"turns":8.0},{"damage":16.0,"enemies":"Spheric Guardian","floor":18.0,"turns":4.0},{"damage":6.0,"enemies":"Shell Parasite","floor":20.0,"turns":6.0},{"damage":17.0,"enemies":"Shelled Parasite and Fungi","floor":23.0,"turns":4.0},{"damage":241.0,"enemies":"Book of Stabbing","floor":25.0,"turns":10.0},{"damage":27.0,"enemies":"Snake Plant","floor":27.0,"turns":4.0},{"damage":10.0,"enemies":"Slavers","floor":28.0,"turns":2.0},{"damage":0.0,"enemies":"Colosseum Slavers","floor":29.0,"turns":4.0},{"damage":19.0,"enemies":"Colosseum Nobs","floor":29.0,"turns":5.0},{"damage":0.0,"enemies":"Chosen and Byrds","floor":30.0,"turns":5.0},{"damage":24.0,"enemies":"Gremlin Leader","floor":31.0,"turns":5.0},{"damage":0,"enemies":"Automaton","floor":33,"turns":1}],"seed_played":"-3598157491413986329","potions_obtained":[{"floor":1.0,"key":"PowerPotion"},{"floor":10.0,"key":"PowerPotion"},{"floor":11.0,"key":"EssenceOfDarkness"},{"floor":14.0,"key":"Energy Potion"},{"floor":23.0,"key":"Regen Potion"},{"floor":25.0,"key":"EssenceOfSteel"},{"floor":29.0,"key":"LiquidBronze"}],"is_trial":false,"path_per_floor":["M","?","M","?","M","E","R","E","T","E","M","E","$","M","R","B",null,"M","?","M","?","?","M","R","E","T","M","E","?","M","E","R","B"],"character_chosen":"DEFECT","items_purchased":["MerchantsRug","Sunder","Medical Kit","Self Repair","BloodDonationMachine","SalivaCoin","ClockworkSouvenir"],"campfire_rested":0,"item_purchase_floors":[0,0,0,0,13,13,13],"current_hp_per_floor":[71,47,47,47,44,30,30,24,24,34,44,52,52,57,30,34,62,58,58,73,73,73,74,74,75,75,76,77,79,80,81,81,81,81],"gold":1869,"neow_bonus":"","is_daily":false,"chose_seed":false,"campfire_upgraded":3,"win_rate":0.0,"timestamp":1613282889,"path_taken":["M","?","M","?","M","E","R","E","T","E","M","E","$","M","R","BOSS","M","?","M","?","?","M","R","E","T","M","E","?","?","E","R","BOSS"],"items_purchased_type":["Relic","Card","Relic","Card","Relic","Relic","Relic"],"build_version":"2020-12-18","purchased_purges":3,"victory":false,"max_hp_per_floor":[71,71,71,71,71,71,71,71,71,71,71,71,71,71,71,71,71,72,72,73,73,73,74,74,75,75,76,77,79,80,81,81,81,81],"card_choices":[{"not_picked":["White Noise","Sweeping Beam"],"picked":"Ball Lightning","floor":1.0},{"not_picked":["Gash","Doom and Gloom"],"picked":"Coolheaded","floor":3.0},{"not_picked":["Sweeping Beam","Coolheaded"],"picked":"Cold Snap","floor":5.0},{"not_picked":["Hyperbeam","Steam+1","Creative AI"],"picked":"SKIP","floor":6.0},{"not_picked":["Scrape","Ball Lightning"],"picked":"Conserve Battery+1","floor":8.0},{"not_picked":["Skim+1","Coolheaded+1","All For One"],"picked":"SKIP","floor":10.0},{"not_picked":["Beam Cell","Heatsinks"],"picked":"Hologram+1","floor":11.0},{"not_picked":["Coolheaded+1","Steam Power+1","Cold Snap"],"picked":"SKIP","floor":12.0},{"not_picked":["Coolheaded+1","Steam Power+1","Cold Snap"],"picked":"SKIP","floor":12.0},{"not_picked":["Coolheaded+1","Steam+1","Cold Snap"],"picked":"SKIP","floor":14.0},{"not_picked":["Multi-Cast+1","Seek+1"],"picked":"Electrodynamics","floor":16.0},{"not_picked":["Beam Cell","FTL"],"picked":"Cancel+1","floor":18.0},{"not_picked":["Redo+1","Beam Cell+1","Fan+1"],"picked":"SKIP","floor":20.0},{"not_picked":["Stack+1","Coolheaded+1","Leap+1"],"picked":"SKIP","floor":23.0},{"not_picked":["Blizzard","Creative AI","Leap+1"],"picked":"SKIP","floor":25.0},{"not_picked":["Streamline","Compile Driver","Sweeping Beam"],"picked":"SKIP","floor":27.0},{"not_picked":["Ball Lightning+1","Sunder","Sweeping Beam"],"picked":"SKIP","floor":28.0},{"not_picked":["Conserve Battery+1","Rebound","Streamline"],"picked":"SKIP","floor":30.0},{"not_picked":["Sweeping Beam","Beam Cell","Double Energy+1"],"picked":"SKIP","floor":31.0}],"player_experience":778628,"relics_obtained":[{"floor":6.0,"key":"Toxic Egg 2"},{"floor":8.0,"key":"Blue Candle"},{"floor":9.0,"key":"HowToJump"},{"floor":10.0,"key":"FossilizedHelix"},{"floor":12.0,"key":"PokeGo"},{"floor":25.0,"key":"testmod-InjuryResistance"},{"floor":26.0,"key":"PreservedInsect"},{"floor":28.0,"key":"Nunchaku"},{"floor":29.0,"key":"Meat on the Bone"},{"floor":31.0,"key":"Orichalcum"}],"event_choices":[{"damage_healed":0.0,"max_hp_gain":0.0,"max_hp_loss":0.0,"gold_gain":0.0,"event_name":"Golden Idol","player_choice":"Take Damage","floor":2.0,"gold_loss":0.0,"damage_taken":24.0,"relics_obtained":["Golden Idol"]},{"damage_healed":0.0,"max_hp_gain":0.0,"max_hp_loss":0.0,"gold_gain":400.0,"event_name":"恩洛斯的盘子","player_choice":"Sell","floor":4.0,"relics_lost":["HushsDoor"],"gold_loss":0.0,"damage_taken":0.0},{"damage_healed":0.0,"max_hp_gain":0.0,"max_hp_loss":0.0,"gold_gain":0.0,"event_name":"Forgotten Altar","player_choice":"Gave Idol","floor":19.0,"relics_lost":["Golden Idol"],"gold_loss":0.0,"damage_taken":0.0,"relics_obtained":["Bloody Idol"]},{"damage_healed":0.0,"max_hp_gain":0.0,"max_hp_loss":0.0,"gold_gain":0.0,"event_name":"Vampires","player_choice":"Ignored","floor":21.0,"gold_loss":0.0,"damage_taken":0.0},{"damage_healed":0.0,"max_hp_gain":0.0,"max_hp_loss":0.0,"gold_gain":0.0,"cards_transformed":["Strike_B","Strike_B"],"event_name":"Drug Dealer","player_choice":"Became Test Subject","floor":22.0,"gold_loss":0.0,"damage_taken":0.0,"cards_obtained":["Genetic Algorithm","Cancel"]},{"damage_healed":0.0,"max_hp_gain":0.0,"max_hp_loss":0.0,"gold_gain":0.0,"event_name":"Colosseum","player_choice":"Fight","floor":29.0,"gold_loss":0.0,"damage_taken":0.0},{"damage_healed":0.0,"max_hp_gain":0.0,"max_hp_loss":0.0,"gold_gain":0.0,"event_name":"Colosseum","player_choice":"Fought Nobs","floor":29.0,"gold_loss":0.0,"damage_taken":0.0}],"is_beta":true,"boss_relics":[{"not_picked":["testmod-HarvestTotem","testmod-BatchProcessingSystem"],"picked":"testmod-NegativeEmotionEnhancer"}],"items_purged_floors":[0,0,13],"is_endless":false,"potions_floor_spawned":[1,10,11,14,23,25,28,29,29],"killed_by":"Automaton","ascension_level":20}}