{"host":"04x9isxu4s2lvye3","time":1613272265,"event":{"mods":["BaseMod","Colored Powertips","Highlight Path","Minty Spire (QoL Compilation)"],"gold_per_floor":[119,119,136,211,176,176,206,206,206,206,206,233,81,81,81,176,176,142,102,102,117,117,117,117,17,17,34,67,67,14,33,33,33,33],"floor_reached":33,"language":"ENG","playtime":1669,"items_purged":["Strike_G","Strike_G"],"score":453,"play_id":"2fba6fa8-5500-476c-804c-21de6d0134a6","local_time":"20210213221104","is_ascension_mode":true,"campfire_choices":[{"data":"Neutralize","floor":6.0,"key":"SMITH"},{"data":"Night Terror","floor":8.0,"key":"SMITH"},{"data":"Deadly Poison","floor":10.0,"key":"SMITH"},{"floor":15.0,"key":"REST"},{"floor":23,"key":"REST"},{"data":"Noxious Fumes","floor":32,"key":"SMITH"}],"circlet_count":0,"master_deck":["AscendersBane","Strike_G+1","Defend_G","Defend_G","Defend_G","Defend_G","Defend_G","Survivor","Neutralize+1","Flying Knee+1","Deadly Poison+1","Night Terror+1","Envenom+1","Dodge and Roll","Venomology","Noxious Fumes+1","Footwork+1","Bane"],"relics":["Ring of the Snake","Juzu Bracelet","Bottled Lightning","Matryoshka","Happy Flower","NlothsMask","Runic Pyramid","Enchiridion","Girya","Ice Cream","Art of War","Whetstone"],"acts_visited":["Exordium","TheCity"],"potions_floor_usage":[27,27,28,33,33],"damage_taken":[{"damage":3.0,"enemies":"Cultist","floor":1.0,"turns":5.0},{"damage":1.0,"enemies":"2 Louse","floor":3.0,"turns":4.0},{"damage":15.0,"enemies":"Lagavulin","floor":7.0,"turns":9.0},{"damage":43.0,"enemies":"3 Sentries","floor":12.0,"turns":11.0},{"damage":12.0,"enemies":"Hexaghost","floor":16.0,"turns":14.0},{"damage":19.0,"enemies":"2 Thieves","floor":18.0,"turns":5.0},{"damage":8.0,"enemies":"Chosen","floor":21.0,"turns":6.0},{"damage":7,"enemies":"Centurion and Healer","floor":27,"turns":7},{"damage":0,"enemies":"Book of Stabbing","floor":28,"turns":7},{"damage":0,"enemies":"Snecko","floor":31,"turns":5},{"damage":41,"enemies":"Champ","floor":33,"turns":13}],"seed_played":"3257385621029328133","potions_obtained":[{"floor":3.0,"key":"Explosive Potion"},{"floor":12.0,"key":"Explosive Potion"},{"floor":16.0,"key":"GamblersBrew"},{"floor":18.0,"key":"SteroidPotion"},{"floor":28,"key":"ColorlessPotion"}],"is_trial":false,"path_per_floor":["M","?","M","?","?","R","E","R","T","R","?","E","$","?","R","B",null,"M","?","?","M","?","R","?","$","T","M","E","T","$","M","R","B"],"character_chosen":"THE_SILENT","items_purchased":["Regen Potion","Bane"],"campfire_rested":2,"item_purchase_floors":[13,30],"current_hp_per_floor":[60,60,59,48,65,65,50,50,50,50,50,7,7,7,28,31,60,41,41,64,56,40,61,48,48,48,41,41,41,41,41,41,0,0],"gold":33,"neow_bonus":"RANDOM_COMMON_RELIC","is_daily":false,"chose_seed":false,"campfire_upgraded":4,"win_rate":0.0,"timestamp":1613272264,"path_taken":["M","?","M","?","?","R","E","R","T","R","?","E","$","?","R","BOSS","M","?","?","M","?","R","?","$","T","M","E","?","?","M","R","BOSS"],"items_purchased_type":["Potion","Card"],"build_version":"2020-12-22","purchased_purges":2,"victory":false,"max_hp_per_floor":[70,70,70,70,70,70,70,70,70,70,70,70,70,70,70,70,70,70,70,70,70,70,70,75,75,75,75,75,75,75,75,75,75,75],"card_choices":[{"not_picked":["Sucker Punch","Concentrate"],"picked":"Flying Knee","floor":1.0},{"not_picked":["Quick Slash","Dagger Throw"],"picked":"Deadly Poison","floor":3.0},{"not_picked":["Night Terror","Flying Knee","Wraith Form v2"],"picked":"SKIP","floor":7.0},{"not_picked":["Flying Knee","Wraith Form v2"],"picked":"Night Terror","floor":7.0},{"not_picked":["Eviscerate","Dagger Throw"],"picked":"Dodge and Roll","floor":12.0},{"not_picked":["Storm of Steel","Unload"],"picked":"Venomology","floor":16.0},{"not_picked":["Terror","Well Laid Plans","Underhanded Strike"],"picked":"SKIP","floor":18.0},{"not_picked":["Terror+1","Cloak And Dagger+1"],"picked":"Noxious Fumes","floor":21.0},{"not_picked":["Masterful Stab","Deflect"],"picked":"Footwork+1","floor":27},{"not_picked":["Skewer+1","Distraction","Deadly Poison"],"picked":"SKIP","floor":28},{"not_picked":["Reflex","Endless Agony","Bane"],"picked":"SKIP","floor":31}],"player_experience":275920,"relics_obtained":[{"floor":7.0,"key":"Bottled Lightning"},{"floor":9.0,"key":"Matryoshka"},{"floor":12.0,"key":"Happy Flower"},{"floor":22,"key":"Enchiridion"},{"floor":26,"key":"Girya"},{"floor":28,"key":"Ice Cream"},{"floor":29,"key":"Art of War"},{"floor":29,"key":"Whetstone"}],"event_choices":[{"cards_removed":["Strike_G"],"damage_healed":0.0,"max_hp_gain":0.0,"max_hp_loss":0.0,"gold_gain":0.0,"event_name":"Bonfire Elementals","player_choice":"Offered Basic","floor":2.0,"gold_loss":0.0,"damage_taken":0.0},{"damage_healed":0.0,"max_hp_gain":0.0,"max_hp_loss":0.0,"gold_gain":75.0,"event_name":"World of Goop","player_choice":"Gather Gold","floor":4.0,"gold_loss":0.0,"damage_taken":11.0},{"damage_healed":17.0,"max_hp_gain":0.0,"max_hp_loss":0.0,"gold_gain":0.0,"event_name":"The Cleric","player_choice":"Healed","floor":5.0,"gold_loss":35.0,"damage_taken":0.0},{"damage_healed":0.0,"max_hp_gain":0.0,"max_hp_loss":0.0,"gold_gain":0.0,"cards_transformed":["Strike_G"],"event_name":"Transmorgrifier","player_choice":"Transformed","floor":11.0,"gold_loss":0.0,"damage_taken":0.0,"cards_obtained":["Envenom"]},{"damage_healed":0.0,"max_hp_gain":0.0,"max_hp_loss":0.0,"gold_gain":0.0,"event_name":"FaceTrader","player_choice":"Trade","floor":14.0,"gold_loss":0.0,"damage_taken":0.0,"relics_obtained":["NlothsMask"]},{"damage_healed":0.0,"max_hp_gain":0.0,"max_hp_loss":0.0,"gold_gain":0.0,"event_name":"Designer","player_choice":"Upgrade","floor":19.0,"gold_loss":40.0,"damage_taken":0.0,"cards_upgraded":["Envenom"]},{"damage_healed":23.0,"max_hp_gain":0.0,"max_hp_loss":0.0,"gold_gain":0.0,"event_name":"The Library","player_choice":"Heal","floor":20.0,"gold_loss":0.0,"damage_taken":0.0},{"damage_healed":0,"gold_gain":0,"player_choice":"Obtained Book","damage_taken":16,"max_hp_gain":0,"max_hp_loss":0,"event_name":"Cursed Tome","floor":22,"gold_loss":0},{"damage_healed":0,"gold_gain":0,"player_choice":"Shed Blood","damage_taken":18,"max_hp_gain":5,"max_hp_loss":0,"event_name":"Forgotten Altar","floor":24,"gold_loss":0}],"is_beta":false,"boss_relics":[{"not_picked":["Tiny House","SacredBark"],"picked":"Runic Pyramid"}],"items_purged_floors":[13,25],"is_endless":false,"potions_floor_spawned":[3,12,16,18,28,31],"killed_by":"Champ","ascension_level":11}}