{"host":"fyg75lclw0tbsq92","time":1613277947,"event":{"mods":["AchievementEnabler","Act Like it!","Aspiration","BaseMod","BetterRewards","Gensokyo","Minty Spire (QoL Compilation)","Reimu£®≤©¿ˆ¡È√Œ£©","Replay The Spire","StSLib","The Administrix"],"gold_per_floor":[113,113,123,133,133,166,166,185,261,278,312,18,44,59,59,163,163,174,174,174,186,202,231,245,274,274,284,311,311,61,71,71,174,174,193,243,243,243,262,296,296,296,296,324,336,358,382,422,434,446,458,470,53,82,82],"floor_reached":56,"language":"ZHS","playtime":4728,"items_purged":["Decay","Amnesia","Defend_Lin:ReiMu"],"score":2300,"play_id":"d84e14f8-477a-4af5-82db-d76adfe83246","local_time":"20210214124547","is_ascension_mode":true,"campfire_choices":[{"floor":7,"key":"REST"},{"floor":15,"key":"RECALL"},{"floor":29,"key":"REST"},{"data":"Thinking Ahead","floor":32,"key":"SMITH"}],"circlet_count":0,"master_deck":["AscendersBane","Strike_Lin:ReiMu","Strike_Lin:ReiMu","Strike_Lin:ReiMu","Defend_Lin:ReiMu","Defend_Lin:ReiMu","Defend_Lin:ReiMu","NB:ReiMu","Stagnation:ReiMu","KamiRite:ReiMu+1","Amulet:ReiMu","Determination:ReiMu+1","Thinking Ahead+1","Gathering:ReiMu","CeremonyResonance:ReiMu","Master of Strategy+1","PassingAway:ReiMu","SpreadBorder2:ReiMu","Authority:ReiMu","SafetyPray:ReiMu","Dreaming2:ReiMu","RainPray2:ReiMu","YinYangSange:ReiMu","CleanRite:ReiMu","LearningPray:ReiMu","RainPray2:ReiMu","RainPray2:ReiMu","NineCharacters:ReiMu+1","Free:ReiMu+1","Revelation:ReiMu+1","RainPray2:ReiMu+1","NineCharacters:ReiMu+1"],"relics":["FlyPower:ReiMu","BodyOfKamiR:ReiMu","CheatingSign:ReiMu","BargainBundle","ReplayTheSpireMod:CursedCoin","Replay:Towering Pillar of Hats","Mummified Hand","ReplayTheSpireMod:Ninjato","ReplayTheSpireMod:TigerMarble","Bottled Flame","HornCleat","Gambling Chip","Matryoshka","Black Star","ReplayTheSpireMod:Ring of Collecting","Simple Rune","Oddly Smooth Stone","Golden Egg","Replay:Bottled Steam","aspiration:Lifesprig","ReplayTheSpireMod:Ring of Addiction","Potion Belt","Chameleon Ring","aspiration:HiddenCompartment","Shuriken","Guide Book","Empty Cage","Calipers","Darkstone Periapt","Mercury Hourglass","Iron Hammer","Snack Pack","ReplayTheSpireMod:Lightbulb","MawBank","Regal Pillow","Ornamental Fan","Bronze Scales","Cauldron","Replay:Accelerometer","Replay:Bottled Snecko"],"acts_visited":["Exordium","TheCity","TheBeyond","TheEnding"],"potions_floor_usage":[6,16,23,23,28,28,33,41,47,50,55,55,55,55,55,55,55,55],"damage_taken":[{"damage":4,"enemies":"Cultist","floor":1,"turns":4},{"damage":10,"enemies":"Small Slimes","floor":3,"turns":4},{"damage":0,"enemies":"Jaw Worm","floor":4,"turns":4},{"damage":12,"enemies":"Gremlin Nob","floor":6,"turns":4},{"damage":2,"enemies":"3 Louse","floor":8,"turns":3},{"damage":0,"enemies":"Looter","floor":10,"turns":4},{"damage":0,"enemies":"Lagavulin","floor":11,"turns":6},{"damage":0,"enemies":"3 Sentries","floor":13,"turns":6},{"damage":2,"enemies":"Exordium Wildlife","floor":14,"turns":6},{"damage":0,"enemies":"Fading Forest","floor":16,"turns":11},{"damage":14,"enemies":"3 Byrds","floor":18,"turns":8},{"damage":0,"enemies":"Chosen","floor":21,"turns":3},{"damage":15,"enemies":"Centurion and Healer","floor":22,"turns":8},{"damage":2,"enemies":"Slavers","floor":23,"turns":7},{"damage":1,"enemies":"Sentry and Sphere","floor":24,"turns":5},{"damage":4,"enemies":"Replay:Snechameleon","floor":25,"turns":6},{"damage":0,"enemies":"Snecko","floor":27,"turns":4},{"damage":5,"enemies":"Gremlin Leader","floor":28,"turns":5},{"damage":0,"enemies":"Snake Plant","floor":31,"turns":4},{"damage":19,"enemies":"Automaton","floor":33,"turns":8},{"damage":12,"enemies":"3 Darklings","floor":35,"turns":5},{"damage":0,"enemies":"Mind Bloom Boss Battle","floor":36,"turns":7},{"damage":0,"enemies":"Orb Walker","floor":39,"turns":5},{"damage":3,"enemies":"R_Hoarder","floor":40,"turns":7},{"damage":0,"enemies":"Jaw Worm Horde","floor":41,"turns":1},{"damage":0,"enemies":"Giant Head","floor":44,"turns":5},{"damage":11,"enemies":"Transient","floor":46,"turns":5},{"damage":0,"enemies":"4 Shapes","floor":47,"turns":6},{"damage":0,"enemies":"R_Hoarder","floor":48,"turns":9},{"damage":0,"enemies":"Replay:Hell Engine","floor":50,"turns":6},{"damage":25,"enemies":"Shield and Spear","floor":54,"turns":9},{"damage":32,"enemies":"The Heart","floor":55,"turns":6}],"seed_played":"567535258715347786","potions_obtained":[{"floor":8,"key":"LiquidBronze"},{"floor":10,"key":"DistilledChaos"},{"floor":13,"key":"Adrenaline Potion"},{"floor":18,"key":"Languid Potion"},{"floor":21,"key":"PinkPotion:ReiMu"},{"floor":24,"key":"Dexterity Potion"},{"floor":25,"key":"SmokeBomb"},{"floor":26,"key":"Energy Potion"},{"floor":26,"key":"Explosive Potion"},{"floor":46,"key":"FearPotion"},{"floor":49,"key":"LiquidMemories"},{"floor":49,"key":"Venom Potion"},{"floor":52,"key":"LifebloodPotion"},{"floor":52,"key":"Languid Potion"},{"floor":53,"key":"BottledKami:ReiMu"},{"floor":53,"key":"EntropicBrew"},{"floor":53,"key":"Doom Potion"}],"is_trial":false,"path_per_floor":["M","?","M","M","?","E","R","M","T","M","E","$","E","M","R","B",null,"M","?","?","M","M","E","M","E","T","M","E","R","$","M","R","B",null,"M","?","?","$","M","E","M","?","T","E","$","M","M","E","R","B",null,"R","$","E","B",null],"character_chosen":"REIMU","items_purchased":["KamiRite:ReiMu+1","BodyOfKamiR:ReiMu","CheatingSign:ReiMu","BargainBundle","Amulet:ReiMu","Determination:ReiMu","BlessingOfTheForge","Dexterity Potion","Thinking Ahead","Gathering:ReiMu","ReplayTheSpireMod:CursedCoin","CeremonyResonance:ReiMu","Master of Strategy","PassingAway:ReiMu","Replay:Towering Pillar of Hats","Mummified Hand","ReplayTheSpireMod:Ninjato","Gambling Chip","Guide Book","Bronze Scales","Cauldron"],"campfire_rested":2,"item_purchase_floors":[0,0,0,0,0,0,0,0,0,0,0,0,0,0,0,0,0,12,30,53,53],"current_hp_per_floor":[55,55,45,45,50,38,59,57,57,57,57,57,57,55,55,63,68,54,54,41,41,26,29,28,24,24,24,19,41,41,46,46,63,71,59,59,59,59,71,66,66,66,66,69,67,58,58,60,60,67,67,67,67,65,35],"gold":82,"neow_bonus":"","is_daily":false,"chose_seed":false,"campfire_upgraded":1,"win_rate":0.0,"timestamp":1613277947,"path_taken":["M","?","?","M","?","E","R","M","T","M","E","$","E","M","R","BOSS","M","?","?","M","M","E","M","E","T","M","E","R","?","M","R","BOSS","M","?","?","?","?","E","M","?","T","E","$","M","M","E","R","BOSS","R","$","E","BOSS"],"items_purchased_type":["Card","Relic","Relic","Relic","Card","Card","Potion","Potion","Card","Card","Relic","Card","Card","Card","Relic","Relic","Relic","Relic","Relic","Relic","Relic"],"build_version":"2020-12-22","purchased_purges":3,"victory":true,"max_hp_per_floor":[65,65,65,65,70,70,70,70,70,70,70,70,70,70,70,70,70,70,70,75,75,75,75,75,75,75,75,75,75,75,75,73,73,73,73,73,71,71,71,69,69,69,69,69,67,67,67,67,67,67,67,67,67,65,65],"card_choices":[{"not_picked":["AirStrike:ReiMu","OrbThrow:ReiMu"],"picked":"SpreadBorder2:ReiMu","floor":1},{"not_picked":["BlastKick2:ReiMu","CareerPray:ReiMu","UniversalSpiritual:ReiMu"],"picked":"SKIP","floor":3},{"not_picked":["LovePray:ReiMu","UpKicking:ReiMu"],"picked":"SafetyPray:ReiMu","floor":4},{"not_picked":["SubcavityInstant:ReiMu","PhosphorusFlame:ReiMu","InherentArray:ReiMu"],"picked":"SKIP","floor":6},{"not_picked":["Intuition:ReiMu","ManaGlint:ReiMu"],"picked":"Dreaming2:ReiMu","floor":8},{"not_picked":["LovePray:ReiMu","Conquer:ReiMu"],"picked":"RainPray2:ReiMu","floor":10},{"not_picked":["OctopathSalyBorderN:ReiMu","Meditation:ReiMu"],"picked":"YinYangSange:ReiMu","floor":11},{"not_picked":["AlertArray:ReiMu","SafetyPray:ReiMu","FantasyMoon:ReiMu"],"picked":"SKIP","floor":13},{"not_picked":["SubcavityInstant:ReiMu","CareerPray:ReiMu","SpringWay:ReiMu"],"picked":"SKIP","floor":14},{"not_picked":["Shading:ReiMu","DependentForm:ReiMu"],"picked":"CleanRite:ReiMu","floor":16},{"not_picked":["SubAcupoint:ReiMu","Conquer:ReiMu"],"picked":"LearningPray:ReiMu","floor":18},{"not_picked":["Intuition:ReiMu","CareerPray:ReiMu"],"picked":"RainPray2:ReiMu","floor":21},{"not_picked":["DoubleButterfly:ReiMu","UpKicking:ReiMu+1","RunawayExorcism:ReiMu"],"picked":"SKIP","floor":22},{"not_picked":["ManaGlint:ReiMu","Crusade:ReiMu"],"picked":"RainPray2:ReiMu","floor":23},{"not_picked":["DoubleButterfly:ReiMu+1","WonderfulDomain:ReiMu","ForcedLanding:ReiMu"],"picked":"SKIP","floor":24},{"not_picked":["FantasyBorder:ReiMu","MikOfLucky:ReiMu","YinYangSange:ReiMu"],"picked":"SKIP","floor":25},{"not_picked":["SubAcupoint:ReiMu","AirStrike:ReiMu","OrbThrow:ReiMu"],"picked":"SKIP","floor":27},{"not_picked":["OrbThrow:ReiMu","ForcedLanding:ReiMu","TightArray:ReiMu"],"picked":"SKIP","floor":28},{"not_picked":["SpringWay:ReiMu","InherentArray:ReiMu"],"picked":"NineCharacters:ReiMu+1","floor":31},{"not_picked":["KyokaiOfKami:ReiMu","YinYang:ReiMu"],"picked":"Free:ReiMu","floor":33},{"not_picked":["MikOfLucky:ReiMu","CareerPray:ReiMu","Enchanting:ReiMu"],"picked":"SKIP","floor":35},{"not_picked":["BarrageOfMoneybags:ReiMu","Amulet:ReiMu","Conquer:ReiMu"],"picked":"SKIP","floor":39},{"not_picked":["PayForSelf:ReiMu","TightArray:ReiMu+1","YinYangSign:ReiMu"],"picked":"SKIP","floor":40},{"not_picked":["WonderfulDomain:ReiMu+1","TightArray:ReiMu+1"],"picked":"Revelation:ReiMu+1","floor":44},{"not_picked":["SubcavityInstant:ReiMu","AirStrike:ReiMu","EmergencyTakeOff:ReiMu"],"picked":"SKIP","floor":46},{"not_picked":["NineCharacters:ReiMu+1","AirStrike:ReiMu+1"],"picked":"RainPray2:ReiMu+1","floor":47},{"not_picked":["DependentForm:ReiMu","SafetyPray:ReiMu","AirManeuver:ReiMu+1"],"picked":"SKIP","floor":48},{"not_picked":["RainPray2:ReiMu+1","Gathering:ReiMu"],"picked":"NineCharacters:ReiMu+1","floor":54}],"player_experience":276259,"relics_obtained":[{"floor":6,"key":"ReplayTheSpireMod:TigerMarble"},{"floor":9,"key":"Bottled Flame"},{"floor":11,"key":"HornCleat"},{"floor":13,"key":"Matryoshka"},{"floor":19,"key":"ReplayTheSpireMod:Ring of Collecting"},{"floor":23,"key":"Simple Rune"},{"floor":23,"key":"Oddly Smooth Stone"},{"floor":25,"key":"Golden Egg"},{"floor":25,"key":"Replay:Bottled Steam"},{"floor":26,"key":"aspiration:Lifesprig"},{"floor":26,"key":"ReplayTheSpireMod:Ring of Addiction"},{"floor":26,"key":"Potion Belt"},{"floor":26,"key":"Chameleon Ring"},{"floor":28,"key":"aspiration:HiddenCompartment"},{"floor":28,"key":"Shuriken"},{"floor":36,"key":"Calipers"},{"floor":40,"key":"Darkstone Periapt"},{"floor":40,"key":"Mercury Hourglass"},{"floor":43,"key":"Iron Hammer"},{"floor":43,"key":"Snack Pack"},{"floor":44,"key":"ReplayTheSpireMod:Lightbulb"},{"floor":44,"key":"MawBank"},{"floor":48,"key":"Regal Pillow"},{"floor":48,"key":"Ornamental Fan"},{"floor":54,"key":"Replay:Accelerometer"},{"floor":54,"key":"Replay:Bottled Snecko"}],"event_choices":[{"damage_healed":0,"gold_gain":0,"player_choice":"2 cards matched","damage_taken":0,"max_hp_gain":0,"max_hp_loss":0,"event_name":"Match and Keep!","floor":2,"gold_loss":0,"cards_obtained":["Amnesia","Authority:ReiMu"]},{"damage_healed":0,"gold_gain":0,"player_choice":"Donut","damage_taken":0,"max_hp_gain":5,"max_hp_loss":0,"event_name":"Big Fish","floor":5,"gold_loss":0},{"damage_healed":0,"gold_gain":0,"player_choice":"Shed Blood","damage_taken":18,"max_hp_gain":5,"max_hp_loss":0,"event_name":"Forgotten Altar","floor":20,"gold_loss":0},{"damage_healed":0,"gold_gain":0,"player_choice":"Fight","damage_taken":0,"max_hp_gain":0,"max_hp_loss":0,"event_name":"MindBloom","floor":36,"gold_loss":0},{"damage_healed":0,"gold_gain":0,"player_choice":"Memory 1","damage_taken":0,"max_hp_gain":0,"max_hp_loss":0,"event_name":"SensoryStone","floor":37,"gold_loss":0},{"damage_healed":0,"gold_gain":0,"player_choice":"Ignored","damage_taken":0,"max_hp_gain":0,"max_hp_loss":0,"event_name":"Tomb of Lord Red Mask","floor":42,"gold_loss":0}],"is_beta":false,"boss_relics":[{"not_picked":["DonationBox:ReiMu","Velvet Choker"],"picked":"Black Star"},{"not_picked":["Replay:Drink Me","Snecko Eye"],"picked":"Empty Cage"}],"items_purged_floors":[0,30,53],"is_endless":false,"potions_floor_spawned":[1,8,10,13,14,18,21,24,25,27,36,41,46,54],"ascension_level":12}}