{"host":"xi8yg1ddhptuxb9d","time":1613334663,"event":{"mods":["AchievementEnabler","BaseMod","Block Reminder","Minty Spire (QoL Compilation)","Relic Sorter","StSLib"],"gold_per_floor":[112,112,128,36,36,36,67,67,94,122,122,122,139,158,158,237,237,250,250,250,38,38,38,75,75,75],"floor_reached":25,"language":"ENG","playtime":919,"items_purged":[],"score":418,"play_id":"2bf425f1-46fc-46f6-b2ee-87703a6b1b66","local_time":"20210214153103","is_ascension_mode":true,"campfire_choices":[{"floor":6.0,"key":"REST"},{"floor":8.0,"key":"REST"},{"floor":15.0,"key":"REST"},{"data":"Envenom","floor":23.0,"key":"SMITH"}],"circlet_count":0,"master_deck":["AscendersBane","Defend_G","Defend_G","Defend_G","Defend_G+1","Defend_G","Survivor","Neutralize+1","Caltrops","Poisoned Stab","Footwork","Deadly Poison","Dagger Throw","Bouncing Flask","Crippling Poison","Dodge and Roll","Dagger Spray","Dodge and Roll","Envenom+1","Sucker Punch","Bite","Bite","Bite","Bite","Bite","HandOfGreed"],"relics":["SacredBark","Pocketwatch","Smiling Mask","Prayer Wheel","Pantograph","Velvet Choker","Frozen Egg 2"],"acts_visited":["Exordium","TheCity"],"potions_floor_usage":[25],"damage_taken":[{"damage":7.0,"enemies":"Jaw Worm","floor":1.0,"turns":5.0},{"damage":12.0,"enemies":"Small Slimes","floor":3.0,"turns":4.0},{"damage":30.0,"enemies":"Lagavulin","floor":7.0,"turns":10.0},{"damage":18.0,"enemies":"Gremlin Nob","floor":10.0,"turns":4.0},{"damage":0.0,"enemies":"Cultist","floor":13.0,"turns":3.0},{"damage":0.0,"enemies":"2 Fungi Beasts","floor":14.0,"turns":3.0},{"damage":9.0,"enemies":"The Guardian","floor":16.0,"turns":10.0},{"damage":15.0,"enemies":"3 Byrds","floor":18.0,"turns":3.0},{"damage":25.0,"enemies":"Chosen","floor":24.0,"turns":5.0},{"damage":62,"enemies":"Gremlin Leader","floor":25,"turns":9}],"seed_played":"-6394662600542461690","potions_obtained":[{"floor":1.0,"key":"Explosive Potion"},{"floor":7.0,"key":"PowerPotion"},{"floor":14.0,"key":"Weak Potion"},{"floor":16.0,"key":"SneckoOil"}],"is_trial":false,"path_per_floor":["M","?","M","$","?","R","E","R","T","E","T","$","M","M","R","B",null,"M","?","?","$","T","R","M","E"],"character_chosen":"THE_SILENT","items_purchased":["Footwork","Deadly Poison","HandOfGreed"],"campfire_rested":3,"item_purchase_floors":[4,4,21],"current_hp_per_floor":[52,52,40,40,20,39,9,28,28,10,10,10,10,10,29,45,61,46,46,46,46,46,46,29,0,0],"gold":75,"neow_bonus":"BOSS_RELIC","is_daily":false,"chose_seed":false,"campfire_upgraded":1,"win_rate":0.0,"timestamp":1613334663,"path_taken":["M","?","M","$","?","R","E","R","T","E","?","?","?","M","R","BOSS","M","?","?","$","?","R","M","E"],"items_purchased_type":["Card","Card","Card"],"build_version":"2020-12-22","purchased_purges":0,"victory":false,"max_hp_per_floor":[66,66,66,66,66,66,66,66,66,66,66,66,66,66,66,66,66,66,66,46,46,46,46,46,46,46],"card_choices":[{"not_picked":["Prepared","Flying Knee"],"picked":"Caltrops","floor":1.0},{"not_picked":["Reflex","Bane"],"picked":"Poisoned Stab","floor":3.0},{"not_picked":["Masterful Stab","Accuracy"],"picked":"Dagger Throw","floor":7.0},{"not_picked":["Quick Slash","Backflip"],"picked":"Bouncing Flask","floor":10.0},{"not_picked":["Terror","Glass Knife"],"picked":"Crippling Poison","floor":13.0},{"not_picked":["Poisoned Stab","Reflex"],"picked":"Dodge and Roll","floor":13.0},{"not_picked":["Setup","Reflex"],"picked":"Dagger Spray","floor":14.0},{"not_picked":["Riddle With Holes","Sucker Punch"],"picked":"Dodge and Roll","floor":14.0},{"not_picked":["Grand Finale","Malaise"],"picked":"Envenom","floor":16.0},{"not_picked":["Poisoned Stab","Dagger Spray+1"],"picked":"Sucker Punch","floor":18.0},{"not_picked":["Predator","Slice","Expertise"],"picked":"SKIP","floor":18.0},{"not_picked":["Flying Knee","Prepared","Dash"],"picked":"SKIP","floor":24.0},{"not_picked":["Infinite Blades+1","Poisoned Stab+1","Slice"],"picked":"SKIP","floor":24.0}],"player_experience":714695,"relics_obtained":[{"floor":7.0,"key":"Pocketwatch"},{"floor":9.0,"key":"Smiling Mask"},{"floor":10.0,"key":"Prayer Wheel"},{"floor":11.0,"key":"Pantograph"},{"floor":22.0,"key":"Frozen Egg 2"}],"event_choices":[{"damage_healed":0.0,"max_hp_gain":0.0,"max_hp_loss":0.0,"gold_gain":0.0,"event_name":"Living Wall","player_choice":"Grow","floor":2.0,"gold_loss":0.0,"damage_taken":0.0,"cards_upgraded":["Neutralize"]},{"damage_healed":0.0,"max_hp_gain":0.0,"max_hp_loss":0.0,"gold_gain":0.0,"event_name":"Shining Light","player_choice":"Entered Light","floor":5.0,"gold_loss":0.0,"damage_taken":20.0,"cards_upgraded":["Defend_G","Strike_G"]},{"damage_healed":0.0,"max_hp_gain":0.0,"max_hp_loss":0.0,"gold_gain":0.0,"event_name":"Beggar","player_choice":"Ignored","floor":19.0,"gold_loss":0.0,"damage_taken":0.0},{"damage_healed":0.0,"max_hp_gain":0.0,"max_hp_loss":20.0,"gold_gain":0.0,"event_name":"Vampires","player_choice":"Became a vampire","floor":20.0,"gold_loss":0.0,"damage_taken":0.0,"cards_obtained":["Bite","Bite","Bite","Bite","Bite"]}],"is_beta":false,"boss_relics":[{"not_picked":["Pandora\u0027s Box","Sozu"],"picked":"Velvet Choker"}],"items_purged_floors":[],"is_endless":false,"potions_floor_spawned":[1,7,14,16],"killed_by":"Gremlin Leader","ascension_level":18}}