{"host":"wmojtwekh6s3tor5","time":1613300372,"event":{"mods":["BaseMod","Colored Map","Colored Powertips","DeckTracker","Highlight Path","Minty Spire (QoL Compilation)","StSLib"],"gold_per_floor":[110,110,123,142,108,134,145,145,145,145,164,184,184,197,197,197,197],"floor_reached":16,"language":"ZHS","playtime":614,"items_purged":[],"score":135,"play_id":"e0082611-d4cf-4cbb-a131-0e52de3384f5","local_time":"20210214185932","is_ascension_mode":true,"campfire_choices":[{"data":"Perfected Strike","floor":8,"key":"SMITH"},{"data":"Pommel Strike","floor":10,"key":"SMITH"},{"floor":13,"key":"REST"},{"data":"Rage","floor":15,"key":"SMITH"}],"circlet_count":0,"master_deck":["Strike_R","Strike_R","Strike_R","Strike_R","Defend_R","Defend_R","Defend_R","Defend_R","Bash","Pommel Strike+1","Rage+1","Wild Strike","Perfected Strike+1"],"relics":["Burning Blood","Toy Ornithopter","PreservedInsect"],"acts_visited":["Exordium"],"potions_floor_usage":[11],"damage_taken":[{"damage":1,"enemies":"Cultist","floor":1,"turns":4},{"damage":0,"enemies":"2 Louse","floor":3,"turns":3},{"damage":3,"enemies":"Jaw Worm","floor":4,"turns":4},{"damage":46,"enemies":"Lagavulin","floor":6,"turns":8},{"damage":11,"enemies":"Looter","floor":7,"turns":3},{"damage":10,"enemies":"Exordium Wildlife","floor":11,"turns":4},{"damage":14,"enemies":"3 Louse","floor":12,"turns":3},{"damage":4,"enemies":"Looter","floor":14,"turns":3},{"damage":55,"enemies":"Hexaghost","floor":16,"turns":10}],"seed_played":"8798995943513146394","potions_obtained":[{"floor":3,"key":"Explosive Potion"},{"floor":4,"key":"SkillPotion"},{"floor":7,"key":"Explosive Potion"},{"floor":12,"key":"Explosive Potion"}],"is_trial":false,"path_per_floor":["M","$","M","M","?","E","M","R","T","R","M","M","R","M","R","B"],"character_chosen":"IRONCLAD","items_purchased":[],"campfire_rested":1,"item_purchase_floors":[],"current_hp_per_floor":[77,77,80,80,80,40,35,35,35,35,36,28,52,54,54,0,0],"gold":197,"neow_bonus":"TRANSFORM_CARD","is_daily":false,"chose_seed":false,"campfire_upgraded":3,"win_rate":0.0,"timestamp":1613300372,"path_taken":["M","$","M","?","?","E","M","R","T","R","M","M","R","M","R","BOSS"],"items_purchased_type":[],"build_version":"2020-12-22","purchased_purges":0,"victory":false,"max_hp_per_floor":[80,80,80,80,80,80,80,80,80,80,80,80,80,80,80,80,80],"card_choices":[{"not_picked":["Perfected Strike","Pummel"],"picked":"Rage","floor":1},{"not_picked":["Second Wind","Shockwave"],"picked":"Wild Strike","floor":3},{"not_picked":["Twin Strike","Clothesline"],"picked":"Perfected Strike","floor":4},{"not_picked":["Immolate","Inflame","Havoc"],"picked":"SKIP","floor":6},{"not_picked":["Spot Weakness","True Grit","Body Slam"],"picked":"SKIP","floor":7},{"not_picked":["Havoc","Wild Strike","Clothesline"],"picked":"SKIP","floor":11},{"not_picked":["Heavy Blade","Rage","Shrug It Off"],"picked":"SKIP","floor":12},{"not_picked":["Twin Strike","Demon Form","Warcry"],"picked":"SKIP","floor":14}],"player_experience":617055,"relics_obtained":[{"floor":6,"key":"Toy Ornithopter"},{"floor":9,"key":"PreservedInsect"}],"event_choices":[{"damage_healed":0,"gold_gain":0,"player_choice":"Left Gold","damage_taken":0,"max_hp_gain":0,"max_hp_loss":0,"event_name":"World of Goop","floor":5,"gold_loss":34}],"is_beta":false,"boss_relics":[],"items_purged_floors":[],"is_endless":false,"potions_floor_spawned":[3,4,7,12],"killed_by":"Hexaghost","ascension_level":6}}