{"host":"sav7uxregyirlf69","time":1613300162,"event":{"mods":["AchievementEnabler","BaseMod","Colored Map","DeckTracker","Keyboard Shortcuts","Minty Spire (QoL Compilation)","READ ME - Guardian Mod","StSLib","SuperFastMode"],"gold_per_floor":[116,116,116,116,129,161,161,188,188,113,123,142,42,69,69,140,140,159,159,159,159,174,174,205,205,257,289,307,338,338,57,57,134,184,203,258,238,255,272,300,311,338,390,422,434,47,73,73,73,73,73,73,73,17,50,50],"floor_reached":57,"language":"KOR","playtime":1418,"items_purged":["Strike_G","Strike_G","Defend_G"],"score":2984,"play_id":"46dc3709-b058-419b-bd83-9871ba54b87c","local_time":"20210214195602","is_ascension_mode":true,"campfire_choices":[{"data":"Catalyst","floor":7.0,"key":"SMITH"},{"data":"Bouncing Flask","floor":15.0,"key":"SMITH"},{"data":"Ghostly","floor":23.0,"key":"SMITH"},{"data":"Ghostly","floor":25.0,"key":"SMITH"},{"data":"Ghostly","floor":30.0,"key":"SMITH"},{"data":"Well Laid Plans","floor":32.0,"key":"SMITH"},{"data":"Burst","floor":45.0,"key":"SMITH"},{"floor":49.0,"key":"RECALL"},{"data":"Finesse","floor":53.0,"key":"SMITH"}],"circlet_count":0,"master_deck":["AscendersBane","Strike_G","Defend_G","Defend_G","Defend_G+1","Defend_G","Survivor+1","Neutralize","Poisoned Stab","Bouncing Flask+1","Catalyst+1","Backstab","Escape Plan","Flash of Steel","Ghostly+1","Ghostly+1","Ghostly+1","Prepared+1","Blade Dance+1","Well Laid Plans+1","Finesse+1","Burst+1","Backflip","Catalyst+1","Crippling Poison","Escape Plan","Footwork"],"relics":["Ring of the Snake","NeowsBlessing","Mercury Hourglass","Meat on the Bone","Juzu Bracelet","Coffee Dripper","Shuriken","Pen Nib","Ninja Scroll","Strawberry","Tiny House","Tough Bandages","Molten Egg 2","HornCleat","Dream Catcher","MawBank","Pantograph","Art of War","Boot"],"acts_visited":["Exordium","TheCity","TheBeyond","TheEnding"],"potions_floor_usage":[56],"damage_taken":[{"damage":0.0,"enemies":"Small Slimes","floor":1.0,"turns":1.0},{"damage":0.0,"enemies":"2 Louse","floor":5.0,"turns":1.0},{"damage":0.0,"enemies":"Lagavulin","floor":6.0,"turns":1.0},{"damage":6.0,"enemies":"Gremlin Nob","floor":8.0,"turns":3.0},{"damage":0.0,"enemies":"Cultist","floor":11.0,"turns":3.0},{"damage":4.0,"enemies":"Red Slaver","floor":12.0,"turns":3.0},{"damage":16.0,"enemies":"Lagavulin","floor":14.0,"turns":5.0},{"damage":14.0,"enemies":"Hexaghost","floor":16.0,"turns":5.0},{"damage":14.0,"enemies":"2 Thieves","floor":18.0,"turns":4.0},{"damage":0.0,"enemies":"Shell Parasite","floor":22.0,"turns":4.0},{"damage":5.0,"enemies":"Gremlin Leader","floor":24.0,"turns":6.0},{"damage":7.0,"enemies":"Book of Stabbing","floor":27.0,"turns":5.0},{"damage":3.0,"enemies":"Shelled Parasite and Fungi","floor":28.0,"turns":5.0},{"damage":0.0,"enemies":"Gremlin Leader","floor":29.0,"turns":2.0},{"damage":16.0,"enemies":"Automaton","floor":33.0,"turns":9.0},{"damage":9.0,"enemies":"3 Shapes","floor":35.0,"turns":5.0},{"damage":0.0,"enemies":"2 Orb Walkers","floor":36.0,"turns":6.0},{"damage":1.0,"enemies":"3 Darklings","floor":38.0,"turns":5.0},{"damage":0.0,"enemies":"4 Shapes","floor":39.0,"turns":5.0},{"damage":8.0,"enemies":"Giant Head","floor":40.0,"turns":7.0},{"damage":0.0,"enemies":"Maw","floor":41.0,"turns":4.0},{"damage":5.0,"enemies":"Reptomancer","floor":42.0,"turns":6.0},{"damage":11.0,"enemies":"Nemesis","floor":44.0,"turns":7.0},{"damage":4.0,"enemies":"Giant Head","floor":47.0,"turns":6.0},{"damage":1.0,"enemies":"Time Eater","floor":50.0,"turns":3.0},{"damage":12.0,"enemies":"Donu and Deca","floor":51.0,"turns":9.0},{"damage":8.0,"enemies":"Shield and Spear","floor":55.0,"turns":7.0},{"damage":44,"enemies":"The Heart","floor":56,"turns":8}],"seed_played":"7217618532535248694","potions_obtained":[{"floor":5.0,"key":"SkillPotion"},{"floor":12.0,"key":"BlessingOfTheForge"},{"floor":14.0,"key":"Ancient Potion"},{"floor":16.0,"key":"ColorlessPotion"},{"floor":27.0,"key":"LiquidMemories"},{"floor":28.0,"key":"Swift Potion"},{"floor":34.0,"key":"Explosive Potion"},{"floor":35.0,"key":"Block Potion"},{"floor":37.0,"key":"FearPotion"},{"floor":38.0,"key":"SkillPotion"},{"floor":42.0,"key":"LiquidBronze"},{"floor":44.0,"key":"EssenceOfSteel"},{"floor":47.0,"key":"Energy Potion"},{"floor":55.0,"key":"Block Potion"}],"is_trial":false,"path_per_floor":["M","?","?","?","M","E","R","E","T","$","M","M","$","E","R","B",null,"M","?","?","?","M","R","E","R","T","E","M","E","R","$","R","B",null,"M","?","?","M","M","E","M","E","T","E","R","$","E","?","R","B","B",null,"R","$","E","B",null],"character_chosen":"THE_SILENT","items_purchased":["Flash of Steel","Well Laid Plans","Finesse","Pantograph","Swift Potion"],"campfire_rested":0,"item_purchase_floors":[13,31,31,46,54],"current_hp_per_floor":[59,64,43,43,43,43,43,37,37,37,37,45,45,41,41,39,63,49,49,35,35,35,35,30,30,30,23,20,27,27,27,27,23,42,33,33,33,32,32,24,24,31,31,32,32,32,28,28,28,46,35,44,44,44,36,15],"gold":50,"neow_bonus":"THREE_ENEMY_KILL","is_daily":false,"chose_seed":false,"campfire_upgraded":8,"win_rate":0.0,"timestamp":1613300162,"path_taken":["M","?","?","?","M","E","R","E","T","$","M","?","?","E","R","BOSS","M","?","?","?","M","R","E","R","T","E","M","E","R","$","R","BOSS","M","?","?","M","M","E","M","E","T","E","R","$","E","?","R","BOSS","BOSS","R","$","E","BOSS"],"items_purchased_type":["Card","Card","Card","Relic","Potion"],"build_version":"2020-12-22","purchased_purges":3,"victory":true,"max_hp_per_floor":[66,71,71,71,71,71,71,71,71,71,71,71,71,71,71,71,71,71,71,35,35,35,35,35,35,35,35,35,42,42,42,42,42,47,47,47,47,47,47,47,47,47,47,47,47,47,47,47,47,47,47,47,47,47,47,47],"card_choices":[{"not_picked":["Flying Knee","Deflect"],"picked":"Poisoned Stab","floor":1.0},{"not_picked":["Deadly Poison","Deflect"],"picked":"Bouncing Flask","floor":5.0},{"not_picked":["Footwork","Concentrate"],"picked":"Catalyst","floor":6.0},{"not_picked":["Acrobatics","Deadly Poison","Bane"],"picked":"SKIP","floor":8.0},{"not_picked":["Predator","Outmaneuver"],"picked":"Backstab","floor":11.0},{"not_picked":["Distraction","Bouncing Flask"],"picked":"Escape Plan","floor":12.0},{"not_picked":["Doppelganger","Outmaneuver","Bouncing Flask"],"picked":"SKIP","floor":14.0},{"not_picked":["Bane","Acrobatics","Dash"],"picked":"SKIP","floor":18.0},{"not_picked":["Slice","Cloak And Dagger","Choke"],"picked":"SKIP","floor":22.0},{"not_picked":["Venomology","Backstab","Masterful Stab"],"picked":"SKIP","floor":24.0},{"not_picked":["Poisoned Stab","Dodge and Roll"],"picked":"Prepared+1","floor":27.0},{"not_picked":["Choke","Dodge and Roll","Underhanded Strike"],"picked":"SKIP","floor":28.0},{"not_picked":["Sucker Punch","Quick Slash+1"],"picked":"Blade Dance","floor":29.0},{"not_picked":["Unload","Wraith Form v2"],"picked":"Burst","floor":33.0},{"not_picked":["Acrobatics","Dash+1"],"picked":"Backflip","floor":35.0},{"not_picked":["Slice","Prepared"],"picked":"Catalyst+1","floor":36.0},{"not_picked":["Deflect","Setup"],"picked":"Crippling Poison","floor":38.0},{"not_picked":["Bane+1","Dash","Deflect"],"picked":"SKIP","floor":39.0},{"not_picked":["Skewer+1","Backflip","Deadly Poison"],"picked":"SKIP","floor":40.0},{"not_picked":["Quick Slash+1","Acrobatics","Backstab+1"],"picked":"SKIP","floor":41.0},{"not_picked":["Well Laid Plans","Envenom"],"picked":"Escape Plan","floor":42.0},{"not_picked":["Flechettes+1","Escape Plan","Backflip"],"picked":"SKIP","floor":44.0},{"not_picked":["Burst","Deflect","Blade Dance"],"picked":"SKIP","floor":47.0},{"not_picked":["Accuracy+1","Deflect+1"],"picked":"Footwork","floor":55.0}],"player_experience":1570417,"relics_obtained":[{"floor":6.0,"key":"Mercury Hourglass"},{"floor":8.0,"key":"Meat on the Bone"},{"floor":14.0,"key":"Juzu Bracelet"},{"floor":24.0,"key":"Shuriken"},{"floor":26.0,"key":"Pen Nib"},{"floor":27.0,"key":"Ninja Scroll"},{"floor":29.0,"key":"Strawberry"},{"floor":36.0,"key":"Tough Bandages"},{"floor":40.0,"key":"Molten Egg 2"},{"floor":42.0,"key":"HornCleat"},{"floor":43.0,"key":"Dream Catcher"},{"floor":44.0,"key":"MawBank"},{"floor":47.0,"key":"Art of War"},{"floor":55.0,"key":"Boot"}],"event_choices":[{"damage_healed":0.0,"max_hp_gain":5.0,"max_hp_loss":0.0,"gold_gain":0.0,"event_name":"Big Fish","player_choice":"Donut","floor":2.0,"gold_loss":0.0,"damage_taken":0.0},{"damage_healed":0.0,"max_hp_gain":0.0,"max_hp_loss":0.0,"gold_gain":0.0,"event_name":"Shining Light","player_choice":"Entered Light","floor":3.0,"gold_loss":0.0,"damage_taken":21.0,"cards_upgraded":["Defend_G","Survivor"]},{"cards_removed":["Strike_G"],"damage_healed":0.0,"max_hp_gain":0.0,"max_hp_loss":0.0,"gold_gain":0.0,"event_name":"Bonfire Elementals","player_choice":"Offered Basic","floor":4.0,"gold_loss":0.0,"damage_taken":0.0},{"damage_healed":0.0,"max_hp_gain":0.0,"max_hp_loss":0.0,"gold_gain":0.0,"event_name":"Match and Keep!","player_choice":"0 cards matched","floor":19.0,"gold_loss":0.0,"damage_taken":0.0,"cards_obtained":[]},{"damage_healed":0.0,"max_hp_gain":0.0,"max_hp_loss":36.0,"gold_gain":0.0,"event_name":"Ghosts","player_choice":"Became a Ghost","floor":20.0,"gold_loss":0.0,"damage_taken":0.0,"cards_obtained":["Ghostly","Ghostly","Ghostly"]},{"damage_healed":0.0,"max_hp_gain":0.0,"max_hp_loss":0.0,"gold_gain":0.0,"event_name":"The Mausoleum","player_choice":"Ignored","floor":21.0,"gold_loss":0.0,"damage_taken":0.0},{"damage_healed":0.0,"max_hp_gain":0.0,"max_hp_loss":0.0,"gold_gain":0.0,"event_name":"Mysterious Sphere","player_choice":"Fight","floor":36.0,"gold_loss":0.0,"damage_taken":0.0},{"damage_healed":0.0,"max_hp_gain":0.0,"max_hp_loss":0.0,"gold_gain":0.0,"event_name":"The Woman in Blue","player_choice":"Bought 1 Potion","floor":37.0,"gold_loss":0.0,"damage_taken":0.0},{"cards_removed":["Strike_G"],"damage_healed":0.0,"max_hp_gain":0.0,"max_hp_loss":0.0,"gold_gain":0.0,"event_name":"Falling","player_choice":"Removed Attack","floor":48.0,"gold_loss":0.0,"damage_taken":0.0}],"is_beta":false,"boss_relics":[{"not_picked":["Cursed Key","Ectoplasm"],"picked":"Coffee Dripper"},{"not_picked":["Fusion Hammer","Velvet Choker"],"picked":"Tiny House"}],"items_purged_floors":[10,31,46],"is_endless":false,"potions_floor_spawned":[5,12,14,16,22,24,27,28,35,38,42,44,47,55],"ascension_level":20}}