{"host":"iy54rgx5egu9t31x","time":1613304506,"event":{"mods":["2.2 Compatiblity","Act Like it!","Always Whale","BaseMod","Downfall","Gensokyo","Marisa¡]Ãú«B¡@Å]²z¨F¡^","Minty Spire (QoL Compilation)","Quick Restart","StSLib","SuperFastMode"],"gold_per_floor":[361,361,372,372,302,333,352,378,378,411,91,91,21,37,37,139,139,153,193,443,16,35,66,66,596,596,606,606,606,618,618,618,618],"floor_reached":31,"language":"ZHS","playtime":1174,"items_purged":[],"score":340,"play_id":"a01fa146-1e21-4b32-80f5-44daa28e3555","local_time":"20210214200826","is_ascension_mode":true,"campfire_choices":[{"floor":15.0,"key":"REST"},{"data":"1","floor":24.0,"key":"LIFT"},{"data":"2","floor":28.0,"key":"LIFT"}],"circlet_count":0,"master_deck":["Guardian:Strike_Guardian+1","Guardian:Strike_Guardian","Guardian:Strike_Guardian","Guardian:Defend_Guardian","Guardian:Defend_Guardian+1","Guardian:Defend_Guardian","Guardian:Defend_Guardian","Guardian:CurlUp","Guardian:TwinSlam","Guardian:WalkerClaw","Guardian:GatlingBeam","Guardian:ShieldCharger","Guardian:Reroute","Apotheosis","Guardian:ChargeUp","Guardian:RevengeProtocol","Guardian:RefractedBeam+1","Guardian:BronzeArmor","Guardian:ShieldSpikes+1","Guardian:Gem_Synthetic","Guardian:Gem_Blue"],"relics":["Guardian:ModeShifter","Kunai","Girya","Bronze Scales","Matryoshka","Bag of Marbles","Toolbox","Tiny Chest","bronze:MakeshiftBattery","OrangePellets","HandDrill","Nunchaku","hexamod:CandleOfCauterizing","Centennial Puzzle","HornCleat","MealTicket","Orichalcum","Eternal Feather"],"acts_visited":["Gensokyo:Gensokyo","Gensokyo:Gensokyoer"],"potions_floor_usage":[],"damage_taken":[{"damage":12.0,"enemies":"Gensokyo:Python","floor":1.0,"turns":4.0},{"damage":6.0,"enemies":"Gensokyo:3_Fairies","floor":3.0,"turns":5.0},{"damage":13.0,"enemies":"Gensokyo:Mamizou","floor":6.0,"turns":9.0},{"damage":6.0,"enemies":"Gensokyo:Gryphon","floor":7.0,"turns":5.0},{"damage":5.0,"enemies":"Gensokyo:Aya","floor":8.0,"turns":8.0},{"damage":15.0,"enemies":"Gensokyo:Cirno","floor":10.0,"turns":6.0},{"damage":0.0,"enemies":"Gensokyo:LivingMonolith","floor":14.0,"turns":2.0},{"damage":5.0,"enemies":"Gensokyo:Reimu","floor":16.0,"turns":9.0},{"damage":3.0,"enemies":"Gensokyo:CosmicMonolith","floor":18.0,"turns":3.0},{"damage":14.0,"enemies":"Gensokyo:3_Dogs","floor":19.0,"turns":4.0},{"damage":16.0,"enemies":"Gensokyo:Wraith","floor":22.0,"turns":4.0},{"damage":15.0,"enemies":"Gensokyo:Koishi","floor":23.0,"turns":8.0},{"damage":18.0,"enemies":"Gensokyo:Tenshi","floor":25.0,"turns":4.0},{"damage":0.0,"enemies":"Gensokyo:Monolith_and_Dog","floor":27.0,"turns":4.0},{"damage":0.0,"enemies":"Gensokyo:Mirror_and_Dog","floor":30.0,"turns":4.0},{"damage":14,"enemies":"Gensokyo:3_Gloops","floor":31,"turns":4}],"seed_played":"5917686584492463424","potions_obtained":[{"floor":7.0,"key":"Strength Potion"},{"floor":8.0,"key":"Fire Potion"},{"floor":16.0,"key":"Swift Potion"},{"floor":19.0,"key":"LiquidMemories"},{"floor":22.0,"key":"Swift Potion"}],"is_trial":false,"path_per_floor":["M","?","M","T","?","E","M","E","T","E","$","?","?","M","R","B",null,"M","M","?","COS","M","E","R","E","T","M","R","T","M","M"],"character_chosen":"GUARDIAN","items_purchased":["Toolbox","Apotheosis"],"campfire_rested":1,"item_purchase_floors":[11,11],"current_hp_per_floor":[68,52,46,46,46,33,27,22,22,7,7,7,7,7,31,26,80,77,63,63,63,47,32,32,14,14,14,14,14,14,0,0,0],"gold":618,"neow_bonus":"TWO_FIFTY_GOLD","is_daily":false,"chose_seed":false,"campfire_upgraded":0,"win_rate":0.0,"timestamp":1613304506,"path_taken":["M","?","M","?","?","E","M","E","T","E","$","?","?","?","R","BOSS","M","?","?","COS","M","E","R","E","T","M","R","?","M","M"],"items_purchased_type":["Relic","Card"],"build_version":"2020-12-22","purchased_purges":0,"victory":false,"max_hp_per_floor":[80,80,80,80,80,80,80,80,80,80,80,80,80,80,80,80,80,80,80,76,76,76,76,76,76,76,76,76,76,76,76,76,76],"card_choices":[{"not_picked":["Guardian:Suspension","Guardian:RollAttack"],"picked":"Guardian:Gem_Lightblue","floor":1.0},{"not_picked":["Guardian:Gem_Red","Guardian:Planning"],"picked":"Guardian:WalkerClaw","floor":3.0},{"not_picked":["Guardian:Incinerate","Guardian:Gem_Red"],"picked":"Guardian:GatlingBeam","floor":6.0},{"not_picked":["Guardian:Clone","Guardian:Gem_Lightblue"],"picked":"Guardian:ShieldCharger","floor":7.0},{"not_picked":["Guardian:ShieldCharger","Guardian:TemporalStrike"],"picked":"Guardian:Reroute","floor":8.0},{"not_picked":["Guardian:WalkerClaw","Guardian:GuardianWhirl"],"picked":"Guardian:Gem_Purple","floor":10.0},{"not_picked":["Guardian:PrimingBeam","Guardian:Gem_Purple"],"picked":"Guardian:ChargeUp","floor":14.0},{"not_picked":["Guardian:ExploitGems","Guardian:FierceBash"],"picked":"Guardian:RevengeProtocol","floor":16.0},{"not_picked":["Guardian:CrystalBeam","Guardian:BronzeArmor"],"picked":"Guardian:Gem_Crimson","floor":18.0},{"not_picked":["Guardian:TemporalStrike","Guardian:TemporalShield"],"picked":"Guardian:RefractedBeam+1","floor":19.0},{"not_picked":["Guardian:ShieldCharger+1","Guardian:Recover"],"picked":"Guardian:Gem_Orange","floor":22.0},{"not_picked":["Guardian:Gem_Red","Guardian:Emergency"],"picked":"Guardian:BronzeArmor","floor":23.0},{"not_picked":["Guardian:Gem_Green","Guardian:TimeBomb"],"picked":"Guardian:ShieldSpikes+1","floor":25.0},{"not_picked":["Guardian:Planning","Guardian:Suspension+1"],"picked":"Guardian:Gem_Synthetic","floor":27.0},{"not_picked":["Guardian:Gem_Green","Guardian:Emergency"],"picked":"Guardian:Gem_Blue","floor":30.0}],"player_experience":1102193,"relics_obtained":[{"floor":4.0,"key":"Kunai"},{"floor":6.0,"key":"Girya"},{"floor":8.0,"key":"Bronze Scales"},{"floor":9.0,"key":"Matryoshka"},{"floor":10.0,"key":"Bag of Marbles"},{"floor":23.0,"key":"hexamod:CandleOfCauterizing"},{"floor":25.0,"key":"HornCleat"},{"floor":26.0,"key":"MealTicket"},{"floor":29.0,"key":"Orichalcum"},{"floor":29.0,"key":"Eternal Feather"}],"event_choices":[],"is_beta":false,"boss_relics":[{"not_picked":["Ectoplasm","Astrolabe"],"picked":"bronze:MakeshiftBattery"}],"items_purged_floors":[],"is_endless":false,"potions_floor_spawned":[7,8,16,19,22],"killed_by":"Gensokyo:3_Gloops","ascension_level":2}}