{"host":"l5n1ub3tb9uvq2cf","time":1613287494,"event":{"mods":["BaseMod","Colored Map","DeckTracker","Minty Spire (QoL Compilation)","Relic Stats","SuperFastMode"],"gold_per_floor":[111,130,55,70,82,82,94,149,217,292,305,305,305,305,305,305,305],"floor_reached":16,"language":"KOR","playtime":346,"items_purged":["Strike_G"],"score":188,"play_id":"448ec283-e9cb-4e1a-80a0-602d1dc71bea","local_time":"20210214162454","is_ascension_mode":true,"campfire_choices":[{"data":"Masterful Stab","floor":6,"key":"SMITH"},{"floor":13,"key":"REST"},{"floor":15,"key":"REST"}],"circlet_count":0,"master_deck":["AscendersBane","Strike_G","Strike_G","Strike_G","Strike_G","Defend_G","Defend_G","Defend_G","Defend_G","Defend_G","Survivor","Neutralize","Escape Plan","Masterful Stab+1","Predator","Acrobatics","Accuracy"],"relics":["WristBlade","Calipers","Bottled Lightning","Golden Idol"],"acts_visited":["Exordium"],"potions_floor_usage":[7,8,12],"damage_taken":[{"damage":0,"enemies":"Cultist","floor":1,"turns":4},{"damage":3,"enemies":"Small Slimes","floor":2,"turns":4},{"damage":0,"enemies":"Jaw Worm","floor":4,"turns":3},{"damage":2,"enemies":"3 Louse","floor":5,"turns":4},{"damage":7,"enemies":"Exordium Wildlife","floor":7,"turns":5},{"damage":27,"enemies":"Gremlin Nob","floor":8,"turns":5},{"damage":5,"enemies":"Red Slaver","floor":11,"turns":3},{"damage":0,"enemies":"Gremlin Gang","floor":12,"turns":1},{"damage":47,"enemies":"Slime Boss","floor":16,"turns":5}],"seed_played":"5263814911847720404","potions_obtained":[{"floor":1,"key":"SkillPotion"},{"floor":4,"key":"Ancient Potion"},{"floor":7,"key":"SmokeBomb"},{"floor":8,"key":"EssenceOfSteel"}],"is_trial":false,"path_per_floor":["M","M","$","M","M","R","M","?","T","?","M","M","R","?","R","B"],"character_chosen":"THE_SILENT","items_purchased":[],"campfire_rested":2,"item_purchase_floors":[],"current_hp_per_floor":[59,56,56,56,54,54,47,20,20,9,4,4,23,23,41,0,0],"gold":305,"neow_bonus":"BOSS_RELIC","is_daily":false,"chose_seed":false,"campfire_upgraded":1,"win_rate":0.0,"timestamp":1613287494,"path_taken":["M","M","$","?","M","R","M","?","T","?","M","M","R","?","R","BOSS"],"items_purchased_type":[],"build_version":"2020-12-22","purchased_purges":1,"victory":false,"max_hp_per_floor":[66,66,66,66,66,66,66,66,66,66,66,66,66,60,60,60,60],"relic_stats":{"counters":[9,34],"Golden Idol":0,"obtain_stats":[{"Calipers":8,"WristBlade":0,"Golden Idol":14,"Bottled Lightning":9,"Ring of the Snake":0},{"Calipers":6,"WristBlade":0,"Golden Idol":8,"Bottled Lightning":6,"Ring of the Snake":0},{"Calipers":25,"WristBlade":0,"Golden Idol":29,"Bottled Lightning":25,"Ring of the Snake":0}]},"card_choices":[{"not_picked":["Endless Agony","Slice"],"picked":"Escape Plan","floor":1},{"not_picked":["PiercingWail","Slice"],"picked":"Masterful Stab","floor":2},{"not_picked":["Outmaneuver","Deflect","Backstab"],"picked":"SKIP","floor":4},{"not_picked":["PiercingWail","Sucker Punch","Slice"],"picked":"SKIP","floor":5},{"not_picked":["PiercingWail","Sucker Punch"],"picked":"Predator","floor":7},{"not_picked":["All Out Attack","Catalyst"],"picked":"Acrobatics","floor":8},{"not_picked":["Flying Knee","Poisoned Stab"],"picked":"Accuracy","floor":11}],"player_experience":1141715,"relics_obtained":[{"floor":8,"key":"Calipers"},{"floor":9,"key":"Bottled Lightning"}],"event_choices":[{"damage_healed":0,"gold_gain":30,"player_choice":"Searched \u00273\u0027 times","damage_taken":0,"max_hp_gain":0,"max_hp_loss":0,"event_name":"Dead Adventurer","floor":8,"gold_loss":0},{"damage_healed":0,"gold_gain":75,"player_choice":"Gather Gold","damage_taken":11,"max_hp_gain":0,"max_hp_loss":0,"event_name":"World of Goop","floor":10,"gold_loss":0},{"damage_healed":0,"gold_gain":0,"player_choice":"Lose Max HP","damage_taken":0,"relics_obtained":["Golden Idol"],"max_hp_gain":0,"max_hp_loss":6,"event_name":"Golden Idol","floor":14,"gold_loss":0}],"is_beta":false,"boss_relics":[],"items_purged_floors":[3],"is_endless":false,"potions_floor_spawned":[1,4,5,7,8],"killed_by":"Slime Boss","ascension_level":20}}