{"host":"oqhjdqr9xcmboomw","time":1613344173,"event":{"mods":["2.2 Compatiblity","AchievementEnabler","Act Like it!","Aspiration","BaseMod","Beaked The Cultist","Better Third Choice","Conjunction","Conspire","Disable Question Mark Monsters","Elementarium","Energized Spire","GifTheSpireLib","Halation","Hallownest","Hermit","Hubris","Infinite Spire","Jorbs\u0027s Wanderer Trilogy","Mimic Mod","Minty Spire (QoL Compilation)","Random Character Button","Rare Cards Sparkle","Replay The Spire","Spicy Shops","Spikes Relics","StSLib","Stuff the Spire","The Blackbeard","The Blue Laboratory","The Cursed","The Disciple","The Gatherer","The Hierophant","The Judge","The Mystic","The Saiyan","The Wild Card","Unceasing Turn Reminder","Wandering Minibosses"],"gold_per_floor":[109,109,29,29,29,61,61,89,89,117,128,128,146,21,21,119,119,132,146,223,251,251,251,251],"floor_reached":23,"language":"ENG","playtime":908,"items_purged":["Voices"],"score":296,"play_id":"636d9fe7-4deb-48da-bae2-f019b06615bb","local_time":"20210214180933","is_ascension_mode":true,"campfire_choices":[{"data":"Accelerando","floor":7,"key":"SMITH"},{"data":"Allegretto","floor":15,"key":"SMITH"}],"circlet_count":0,"master_deck":["Allegro","Rallentando","Moderato","Allegretto+1","Accelerando+1","Strike_Br","Strike_Br","Strike_Br","Strike_Br+1","Defend_Br","Defend_Br","Defend_Br","Defend_Br","SecondHand","PatternShift","BeatsPerMinute","CommonCold","SlimeSpray","ResonantCall","SlimeSpray","Engulf","Accruing","ResonantCall+1","ResonantCall+1","Echonomics+1","HandsUpB+1","Goo"],"relics":["Chronometer","NeowsBlessing","Ring of Panic","Orichalcum?","halation:LettersToHer","Ice Cream","Frozen Egg 2","Toxic Egg 2","ReplayTheSpireMod:CursedCoin","Vajra","energizedSpire:DeadBattery","CeramicFish"],"acts_visited":["Exordium","TheCity"],"potions_floor_usage":[11,16,19,21,23,23,23],"damage_taken":[{"damage":0,"enemies":"Cultist","floor":1,"turns":1},{"damage":0,"enemies":"Gremlin Nob","floor":6,"turns":1},{"damage":0,"enemies":"Replay:BlueRogue","floor":8,"turns":1},{"damage":16,"enemies":"3 Sentries","floor":10,"turns":8},{"damage":6,"enemies":"conspire:RoseBush","floor":11,"turns":1},{"damage":0,"enemies":"Small Slimes","floor":13,"turns":3},{"damage":14,"enemies":"Fading Forest","floor":16,"turns":11},{"damage":0,"enemies":"Chosen","floor":18,"turns":4},{"damage":0,"enemies":"Spheric Guardian","floor":19,"turns":3},{"damage":26,"enemies":"Snake Plant","floor":21,"turns":6},{"damage":13,"enemies":"Book of Stabbing","floor":23,"turns":4}],"seed_played":"-7528288265539504627","potions_obtained":[{"floor":1,"key":"Strength Potion"},{"floor":6,"key":"blueLaboratory:PhilterOfMotion"},{"floor":13,"key":"SpeedPotion"},{"floor":16,"key":"Energy Potion"},{"floor":18,"key":"LiquidBronze"},{"floor":20,"key":"Flashbang"},{"floor":21,"key":"SpeedPotion"}],"is_trial":false,"path_per_floor":["M","?","$","?","?","E","R","E","T","E","M","?","M","$","R","B",null,"M","M","?","M","?","E"],"character_chosen":"CHRONO_CLASS","items_purchased":["SlimeSpray","ReplayTheSpireMod:CursedCoin","Vajra","ResonantCall+1"],"campfire_rested":0,"item_purchase_floors":[3,14,14,14],"current_hp_per_floor":[65,65,65,65,65,65,65,65,65,49,43,58,58,58,58,52,65,65,65,39,13,13,0,0],"gold":251,"neow_bonus":"THREE_ENEMY_KILL","is_daily":false,"chose_seed":false,"campfire_upgraded":2,"win_rate":0.0,"timestamp":1613344173,"path_taken":["M","?","$","?","?","E","R","E","T","E","M","?","?","$","R","BOSS","M","M","?","M","?","E"],"items_purchased_type":["Card","Relic","Relic","Card"],"build_version":"2020-12-22","purchased_purges":1,"victory":false,"max_hp_per_floor":[65,65,65,65,65,65,65,65,65,65,65,65,65,65,65,65,65,65,65,65,65,65,65,65],"card_choices":[{"not_picked":["EscortCommand","ExoVibe"],"picked":"BeatsPerMinute","floor":1},{"not_picked":["LockedBell","Recurrance","LockedScales"],"picked":"SKIP","floor":6},{"not_picked":["Facsimile","ReapSow"],"picked":"ResonantCall","floor":8},{"not_picked":["Echoward+1","LockedBlood+1"],"picked":"SlimeSpray","floor":10},{"not_picked":["Break+1","OverTime"],"picked":"Engulf","floor":11},{"not_picked":["ExoVibe+1","SlimeSpray"],"picked":"Accruing","floor":13},{"not_picked":["BackFourSeconds+1","Pendulum+1"],"picked":"Echonomics+1","floor":16},{"not_picked":["Keepsakes","LockedMercury+1","LockedUrn+1"],"picked":"SKIP","floor":18},{"not_picked":["Keepsakes","HandsUpB+1","Cuckoo+1"],"picked":"SKIP","floor":19},{"not_picked":["VestedLegacy+1","Facsimile+1"],"picked":"HandsUpB+1","floor":20},{"not_picked":["BiteCommand","TiringSlam"],"picked":"Goo","floor":21}],"player_experience":993698,"relics_obtained":[{"floor":2,"key":"Ring of Panic"},{"floor":6,"key":"halation:LettersToHer"},{"floor":8,"key":"Ice Cream"},{"floor":9,"key":"halation:LettersToHer"},{"floor":9,"key":"Frozen Egg 2"},{"floor":10,"key":"Toxic Egg 2"},{"floor":20,"key":"CeramicFish"}],"event_choices":[{"damage_healed":0,"gold_gain":0,"player_choice":"Leave","damage_taken":0,"max_hp_gain":0,"max_hp_loss":0,"event_name":"conspire:Investor","floor":22,"gold_loss":0}],"is_beta":false,"boss_relics":[{"not_picked":["aspiration:DefectSkillbook","energizedSpire:EnergizedDie"],"picked":"energizedSpire:DeadBattery"}],"items_purged_floors":[14],"is_endless":false,"potions_floor_spawned":[1,6,13,16,18,21],"killed_by":"Book of Stabbing","ascension_level":3}}