{"host":"pt1z5qzak3tiw32n","time":1613317935,"event":{"mods":["BaseMod","Block Reminder","Minty Spire (QoL Compilation)","StSLib","everything is the same but u backflip on backflip"],"gold_per_floor":[110,110,128,128,152,152,152,97,97,97,132,2,22,322,322,322,322],"floor_reached":16,"language":"ENG","playtime":725,"items_purged":[],"score":186,"play_id":"b5218374-b6fe-437e-bc9f-2b412f3949b0","local_time":"20210214105215","is_ascension_mode":true,"campfire_choices":[{"data":"Zap","floor":6.0,"key":"SMITH"},{"floor":10.0,"key":"REST"},{"floor":15.0,"key":"REST"}],"circlet_count":0,"master_deck":["AscendersBane","Strike_B","Strike_B","Strike_B","Defend_B","Defend_B","Defend_B","Defend_B","Zap+1","Dualcast","Leap","Electrodynamics","Ball Lightning","Rebound","Double Energy"],"relics":["Cracked Core","Gambling Chip","Golden Idol","The Courier","Girya","Sling","Old Coin"],"acts_visited":["Exordium"],"potions_floor_usage":[16,16],"damage_taken":[{"damage":0.0,"enemies":"2 Louse","floor":1.0,"turns":4.0},{"damage":4.0,"enemies":"Jaw Worm","floor":3.0,"turns":4.0},{"damage":1.0,"enemies":"Small Slimes","floor":5.0,"turns":4.0},{"damage":5.0,"enemies":"3 Sentries","floor":11.0,"turns":2.0},{"damage":2.0,"enemies":"3 Louse","floor":13.0,"turns":2.0},{"damage":26,"enemies":"Slime Boss","floor":16,"turns":5}],"seed_played":"1816009237805926256","potions_obtained":[{"floor":5.0,"key":"Explosive Potion"},{"floor":11.0,"key":"SkillPotion"},{"floor":13.0,"key":"EssenceOfSteel"}],"is_trial":false,"path_per_floor":["M","?","M","?","M","R","?","$","T","R","E","$","M","?","R","B"],"character_chosen":"DEFECT","items_purchased":["Ball Lightning","Sling"],"campfire_rested":2,"item_purchase_floors":[8,12],"current_hp_per_floor":[46,46,42,42,41,41,34,34,34,55,50,50,48,3,24,0,0],"gold":322,"neow_bonus":"ONE_RARE_RELIC","is_daily":false,"chose_seed":false,"campfire_upgraded":1,"win_rate":0.0,"timestamp":1613317935,"path_taken":["M","?","M","?","M","R","?","$","T","R","E","$","M","?","R","BOSS"],"items_purchased_type":["Card","Relic"],"build_version":"2020-12-22","purchased_purges":0,"victory":false,"max_hp_per_floor":[71,71,71,71,71,71,71,71,71,71,71,71,71,71,71,71,71],"card_choices":[{"not_picked":["Turbo","Steam","Barrage"],"picked":"SKIP","floor":1.0},{"not_picked":["Gash","Storm"],"picked":"Leap","floor":3.0},{"not_picked":["Force Field","Steam"],"picked":"Electrodynamics","floor":5.0},{"not_picked":["Stack","Barrage"],"picked":"Rebound","floor":11.0},{"not_picked":["Conserve Battery","Compile Driver"],"picked":"Double Energy","floor":13.0}],"player_experience":623163,"relics_obtained":[{"floor":9.0,"key":"The Courier"},{"floor":11.0,"key":"Girya"}],"event_choices":[{"damage_healed":0.0,"max_hp_gain":0.0,"max_hp_loss":0.0,"gold_gain":0.0,"event_name":"Golden Idol","player_choice":"Take Wound","floor":2.0,"gold_loss":0.0,"damage_taken":0.0,"relics_obtained":["Golden Idol"],"cards_obtained":["Injury"]},{"cards_removed":["Injury"],"damage_healed":0.0,"max_hp_gain":0.0,"max_hp_loss":0.0,"gold_gain":0.0,"event_name":"Living Wall","player_choice":"Forget","floor":4.0,"gold_loss":0.0,"damage_taken":0.0},{"cards_removed":["Strike_B"],"damage_healed":0.0,"max_hp_gain":0.0,"max_hp_loss":0.0,"gold_gain":0.0,"event_name":"Golden Wing","player_choice":"Card Removal","floor":7.0,"gold_loss":0.0,"damage_taken":7.0},{"damage_healed":0.0,"max_hp_gain":0.0,"max_hp_loss":0.0,"gold_gain":0.0,"event_name":"Scrap Ooze","player_choice":"Success","floor":14.0,"gold_loss":0.0,"damage_taken":45.0,"relics_obtained":["Old Coin"]}],"is_beta":false,"boss_relics":[],"items_purged_floors":[],"is_endless":false,"potions_floor_spawned":[5,11,13],"killed_by":"Slime Boss","ascension_level":18}}