{"host":"8t5dkgm85abdp22d","time":1613312686,"event":{"mods":["Act Like it!","BaseMod","Colored Powertips","Gensokyo","Hallownest","Luminous","Marisa（F雨　魔理沙）","Minty Spire (QoL Compilation)","Prisma Mod","Reimu（博丽灵梦）","Reliquary","Ryuuou龙王","SIMod","StSLib","The Bug Knight","TheWitcher","UnlockEverythingMod","Waifu the Spire","Yakumo Yukari mod","【遗物卡牌】REMEMod","残留之物"],"gold_per_floor":[136,211,227,227,69,378,378,378,378,374,372,378,446,219,219,219,219],"floor_reached":16,"language":"ZHS","playtime":349,"items_purged":["Poor:ReiMu"],"score":133,"play_id":"218245ca-160a-4a15-ba5b-b392293db0e5","local_time":"20210214222446","is_ascension_mode":false,"campfire_choices":[{"data":"GluttonyofRealm_purpleEX","floor":7,"key":"SMITH"},{"data":"AdvanceAttack_purple","floor":15,"key":"SMITH"}],"circlet_count":0,"master_deck":["AT_purpleEX","AT_purpleEX","AT_purpleEX","AT_purpleEX","Defend_purpleEX","Defend_purpleEX","Defend_purpleEX","Defend_purpleEX","Observe_purple_1","Observe_purple_2","AdvanceAttack_purple+1","GluttonyofRealm_purpleEX+1"],"relics":["Boundary_crack","Memoryfragments_purpleEX","REME_ComplimentaryCards","NeowsBlessing","YidongShenshe:ReiMu","Old Coin","reliquary:JackalopeAntler","reliquary:SilkGlove","reliquary:BoilingFlask","Happy Flower"],"acts_visited":["Exordium"],"potions_floor_usage":[],"damage_taken":[{"damage":0,"enemies":"Small Slimes","floor":1,"turns":1},{"damage":0,"enemies":"2 Louse","floor":3,"turns":1},{"damage":19,"enemies":"3 Sentries","floor":6,"turns":2},{"damage":1,"enemies":"Cultist","floor":10,"turns":3},{"damage":20,"enemies":"Exordium Thugs","floor":11,"turns":4},{"damage":13,"enemies":"Gremlin Nob","floor":12,"turns":3},{"damage":8,"enemies":"Hexaghost","floor":16,"turns":8}],"seed_played":"6494596796590909892","potions_obtained":[{"floor":6,"key":"LiquidBronze"},{"floor":10,"key":"Dexterity Potion"},{"floor":12,"key":"Dexterity Potion"}],"is_trial":false,"path_per_floor":["M","?","M","?","$","E","R","?","T","M","M","E","T","$","R","B"],"character_chosen":"Youkari","items_purchased":["GluttonyofRealm_purpleEX","Happy Flower"],"campfire_rested":0,"item_purchase_floors":[5,14],"current_hp_per_floor":[70,59,60,60,60,44,44,31,31,35,20,8,8,8,8,0,0],"gold":219,"neow_bonus":"THREE_ENEMY_KILL","is_daily":false,"chose_seed":false,"campfire_upgraded":2,"win_rate":0.0,"timestamp":1613312686,"path_taken":["M","?","M","?","$","E","R","?","T","M","M","E","?","$","R","BOSS"],"items_purchased_type":["Card","Relic"],"build_version":"2020-12-22","purchased_purges":1,"victory":false,"max_hp_per_floor":[70,70,70,70,70,73,73,73,73,77,81,81,81,81,81,81,81],"card_choices":[{"not_picked":["Mirror_FormAndEmptin_purple","Erosivefilter_purple"],"picked":"AdvanceAttack_purple","floor":1},{"not_picked":["Mirror_FourBoundary_purple","CommonSense_AntiCommonSense_purple","SfantasyHide_purple"],"picked":"SKIP","floor":3},{"not_picked":["SharpContractionReality_purple","WeekHit_purple","Umbrella_purple"],"picked":"SKIP","floor":6},{"not_picked":["Mirror_FormAndEmptin_purple","DarkRealmRedLine_purple","OpenedBox_purple"],"picked":"SKIP","floor":10},{"not_picked":["PositiveMatter_Antimatter_Universe_purple","Shallow_ocean_purpleEX","WatchEChange_purple"],"picked":"SKIP","floor":11},{"not_picked":["OmniscientAndOmnipotent_Monster_purple","SfantasyHide_purple","PurpleNeedle_purple"],"picked":"SKIP","floor":12}],"player_experience":110629,"relics_obtained":[{"floor":6,"key":"Old Coin"},{"floor":9,"key":"reliquary:JackalopeAntler"},{"floor":12,"key":"reliquary:SilkGlove"},{"floor":13,"key":"reliquary:BoilingFlask"}],"event_choices":[{"damage_healed":0,"gold_gain":75,"player_choice":"Gather Gold","damage_taken":11,"max_hp_gain":0,"max_hp_loss":0,"event_name":"World of Goop","floor":2,"gold_loss":0},{"damage_healed":0,"gold_gain":0,"player_choice":"带走神社","damage_taken":0,"relics_obtained":["YidongShenshe:ReiMu"],"max_hp_gain":0,"max_hp_loss":0,"event_name":"yidonshenshe","floor":4,"gold_loss":0,"cards_obtained":["Poor:ReiMu"]}],"is_beta":false,"boss_relics":[],"items_purged_floors":[14],"is_endless":false,"potions_floor_spawned":[6,10,12],"killed_by":"Hexaghost","ascension_level":0}}