{"host":"3fvqec7g2448bgbh","time":1613337104,"event":{"mods":["AchievementEnabler","Aspiration","BaseMod","Colored Map","Colored Powertips","Conspire","DeckTracker","GifTheSpireLib","Highlight Path","Hubris","Infinite Spire","Minty Spire (QoL Compilation)","Permanent Neow","Rare Cards Sparkle","Relic Sorter","Replay The Spire","Spicy Shops","StSLib","Stuff the Spire","Together in Spire"],"gold_per_floor":[111,111,130,150,168,193,193,193,217,93,93,106,117,146,146,146,146],"floor_reached":16,"language":"ENG","playtime":1172,"items_purged":[],"score":102,"play_id":"522a93bd-0761-4f47-bf53-0949fb764335","local_time":"20210215051144","is_ascension_mode":false,"campfire_choices":[{"data":"Zap","floor":7,"key":"SMITH"},{"floor":11,"key":"REST"},{"data":"Dualcast","floor":15,"key":"SMITH"}],"circlet_count":0,"master_deck":["Strike_B","Strike_B","Strike_B","Strike_B","Defend_B","Defend_B","Defend_B","Defend_B","Zap+1","Dualcast+1","Sweeping Beam","Go for the Eyes","Beam Cell","Cold Snap","StuffTheSpire:Innocence","aspiration:Polymerization","Rip and Tear","Rip and Tear","Ball Lightning","Gash","Streamline"],"relics":["Cracked Core","aspiration:Nostalgia","PureWater","Gremlin Horn","Anchor","Bronze Scales","Nunchaku"],"acts_visited":["Exordium"],"potions_floor_usage":[14],"damage_taken":[{"damage":0,"enemies":"Cultist","floor":1,"turns":2},{"damage":0,"enemies":"Small Slimes","floor":3,"turns":2},{"damage":4,"enemies":"conspire:RoseBush","floor":4,"turns":2},{"damage":0,"enemies":"2 Fungi Beasts","floor":5,"turns":2},{"damage":11,"enemies":"Lagavulin","floor":6,"turns":4},{"damage":0,"enemies":"Exordium Wildlife","floor":12,"turns":2},{"damage":6,"enemies":"Exordium Thugs","floor":13,"turns":1},{"damage":0,"enemies":"conspire:MimicChest","floor":14,"turns":5},{"damage":0,"enemies":"Fading Forest","floor":16,"turns":1}],"seed_played":"3321755293070388381","potions_obtained":[{"floor":4,"key":"SkillPotion"},{"floor":5,"key":"Fire Potion"},{"floor":13,"key":"SpeedPotion"},{"floor":14,"key":"Fruit Juice"}],"is_trial":false,"path_per_floor":["M","?","M","M","M","E","R","?","T","$","R","M","M","?","R","B"],"character_chosen":"DEFECT","items_purchased":["aspiration:Polymerization","Rip and Tear"],"campfire_rested":1,"item_purchase_floors":[10,10],"current_hp_per_floor":[75,75,75,71,71,60,60,53,53,53,75,75,69,74,74,74,74],"gold":146,"neow_bonus":"NOSTALGIA","is_daily":false,"chose_seed":false,"campfire_upgraded":2,"win_rate":0.0,"timestamp":1613337104,"path_taken":["M","?","?","M","M","E","R","?","T","$","R","M","M","?","R","BOSS"],"items_purchased_type":["Card","Card"],"build_version":"2020-12-22","purchased_purges":0,"victory":false,"max_hp_per_floor":[75,75,75,75,75,75,75,75,75,75,75,75,75,80,80,80,80],"card_choices":[{"not_picked":["Hologram","Leap"],"picked":"Go for the Eyes","floor":1},{"not_picked":["StuffTheSpire:Plugnplay","Hologram"],"picked":"Sweeping Beam","floor":3},{"not_picked":["Streamline","StuffTheSpire:LoadUp"],"picked":"Go for the Eyes","floor":4},{"not_picked":["Compile Driver","BasicCrystalCard"],"picked":"Beam Cell","floor":5},{"not_picked":["Mirror Shield","StuffTheSpire:Plugnplay"],"picked":"Cold Snap","floor":6},{"not_picked":["Coolheaded","Reprogram"],"picked":"Ball Lightning","floor":12},{"not_picked":["Redo","Stack"],"picked":"Gash","floor":13},{"not_picked":["Compile Driver","Ball Lightning"],"picked":"Streamline","floor":14}],"player_experience":13212,"relics_obtained":[{"floor":6,"key":"Anchor"},{"floor":9,"key":"Bronze Scales"},{"floor":14,"key":"Nunchaku"}],"event_choices":[{"cards_removed":["Go for the Eyes"],"damage_healed":0,"gold_gain":0,"player_choice":"Gave Card","damage_taken":0,"relics_obtained":["Gremlin Horn"],"max_hp_gain":0,"max_hp_loss":0,"event_name":"WeMeetAgain","floor":2,"gold_loss":0}],"is_beta":false,"boss_relics":[],"items_purged_floors":[],"is_endless":false,"potions_floor_spawned":[4,5,13,14],"killed_by":"Fading Forest","ascension_level":0}}