{"host":"121m0oxswv9tg9hk","time":1613305419,"event":{"mods":["AchievementEnabler","BaseMod","Better Third Choice","Hermit","Hubris","Minty Spire (QoL Compilation)","Replay The Spire","Shade Mod","StSLib","The Construct"],"gold_per_floor":[111,61,0,13,27,52,52,85,85,85,115,115,115,115,140,157,157,259,259,276,296,296,236,254,254,265,265,289,289,289],"floor_reached":29,"language":"ENG","playtime":1784,"items_purged":[],"score":301,"play_id":"8fad8682-990d-41c5-abef-61ce87cfff83","local_time":"20210214132339","is_ascension_mode":true,"campfire_choices":[{"data":"Enlightenment","floor":7,"key":"SMITH"},{"floor":10,"key":"REST"},{"floor":14,"key":"REST"},{"data":"hermit:FlashPowder","floor":17,"key":"SMITH"},{"data":"hermit:Virtue","floor":25,"key":"SMITH"}],"circlet_count":0,"master_deck":["hermit:Strike_Hermit","hermit:Strike_Hermit","hermit:Strike_Hermit","hermit:Defend_Hermit","hermit:Defend_Hermit","hermit:Defend_Hermit","hermit:Defend_Hermit","hermit:Snapshot","hermit:Covet","hubris:Despair","hermit:SprayPray","Enlightenment+1","hermit:Virtue+1","hermit:TrackingShot","hermit:FlashPowder+1","hermit:Maintenance","hermit:CursedWeapon","hermit:BodyArmor","hermit:ItchyTrigger","hermit:HighNoon","hermit:CalledShot+1","hermit:Gestalt"],"relics":["hermit:Momento","hubris:GlazedTorus","Replay:Bottled Flurry","Akabeko","StrikeDummy","Blood Vial","Art of War","hubris:HollowSoul","betterThird:NestCultRelic","Gremlin Food"],"acts_visited":["Exordium","TheCity"],"potions_floor_usage":[6,15,18,24,29],"damage_taken":[{"damage":0,"enemies":"2 Louse","floor":1,"turns":2},{"damage":0,"enemies":"Small Slimes","floor":4,"turns":2},{"damage":1,"enemies":"Cultist","floor":5,"turns":4},{"damage":20,"enemies":"Lagavulin","floor":6,"turns":5},{"damage":45,"enemies":"3 Sentries","floor":8,"turns":10},{"damage":16,"enemies":"Lagavulin","floor":11,"turns":5},{"damage":16,"enemies":"3 Sentries","floor":15,"turns":10},{"damage":2,"enemies":"2 Fungi Beasts","floor":16,"turns":1},{"damage":11,"enemies":"Fading Forest","floor":18,"turns":11},{"damage":18,"enemies":"Shell Parasite","floor":20,"turns":5},{"damage":2,"enemies":"3 Byrds","floor":21,"turns":6},{"damage":4,"enemies":"Centurion and Healer","floor":24,"turns":6},{"damage":14,"enemies":"Shelled Parasite and Fungi","floor":26,"turns":6},{"damage":29,"enemies":"Slavers","floor":29,"turns":1}],"seed_played":"-559864684658620519","potions_obtained":[{"floor":4,"key":"DistilledChaos"},{"floor":8,"key":"Fire Potion"},{"floor":11,"key":"hermit:Tonic"},{"floor":15,"key":"construct:ShiftPotion"},{"floor":21,"key":"PowerPotion"}],"is_trial":false,"path_per_floor":["M","?","?","M","M","E","R","E","T","R","E","PTL","PTL","R","E","M","R","B",null,"M","M","?","?","M","R","M","?","T","E"],"character_chosen":"HERMIT","items_purchased":[],"campfire_rested":2,"item_purchase_floors":[],"current_hp_per_floor":[75,75,81,81,80,60,60,15,15,39,23,23,23,47,33,33,33,32,81,63,63,63,63,61,61,49,49,49,0,0],"gold":289,"neow_bonus":"ONE_RARE_RELIC","is_daily":false,"chose_seed":false,"campfire_upgraded":3,"win_rate":0.0,"timestamp":1613305419,"path_taken":["M","?","?","M","M","E","R","E","T","R","E","PTL","PTL","R","E","M","R","BOSS","M","M","?","?","M","R","M","?","T","E"],"items_purchased_type":[],"build_version":"2020-12-22","purchased_purges":0,"victory":false,"max_hp_per_floor":[75,75,81,81,81,81,81,81,81,81,81,81,81,81,81,81,81,81,81,81,81,81,81,81,81,81,81,81,81,81],"card_choices":[{"not_picked":["hermit:FullyLoaded","hermit:CalledShot"],"picked":"hermit:SprayPray","floor":1},{"not_picked":["hermit:FullyLoaded","hermit:Enervate"],"picked":"hermit:Virtue","floor":4},{"not_picked":["hermit:CalledShot","hermit:Manifest"],"picked":"hermit:TrackingShot","floor":5},{"not_picked":["hermit:Scavenge","hermit:BodyArmor"],"picked":"hermit:FlashPowder","floor":6},{"not_picked":["hermit:Glare","hermit:Malice"],"picked":"hermit:Maintenance","floor":8},{"not_picked":["hermit:Snipe","hermit:Magnum"],"picked":"hermit:CursedWeapon","floor":11},{"not_picked":["hermit:TakeAim","hermit:Desperado"],"picked":"hermit:BodyArmor","floor":15},{"not_picked":["hermit:Headshot","hermit:Feint"],"picked":"hermit:ItchyTrigger","floor":16},{"not_picked":["hermit:Purgatory","hermit:Reprieve"],"picked":"hermit:HighNoon","floor":18},{"not_picked":["hermit:HoleUp+1","hermit:DeadMansHand","hermit:WideOpen"],"picked":"SKIP","floor":20},{"not_picked":["hermit:Grudge","hermit:Misfire+1","hermit:LowProfile"],"picked":"SKIP","floor":21},{"not_picked":["hermit:Gestalt","hermit:WideOpen"],"picked":"hermit:CalledShot+1","floor":24},{"not_picked":["hermit:Showdown","hermit:CalledShot"],"picked":"hermit:Gestalt","floor":26}],"player_experience":2439299,"relics_obtained":[{"floor":6,"key":"Replay:Bottled Flurry"},{"floor":8,"key":"Akabeko"},{"floor":9,"key":"StrikeDummy"},{"floor":11,"key":"Blood Vial"},{"floor":15,"key":"Art of War"},{"floor":28,"key":"Gremlin Food"}],"event_choices":[{"cards_removed":["hermit:Strike_Hermit"],"damage_healed":0,"gold_gain":0,"player_choice":"Card Removal","damage_taken":0,"max_hp_gain":0,"max_hp_loss":0,"event_name":"The Cleric","floor":2,"gold_loss":50},{"damage_healed":0,"gold_gain":0,"player_choice":"RENOUNCE","damage_taken":61,"max_hp_gain":0,"max_hp_loss":0,"event_name":"betterThird:BetterSerpent","floor":3,"gold_loss":61,"cards_obtained":["Enlightenment"]},{"damage_healed":0,"gold_gain":0,"player_choice":"Serpent","damage_taken":0,"max_hp_gain":0,"max_hp_loss":0,"event_name":"BanditSerpent","floor":22,"gold_loss":0},{"damage_healed":0,"gold_gain":0,"player_choice":"Madness","damage_taken":0,"relics_obtained":["betterThird:NestCultRelic"],"max_hp_gain":0,"max_hp_loss":0,"event_name":"betterThird:BetterNest","floor":27,"gold_loss":0}],"is_beta":false,"boss_relics":[{"not_picked":["hubris:TerracottaHorce","ReplayTheSpireMod:DimensionalGlitch"],"picked":"hubris:HollowSoul"}],"items_purged_floors":[],"is_endless":false,"potions_floor_spawned":[4,8,11,15,21],"killed_by":"Slavers","ascension_level":4}}