{"host":"szp1d6dso4pv7ddl","time":1613343161,"event":{"mods":["AchievementEnabler","Alarm Clock","BaseMod","Bestiary","Block Reminder","Colored Map","Colored Powertips","Curses Come First","Dark Map","Displayed Cursed Tome","Highlight Path","Minty Spire (QoL Compilation)","Permanent Neow","Quick Restart","Relic Sorter","Relic Stats","StSLib","Synergy Search"],"gold_per_floor":[113,188,199,214,229,229,264,264,264,238,39,71,71,82,82,82,82],"floor_reached":16,"language":"ENG","playtime":1037,"items_purged":[],"score":224,"play_id":"491e8faa-8c46-4d1b-809b-b90a8d807dab","local_time":"20210214145241","is_ascension_mode":true,"campfire_choices":[{"floor":6.0,"key":"REST"},{"data":"Night Terror","floor":13,"key":"SMITH"},{"data":"After Image","floor":15,"key":"SMITH"}],"circlet_count":0,"master_deck":["AscendersBane","Strike_G","Strike_G","Strike_G","Strike_G","Defend_G","Defend_G","Defend_G","Defend_G","Defend_G","Survivor","Neutralize","Malaise","Leg Sweep","Blur","Blade Dance","Slice","After Image+1","Dagger Spray","Deflect","Night Terror+1","Endless Agony"],"relics":["Ring of the Snake","Meat on the Bone","Mummified Hand","Lee\u0027s Waffle","InkBottle"],"acts_visited":[],"potions_floor_usage":[12,16],"damage_taken":[{"damage":19.0,"enemies":"Jaw Worm","floor":1.0,"turns":6.0},{"damage":2.0,"enemies":"Small Slimes","floor":3.0,"turns":4.0},{"damage":0.0,"enemies":"2 Louse","floor":4.0,"turns":5.0},{"damage":1.0,"enemies":"Blue Slaver","floor":5.0,"turns":7.0},{"damage":24.0,"enemies":"Lagavulin","floor":7.0,"turns":7.0},{"damage":0,"enemies":"Exordium Thugs","floor":10,"turns":7},{"damage":17,"enemies":"3 Sentries","floor":12,"turns":10},{"damage":5,"enemies":"Large Slime","floor":14,"turns":6},{"damage":52,"enemies":"Hexaghost","floor":16,"turns":21}],"seed_played":"681535632651595101","potions_obtained":[{"floor":1.0,"key":"CultistPotion"},{"floor":7.0,"key":"AttackPotion"},{"floor":12,"key":"SkillPotion"}],"is_trial":false,"path_per_floor":["M","?","M","M","M","R","E","?","T","M","$","E","R","M","R","B"],"character_chosen":"THE_SILENT","items_purchased":["Lee\u0027s Waffle","Deflect"],"campfire_rested":1,"item_purchase_floors":[11,11],"current_hp_per_floor":[40,29,27,27,26,45,21,14,14,26,73,56,56,51,51,0,0],"gold":82,"neow_bonus":"ONE_RANDOM_RARE_CARD","is_daily":false,"chose_seed":false,"campfire_upgraded":2,"win_rate":0.0,"timestamp":1613343161,"path_taken":["M","?","M","M","M","R","E","?","T","M","$","E","R","M","R","BOSS"],"items_purchased_type":["Relic","Card"],"build_version":"2020-12-22","purchased_purges":0,"victory":false,"max_hp_per_floor":[66,66,66,66,66,66,66,66,66,66,73,73,73,73,73,73,73],"relic_stats":{"Lee\u0027s Waffle":47,"counters":[9,73],"Mummified Hand":[8],"obtain_stats":[{"Lee\u0027s Waffle":11,"Mummified Hand":9,"InkBottle":12,"Ring of the Snake":0,"Meat on the Bone":7},{"Lee\u0027s Waffle":6,"Mummified Hand":5,"InkBottle":7,"Ring of the Snake":0,"Meat on the Bone":5},{"Lee\u0027s Waffle":36,"Mummified Hand":29,"InkBottle":46,"Ring of the Snake":0,"Meat on the Bone":29}],"InkBottle":[10],"Ring of the Snake":[18],"Meat on the Bone":12},"card_choices":[{"not_picked":["Dodge and Roll","Sucker Punch"],"picked":"Leg Sweep","floor":1.0},{"not_picked":["Flying Knee","Riddle With Holes"],"picked":"Blur","floor":3.0},{"not_picked":["Backstab","PiercingWail"],"picked":"Blade Dance","floor":4.0},{"not_picked":["Deflect","Bane"],"picked":"Slice","floor":5.0},{"not_picked":["Backflip","Reflex"],"picked":"After Image","floor":7.0},{"not_picked":["Dodge and Roll","Acrobatics"],"picked":"Dagger Spray","floor":10},{"not_picked":["Deadly Poison","Venomology"],"picked":"Night Terror","floor":12},{"not_picked":["Tactician","Quick Slash"],"picked":"Endless Agony","floor":14}],"player_experience":1575788,"relics_obtained":[{"floor":7.0,"key":"Meat on the Bone"},{"floor":9.0,"key":"Mummified Hand"},{"floor":12,"key":"InkBottle"}],"event_choices":[{"damage_healed":0.0,"max_hp_gain":0.0,"max_hp_loss":0.0,"gold_gain":75.0,"event_name":"World of Goop","player_choice":"Gather Gold","floor":2.0,"gold_loss":0.0,"damage_taken":11.0},{"cards_removed":["Strike_G"],"damage_healed":0.0,"max_hp_gain":0.0,"max_hp_loss":0.0,"gold_gain":0.0,"event_name":"Golden Wing","player_choice":"Card Removal","floor":8.0,"gold_loss":0.0,"damage_taken":7.0}],"is_beta":false,"boss_relics":[],"items_purged_floors":[],"is_endless":false,"potions_floor_spawned":[1,7,12],"killed_by":"Hexaghost","ascension_level":20}}