{"host":"uiabnm26t0ss3jkq","time":1613304405,"event":{"mods":["BaseMod","Better Note","Better Skull","Better Third Choice","Bossed Relics","Colored Powertips","Curses Come First","Minty Spire (QoL Compilation)","Relic Stats","StSLib","SuperFastMode","Waifu the Spire"],"gold_per_floor":[115,115,115,128,144,144,185,185,208,248,248,248,268,301,301,301,301],"floor_reached":16,"language":"ENG","playtime":628,"items_purged":[],"score":142,"play_id":"d229f506-9aa0-4893-8192-5572474eb569","local_time":"20210214150645","is_ascension_mode":true,"campfire_choices":[{"data":"Self Repair","floor":6.0,"key":"SMITH"},{"data":"Defragment","floor":8.0,"key":"SMITH"},{"data":"Hologram","floor":15.0,"key":"SMITH"}],"circlet_count":0,"master_deck":["Strike_B+1","Strike_B+1","Strike_B","Defend_B","Defend_B","Defend_B","Defend_B","Zap","Dualcast","Self Repair+1","Decay","Turbo","Defragment+1","Heatsinks","Apotheosis+1","Creative AI","Sweeping Beam+1","Hologram+1"],"relics":["Cracked Core","NeowsBlessing","Golden Idol","Toy Ornithopter","PreservedInsect","Molten Egg 2","Whetstone"],"acts_visited":["Exordium"],"potions_floor_usage":[16],"damage_taken":[{"damage":0.0,"enemies":"Small Slimes","floor":1.0,"turns":1.0},{"damage":0.0,"enemies":"Cultist","floor":4.0,"turns":1.0},{"damage":0.0,"enemies":"Jaw Worm","floor":5.0,"turns":1.0},{"damage":16.0,"enemies":"Lagavulin","floor":7.0,"turns":8.0},{"damage":39.0,"enemies":"3 Sentries","floor":10.0,"turns":7.0},{"damage":17.0,"enemies":"3 Louse","floor":13.0,"turns":5.0},{"damage":2.0,"enemies":"Gremlin Nob","floor":14.0,"turns":3.0},{"damage":47,"enemies":"Slime Boss","floor":16,"turns":5}],"seed_played":"112257481587703952","potions_obtained":[{"floor":1.0,"key":"PowerPotion"},{"floor":7.0,"key":"BlessingOfTheForge"},{"floor":13.0,"key":"LiquidMemories"},{"floor":14.0,"key":"FearPotion"}],"is_trial":false,"path_per_floor":["M","?","?","M","M","R","E","R","T","E","?","?","M","E","R","B"],"character_chosen":"DEFECT","items_purchased":[],"campfire_rested":0,"item_purchase_floors":[],"current_hp_per_floor":[75,69,69,69,69,69,63,63,63,34,34,34,32,35,35,0,0],"gold":301,"neow_bonus":"THREE_ENEMY_KILL","is_daily":false,"chose_seed":false,"campfire_upgraded":3,"win_rate":0.0,"timestamp":1613304405,"path_taken":["M","?","?","M","?","R","E","R","T","E","?","?","M","E","R","BOSS"],"items_purchased_type":[],"build_version":"2020-12-22","purchased_purges":0,"victory":false,"max_hp_per_floor":[75,69,69,69,69,69,69,69,69,69,69,69,69,69,69,69,69],"relic_stats":{"counters":[8,31],"Golden Idol":33,"PreservedInsect":53,"Whetstone":["Strike_B","Strike_B"],"obtain_stats":[{"NeowsBlessing":0,"Golden Idol":2,"Molten Egg 2":10,"PreservedInsect":9,"Whetstone":14,"Cracked Core":0,"Toy Ornithopter":7},{"NeowsBlessing":0,"Golden Idol":1,"Molten Egg 2":5,"PreservedInsect":4,"Whetstone":7,"Cracked Core":0,"Toy Ornithopter":4},{"NeowsBlessing":0,"Golden Idol":1,"Molten Egg 2":18,"PreservedInsect":11,"Whetstone":26,"Cracked Core":0,"Toy Ornithopter":11}],"Toy Ornithopter":15},"card_choices":[{"not_picked":["Ball Lightning","Rebound"],"picked":"Self Repair","floor":1.0},{"not_picked":["Force Field","Streamline"],"picked":"Turbo","floor":4.0},{"not_picked":["Redo","Go for the Eyes","Lockon"],"picked":"SKIP","floor":5.0},{"not_picked":["Turbo","Rebound"],"picked":"Defragment","floor":7.0},{"not_picked":["Reprogram","Leap"],"picked":"Heatsinks","floor":10.0},{"not_picked":["Steam","Reinforced Body"],"picked":"Sweeping Beam+1","floor":13.0},{"not_picked":["Scrape+1","Biased Cognition"],"picked":"Hologram","floor":14.0}],"player_experience":407660,"relics_obtained":[{"floor":7.0,"key":"Toy Ornithopter"},{"floor":9.0,"key":"PreservedInsect"},{"floor":10.0,"key":"Molten Egg 2"},{"floor":14.0,"key":"Whetstone"}],"event_choices":[{"damage_healed":0.0,"max_hp_gain":0.0,"max_hp_loss":6.0,"gold_gain":0.0,"event_name":"Golden Idol","player_choice":"Lose Max HP","floor":2.0,"gold_loss":0.0,"damage_taken":0.0,"relics_obtained":["Golden Idol"]},{"damage_healed":0.0,"max_hp_gain":0.0,"max_hp_loss":0.0,"gold_gain":0.0,"event_name":"Wheel of Change","player_choice":"Cursed","floor":3.0,"gold_loss":0.0,"damage_taken":0.0,"cards_obtained":["Decay"]},{"damage_healed":34.0,"max_hp_gain":0.0,"max_hp_loss":69.0,"gold_gain":0.0,"event_name":"betterThird:BetterShining","player_choice":"Embrace","floor":11.0,"gold_loss":0.0,"damage_taken":0.0},{"damage_healed":0.0,"max_hp_gain":0.0,"max_hp_loss":0.0,"gold_gain":0.0,"cards_transformed":["Strike_B"],"event_name":"Transmorgrifier","player_choice":"Transformed","floor":12.0,"gold_loss":0.0,"damage_taken":0.0,"cards_obtained":["Creative AI"]}],"is_beta":false,"boss_relics":[],"items_purged_floors":[],"is_endless":false,"potions_floor_spawned":[1,7,13,14],"killed_by":"Slime Boss","ascension_level":4}}