{"host":"uv5ws9rdk87e8i5k","time":1613343988,"event":{"mods":["AchievementEnabler","BaseMod","Colored Map","Minty Spire (QoL Compilation)","Permanent Neow","Quick Restart","StSLib","SuperFastMode","The Necromancer"],"gold_per_floor":[113,113,123,198,211,246,246,262,307,307,320,352,363,363,363,465,465,465],"floor_reached":17,"language":"ENG","playtime":297,"items_purged":[],"score":192,"play_id":"fa57cb0f-5c6d-4488-b879-68a6a4d714d9","local_time":"20210214170628","is_ascension_mode":false,"campfire_choices":[{"data":"Eruption","floor":7.0,"key":"SMITH"},{"data":"Tantrum","floor":10.0,"key":"SMITH"},{"floor":15.0,"key":"REST"}],"circlet_count":0,"master_deck":["Strike_P+1","Strike_P","Strike_P","Defend_P","Defend_P","Defend_P","Eruption+1","Vigilance","DeusExMachina","FollowUp","Tantrum","WreathOfFlame","JustLucky+1","Tantrum+1","Crescendo","ClearTheMind+1","Adaptation+1","Devotion"],"relics":["PureWater","Kunai","Anchor","Whetstone","Toxic Egg 2","Empty Cage"],"acts_visited":["Exordium","TheCity"],"potions_floor_usage":[],"damage_taken":[{"damage":2.0,"enemies":"Jaw Worm","floor":1.0,"turns":5.0},{"damage":0.0,"enemies":"2 Louse","floor":3.0,"turns":2.0},{"damage":0.0,"enemies":"Small Slimes","floor":5.0,"turns":2.0},{"damage":12.0,"enemies":"Lagavulin","floor":6.0,"turns":4.0},{"damage":0.0,"enemies":"3 Louse","floor":8.0,"turns":3.0},{"damage":0.0,"enemies":"Large Slime","floor":11.0,"turns":2.0},{"damage":0.0,"enemies":"Gremlin Nob","floor":12.0,"turns":2.0},{"damage":7.0,"enemies":"Gremlin Gang","floor":13.0,"turns":4.0},{"damage":2.0,"enemies":"Slime Boss","floor":16.0,"turns":6.0}],"seed_played":"-8226591899369994156","potions_obtained":[{"floor":1.0,"key":"SpeedPotion"},{"floor":5.0,"key":"Block Potion"},{"floor":8.0,"key":"PowerPotion"},{"floor":16.0,"key":"Ambrosia"}],"is_trial":false,"path_per_floor":["M","?","M","?","M","E","R","M","T","R","M","E","M","?","R","B",null],"character_chosen":"WATCHER","items_purchased":[],"campfire_rested":1,"item_purchase_floors":[],"current_hp_per_floor":[70,63,63,52,52,40,40,40,40,40,40,40,33,19,40,38,72,72],"gold":465,"neow_bonus":"ONE_RANDOM_RARE_CARD","is_daily":false,"chose_seed":false,"campfire_upgraded":2,"win_rate":0.0,"timestamp":1613343988,"path_taken":["M","?","M","?","M","E","R","M","T","R","M","E","M","?","R","BOSS"],"items_purchased_type":[],"build_version":"2020-12-22","purchased_purges":0,"victory":false,"max_hp_per_floor":[72,72,72,72,72,72,72,72,72,72,72,72,72,72,72,72,72,72],"card_choices":[{"not_picked":["FearNoEvil","EmptyFist"],"picked":"FollowUp","floor":1.0},{"not_picked":["Prostrate","FearNoEvil"],"picked":"Tantrum","floor":3.0},{"not_picked":["PathToVictory","TalkToTheHand"],"picked":"WreathOfFlame","floor":5.0},{"not_picked":["LikeWater","Protect"],"picked":"JustLucky","floor":6.0},{"not_picked":["Establishment","CrushJoints"],"picked":"Tantrum","floor":8.0},{"not_picked":["CrushJoints","DeceiveReality"],"picked":"Crescendo","floor":11.0},{"not_picked":["Perseverance+1","Wallop"],"picked":"ClearTheMind+1","floor":12.0},{"not_picked":["Prostrate+1","ThirdEye+1"],"picked":"Adaptation","floor":13.0},{"not_picked":["Vault+1","Establishment"],"picked":"Devotion","floor":16.0}],"player_experience":186429,"relics_obtained":[{"floor":6.0,"key":"Anchor"},{"floor":9.0,"key":"Whetstone"},{"floor":12.0,"key":"Toxic Egg 2"}],"event_choices":[{"damage_healed":0.0,"max_hp_gain":0.0,"max_hp_loss":0.0,"gold_gain":0.0,"event_name":"Scrap Ooze","player_choice":"Success","floor":2.0,"gold_loss":0.0,"damage_taken":7.0,"relics_obtained":["Kunai"]},{"damage_healed":0.0,"max_hp_gain":0.0,"max_hp_loss":0.0,"gold_gain":75.0,"event_name":"World of Goop","player_choice":"Gather Gold","floor":4.0,"gold_loss":0.0,"damage_taken":11.0},{"damage_healed":0.0,"max_hp_gain":0.0,"max_hp_loss":0.0,"gold_gain":0.0,"event_name":"Shining Light","player_choice":"Entered Light","floor":14.0,"gold_loss":0.0,"damage_taken":14.0,"cards_upgraded":["Adaptation","JustLucky"]}],"is_beta":false,"boss_relics":[{"not_picked":["Sozu","Tiny House"],"picked":"Empty Cage"}],"items_purged_floors":[],"is_endless":false,"potions_floor_spawned":[1,5,8,16],"ascension_level":0}}