{"host":"qrt7o4dq2qslzw13","time":1613304869,"event":{"mods":["AchievementEnabler","BaseMod","Colored Map","Colored Powertips","Minty Spire (QoL Compilation)","Quick Restart","StSLib","SuperFastMode"],"gold_per_floor":[113,131,131,131,12,47,59,59,140,140,164,182,182,1,1,97,97,110,110,131,25,25,25,25],"floor_reached":23,"language":"ENG","playtime":424,"items_purged":["Injury"],"score":428,"play_id":"bef1cc14-5eb2-4633-87dd-c7157de82276","local_time":"20210214071429","is_ascension_mode":true,"campfire_choices":[{"data":"Iron Wave","floor":13.0,"key":"SMITH"},{"data":"Swift Strike","floor":15.0,"key":"SMITH"}],"circlet_count":0,"master_deck":["AscendersBane","Bash+1","Cleave+1","Flame Barrier","Swift Strike+1","Iron Wave+1","Bloodletting","Heavy Blade","Pommel Strike","Impatience","Demon Form","Flame Barrier","Flame Barrier","Combust","Clash","Evolve","Dual Wield","Searing Blow","Metallicize","Reaper","Twin Strike","Flash of Steel"],"relics":["Burning Blood","NeowsBlessing","War Paint","Bloody Idol","InkBottle","Pandora\u0027s Box"],"acts_visited":["Exordium","TheCity"],"potions_floor_usage":[20,23],"damage_taken":[{"damage":0.0,"enemies":"2 Louse","floor":1.0,"turns":1.0},{"damage":0.0,"enemies":"Small Slimes","floor":2.0,"turns":1.0},{"damage":0.0,"enemies":"3 Sentries","floor":6.0,"turns":1.0},{"damage":0.0,"enemies":"Cultist","floor":7.0,"turns":3.0},{"damage":3.0,"enemies":"Lots of Slimes","floor":11.0,"turns":2.0},{"damage":3.0,"enemies":"2 Fungi Beasts","floor":12.0,"turns":2.0},{"damage":73.0,"enemies":"Hexaghost","floor":16.0,"turns":10.0},{"damage":17.0,"enemies":"Spheric Guardian","floor":18.0,"turns":7.0},{"damage":25,"enemies":"Chosen","floor":20,"turns":5},{"damage":39,"enemies":"Book of Stabbing","floor":23,"turns":3}],"seed_played":"8172864456275800449","potions_obtained":[{"floor":1.0,"key":"LiquidBronze"},{"floor":2.0,"key":"SneckoOil"},{"floor":16.0,"key":"PowerPotion"},{"floor":18.0,"key":"FearPotion"}],"is_trial":false,"path_per_floor":["M","M","?","?","$","E","M","?","T","?","M","M","R","$","R","B",null,"M","$","M","$","?","E"],"character_chosen":"IRONCLAD","items_purchased":["Swift Strike","Iron Wave","Impatience","Flash of Steel"],"campfire_rested":0,"item_purchase_floors":[5,5,14,21],"current_hp_per_floor":[74,75,75,75,75,75,75,75,75,75,75,75,75,75,75,8,58,47,47,28,28,28,0,0],"gold":25,"neow_bonus":"THREE_ENEMY_KILL","is_daily":false,"chose_seed":false,"campfire_upgraded":2,"win_rate":0.0,"timestamp":1613304869,"path_taken":["M","M","?","?","$","E","M","?","T","?","M","?","R","?","R","BOSS","M","$","M","$","?","E"],"items_purchased_type":["Card","Card","Card","Card"],"build_version":"2020-12-22","purchased_purges":1,"victory":false,"max_hp_per_floor":[75,75,75,75,75,75,75,75,75,75,75,75,75,75,75,75,75,75,75,75,75,75,75,75],"card_choices":[{"not_picked":["Sentinel","Clothesline"],"picked":"Cleave","floor":1.0},{"not_picked":["Clothesline","Perfected Strike"],"picked":"Flame Barrier","floor":2.0},{"not_picked":["Clothesline","Blood for Blood"],"picked":"Bloodletting","floor":6.0},{"not_picked":["Blood for Blood","Uppercut"],"picked":"Heavy Blade","floor":7.0},{"not_picked":["Havoc","Clothesline"],"picked":"Pommel Strike","floor":11.0},{"not_picked":["Shrug It Off","Wild Strike","Perfected Strike"],"picked":"SKIP","floor":12.0},{"not_picked":["Juggernaut","Feed"],"picked":"Demon Form","floor":16.0},{"not_picked":["Warcry","Evolve","Anger"],"picked":"SKIP","floor":18.0},{"not_picked":["Thunderclap","Flame Barrier"],"picked":"Twin Strike","floor":20}],"player_experience":637837,"relics_obtained":[{"floor":6.0,"key":"War Paint"},{"floor":9.0,"key":"InkBottle"}],"event_choices":[{"damage_healed":0.0,"max_hp_gain":0.0,"max_hp_loss":0.0,"gold_gain":0.0,"event_name":"Living Wall","player_choice":"Grow","floor":3.0,"gold_loss":0.0,"damage_taken":0.0,"cards_upgraded":["Cleave"]},{"damage_healed":0.0,"max_hp_gain":0.0,"max_hp_loss":0.0,"gold_gain":0.0,"event_name":"The Cleric","player_choice":"Leave","floor":4.0,"gold_loss":0.0,"damage_taken":0.0},{"damage_healed":0.0,"max_hp_gain":0.0,"max_hp_loss":0.0,"gold_gain":0.0,"event_name":"Golden Idol","player_choice":"Take Wound","floor":8.0,"gold_loss":0.0,"damage_taken":0.0,"relics_obtained":["Golden Idol"],"cards_obtained":["Injury"]},{"damage_healed":0.0,"max_hp_gain":0.0,"max_hp_loss":0.0,"gold_gain":0.0,"event_name":"Upgrade Shrine","player_choice":"Upgraded","floor":10.0,"gold_loss":0.0,"damage_taken":0.0,"cards_upgraded":["Bash"]},{"damage_healed":0,"gold_gain":0,"player_choice":"Gave Idol","damage_taken":0,"relics_obtained":["Bloody Idol"],"max_hp_gain":0,"max_hp_loss":0,"event_name":"Forgotten Altar","floor":22,"relics_lost":["Golden Idol"],"gold_loss":0}],"is_beta":false,"boss_relics":[{"not_picked":["Runic Dome","Snecko Eye"],"picked":"Pandora\u0027s Box"}],"items_purged_floors":[14],"is_endless":false,"potions_floor_spawned":[1,2,16,18],"killed_by":"Book of Stabbing","ascension_level":20}}