{"host":"q8niu1x2pgv94o1d","time":1613333616,"event":{"mods":["AchievementEnabler","BaseMod","Colored Map","Colored Powertips","Minty Spire (QoL Compilation)","StSLib"],"gold_per_floor":[114,114,132,282,282,282,322,322,346,366,82,97,116,157,157,157,157],"floor_reached":16,"language":"ENG","playtime":2910,"items_purged":["Pain"],"score":220,"play_id":"f3da9e43-0072-45e1-8408-d286cf9a0366","local_time":"20210214211336","is_ascension_mode":true,"campfire_choices":[{"data":"Bash","floor":6,"key":"SMITH"},{"data":"Armaments","floor":8,"key":"SMITH"},{"floor":15,"key":"REST"}],"circlet_count":0,"master_deck":["AscendersBane","Strike_R","Strike_R","Strike_R","Strike_R","Strike_R","Defend_R","Defend_R","Defend_R","Defend_R","Bash+1","Disarm","Feel No Pain","Doubt","Armaments+1","Sword Boomerang","Infernal Blade","Rage","Offering"],"relics":["Burning Blood","Charon\u0027s Ashes","Golden Idol","WarpedTongs","Tiny Chest","MealTicket","Membership Card","Red Skull","Strawberry"],"acts_visited":["Exordium"],"potions_floor_usage":[13],"damage_taken":[{"damage":3,"enemies":"2 Louse","floor":1,"turns":3},{"damage":7,"enemies":"Small Slimes","floor":3,"turns":4},{"damage":41,"enemies":"Lagavulin","floor":7,"turns":11},{"damage":6,"enemies":"Cultist","floor":10,"turns":4},{"damage":14,"enemies":"Looter","floor":12,"turns":4},{"damage":9,"enemies":"Exordium Thugs","floor":13,"turns":5},{"damage":27,"enemies":"Gremlin Nob","floor":14,"turns":4},{"damage":37,"enemies":"Hexaghost","floor":16,"turns":9}],"seed_played":"-7973617959651962587","potions_obtained":[{"floor":3,"key":"SpeedPotion"},{"floor":7,"key":"SpeedPotion"}],"is_trial":false,"path_per_floor":["M","?","M","?","?","R","E","R","T","M","$","M","M","E","R","B"],"character_chosen":"IRONCLAD","items_purchased":["Membership Card","Red Skull"],"campfire_rested":1,"item_purchase_floors":[11,11],"current_hp_per_floor":[68,62,61,61,61,61,26,26,26,26,41,33,30,16,36,0,0],"gold":157,"neow_bonus":"ONE_RARE_RELIC","is_daily":false,"chose_seed":false,"campfire_upgraded":2,"win_rate":0.0,"timestamp":1613333616,"path_taken":["M","?","M","?","?","R","E","R","T","M","$","M","?","E","R","BOSS"],"items_purchased_type":["Relic","Relic"],"build_version":"2020-12-22","purchased_purges":1,"victory":false,"max_hp_per_floor":[68,62,62,62,62,62,62,62,62,62,62,62,62,69,69,69,69],"card_choices":[{"not_picked":["Clash","Dropkick"],"picked":"Disarm","floor":1},{"not_picked":["Sentinel","Clash"],"picked":"Feel No Pain","floor":3},{"not_picked":["Iron Wave","Havoc"],"picked":"Armaments","floor":7},{"not_picked":["Searing Blow","Dual Wield"],"picked":"Sword Boomerang","floor":10},{"not_picked":["Clash","Armaments"],"picked":"Infernal Blade","floor":12},{"not_picked":["Flex","Pommel Strike"],"picked":"Rage","floor":13},{"not_picked":["Burning Pact","Fire Breathing"],"picked":"Offering","floor":14}],"player_experience":1829314,"relics_obtained":[{"floor":7,"key":"Tiny Chest"},{"floor":9,"key":"MealTicket"},{"floor":14,"key":"Strawberry"}],"event_choices":[{"damage_healed":0,"gold_gain":0,"player_choice":"Lose Max HP","damage_taken":0,"relics_obtained":["Golden Idol"],"max_hp_gain":0,"max_hp_loss":6,"event_name":"Golden Idol","floor":2,"gold_loss":0},{"damage_healed":0,"gold_gain":150,"player_choice":"AGREE","damage_taken":0,"max_hp_gain":0,"max_hp_loss":0,"event_name":"Liars Game","floor":4,"gold_loss":0,"cards_obtained":["Doubt"]},{"damage_healed":0,"gold_gain":0,"player_choice":"Rummage","damage_taken":0,"relics_obtained":["WarpedTongs"],"max_hp_gain":0,"max_hp_loss":0,"event_name":"Accursed Blacksmith","floor":5,"gold_loss":0,"cards_obtained":["Pain"]}],"is_beta":false,"boss_relics":[],"items_purged_floors":[11],"is_endless":false,"potions_floor_spawned":[3,7],"killed_by":"Hexaghost","ascension_level":20}}