{"host":"Ringo","time":1613315411,"event":{"mods":["BaseMod","Colored Map","Conspire","Dota2Spire","Hubris","Minty Spire (QoL Compilation)","Replay The Spire","StSLib","The Construct","[IsaacMod]ÒÔÈö¼âËþ","¡¾ÒÅÎï¿¨ÅÆ¡¿REMEMod"],"gold_per_floor":[140,140,140,153,153,186,220,249,249,278,312,345,371,400,400,474,474,490,490,503,19,19,53,53,108,108,186,244,289,322,344,344,436,436,460,522,45,65,117,181,181,209,209,248,292,292,347,396,396,414,435,435],"floor_reached":51,"language":"ZHS","playtime":1281,"items_purged":["Delirium"],"score":3533,"play_id":"19f8ee73-606f-423b-9988-9467ef75d986","local_time":"20210214231011","daily_mods":["SealedDeck","Vintage","Red Cards","Purple Cards","Colorless Cards","Heirloom","Time Dilation","Flight","DeadlyEvents","Elite Swarm","Lethality","Binary"],"is_ascension_mode":true,"campfire_choices":[{"data":"Scrawl","floor":15,"key":"SMITH"},{"data":"Ragnarok","floor":24,"key":"SMITH"},{"data":"Judgement","floor":32,"key":"SMITH"},{"data":"Judgement+1","floor":41,"key":"SMITH"},{"data":"Judgement+2","floor":46,"key":"SMITH"},{"data":"REME_CRH","floor":49,"key":"SMITH"}],"circlet_count":0,"master_deck":["AscendersBane","hubris:EnhanceAbility+1","Crescendo+1","Iron Wave+1","Indignation+1","Wallop+1","Cleave+1","Rage+1","Thunderclap+1","FlyingSleeves+1","BattleHymn+1","Evaluate+1","CrushJoints+1","Secret Technique+1","Scrawl+1","DeusExMachina+1","Ragnarok+1","Armaments+1","Replay:Undeath\u0027s Touch+1","Limit Break+1","Judgement+3","SpiritShield+1","conspire:HitWhereItHurts+1","Wish+1","REME_CRH+1"],"relics":["HushsDoor","D4","Ring of the Snake","Du-Vu Doll","D6","Magic Flower","Black Star","Red Skull","Dota2Spire:ArcaneBoots","GuppysHead","hubris:SlimyHat","Lantern","Bag of Marbles","Mango","Replay:Bottled Eggs","SharpPlug","Dota2Spire:DrumOfEndurance","construct:RocketBooster","Chameleon Ring","Replay:Rubber Ducky","DeathBook","Oddly Smooth Stone","GnawedLeaf","Turnip","Pear","hubris:ToyBattleship","conspire:RunicOctahedron","GuppysTail","Dream Catcher","Dota2Spire:MaskOfMadness","BFFS","ReplayFunnel","hubris:Icosahedron","Replay:Bottled Flurry","REME_ArchaeologicalTools","Dead Branch","Orichalcum","conspire:GlowingRock","Dota2Spire:BlackKingBar","PunchingBag","EdensBlessing","MoneyPower","The Courier","Dota2Spire:OrchidMalevolence","conspire:InfiniteJournal","FossilizedHelix","hubris:MysteriousPyramids","Coffee Dripper","GuppysPaw","Smiling Mask","Bag of Preparation","Dota2Spire:Desolator","hubris:EmptyBottle","PillsDrop","Dota2Spire:ArmletOfMordiggian","UnicornStump","Incense Burner","StrikeDummy","hubris:CrystalStatue","Lizard Tail","StoneCalendar","hubris:Metronome","Dota2Spire:AssaultCuirass","Dota2Spire:ShadowBlade","Torii","Pet Ghost","PreservedInsect","Nunchaku","Leech"],"acts_visited":["Exordium","TheCity","TheBeyond"],"potions_floor_usage":[10,16,16,33,33],"damage_taken":[{"damage":0,"enemies":"2 Louse","floor":1,"turns":2},{"damage":0,"enemies":"Cultist","floor":4,"turns":1},{"damage":0,"enemies":"Lagavulin","floor":6,"turns":2},{"damage":0,"enemies":"Gremlin Nob","floor":7,"turns":2},{"damage":0,"enemies":"Lagavulin","floor":8,"turns":2},{"damage":0,"enemies":"3 Sentries","floor":10,"turns":2},{"damage":0,"enemies":"Replay:BlueRogue","floor":11,"turns":1},{"damage":0,"enemies":"3 Sentries","floor":12,"turns":2},{"damage":0,"enemies":"Lagavulin","floor":13,"turns":1},{"damage":0,"enemies":"Gremlin Nob","floor":14,"turns":1},{"damage":0,"enemies":"Hexaghost","floor":16,"turns":1},{"damage":0,"enemies":"Shell Parasite","floor":18,"turns":1},{"damage":0,"enemies":"Spheric Guardian","floor":20,"turns":1},{"damage":0,"enemies":"Slavers","floor":23,"turns":1},{"damage":0,"enemies":"Book of Stabbing","floor":25,"turns":1},{"damage":0,"enemies":"Slavers","floor":27,"turns":1},{"damage":0,"enemies":"Gremlin Leader","floor":28,"turns":1},{"damage":0,"enemies":"Book of Stabbing","floor":29,"turns":1},{"damage":0,"enemies":"Gremlin Leader","floor":30,"turns":1},{"damage":0,"enemies":"Snake Plant","floor":31,"turns":1},{"damage":0,"enemies":"hubris:MusketHawk","floor":33,"turns":1},{"damage":0,"enemies":"3 Shapes","floor":35,"turns":1},{"damage":0,"enemies":"Orb Walker","floor":38,"turns":1},{"damage":0,"enemies":"R_Hoarder","floor":39,"turns":1},{"damage":0,"enemies":"Giant Head","floor":40,"turns":1},{"damage":0,"enemies":"R_Hoarder","floor":42,"turns":1},{"damage":0,"enemies":"Reptomancer","floor":44,"turns":1},{"damage":0,"enemies":"Giant Head","floor":45,"turns":1},{"damage":0,"enemies":"R_Hoarder","floor":47,"turns":1},{"damage":0,"enemies":"Giant Head","floor":48,"turns":1},{"damage":0,"enemies":"Time Eater","floor":50,"turns":1},{"damage":0,"enemies":"Awakened One","floor":51,"turns":1}],"seed_played":"4817202725822565545","potions_obtained":[{"floor":6,"key":"Explosive Potion"},{"floor":7,"key":"BlessingOfTheForge"},{"floor":10,"key":"HeartOfIron"},{"floor":16,"key":"DistilledChaos"},{"floor":23,"key":"Milkshake"},{"floor":25,"key":"AttackPotion"},{"floor":40,"key":"ColorlessPotion"},{"floor":42,"key":"PowerPotion"}],"is_trial":true,"path_per_floor":["M","?","?","M","$","E","E","E","T","E","E","E","E","E","R","B",null,"M","?","M","$","?","E","R","E","T","E","E","E","E","M","R","B",null,"M","?","$","M","E","E","R","E","T","E","E","R","E","E","R","B","B"],"character_chosen":"IRONCLAD","items_purchased":["GuppysTail","BFFS","Armaments+1","Replay:Undeath\u0027s Touch","ReplayFunnel","GuppysPaw","Bag of Preparation","Dota2Spire:Desolator","hubris:EmptyBottle"],"campfire_rested":0,"item_purchase_floors":[17,21,21,21,21,34,37,37,37],"current_hp_per_floor":[64,64,64,64,64,64,64,78,78,78,78,78,78,88,88,88,89,89,89,89,89,89,89,89,89,89,89,89,89,89,89,89,89,70,70,55,55,55,55,55,55,55,55,55,55,55,55,55,55,1,-999999,-999999],"gold":435,"neow_bonus":"","is_daily":false,"chose_seed":false,"campfire_upgraded":6,"win_rate":0.0,"timestamp":1613315411,"path_taken":["M","?","?","?","?","E","E","E","T","E","E","E","?","E","R","BOSS","M","?","?","$","?","E","R","E","T","E","E","E","E","M","R","BOSS","M","?","$","?","?","E","R","E","T","E","E","R","E","E","R","BOSS","BOSS"],"items_purchased_type":["Relic","Relic","Card","Card","Relic","Relic","Relic","Relic","Relic"],"build_version":"2020-12-18","purchased_purges":1,"victory":false,"max_hp_per_floor":[75,75,75,75,75,75,75,89,89,89,89,89,89,99,99,99,89,89,89,89,89,89,89,89,89,89,89,89,89,89,89,89,89,70,70,70,70,70,70,70,70,70,70,70,70,70,70,70,70,1,1,1],"card_choices":[{"not_picked":["Replay:LoomingThreat","conspire:Purge"],"picked":"SKIP","floor":6},{"not_picked":["Fiend Fire"],"picked":"Secret Technique","floor":7},{"not_picked":["BloodyBrimstone","Violence"],"picked":"SKIP","floor":8},{"not_picked":["Replay:AllIn","REME_AllRoundStrike"],"picked":"SKIP","floor":10},{"not_picked":["Replay:Many Hands"],"picked":"Scrawl","floor":11},{"not_picked":["Replay:AllIn","ReplayUltimateDefense"],"picked":"SKIP","floor":12},{"not_picked":["Brutality","Berserk"],"picked":"SKIP","floor":13},{"not_picked":["Metamorphosis"],"picked":"DeusExMachina","floor":14},{"not_picked":["Devotion"],"picked":"Ragnarok","floor":16},{"not_picked":["MasterReality"],"picked":"Limit Break","floor":23},{"not_picked":["Corruption"],"picked":"Judgement","floor":25},{"not_picked":["Immolate"],"picked":"SpiritShield","floor":27},{"not_picked":["Limit Break","SuicideKing"],"picked":"SKIP","floor":28},{"not_picked":["REME_MawOfCthun"],"picked":"conspire:HitWhereItHurts","floor":29},{"not_picked":["Fiend Fire","REME_MawOfCthun"],"picked":"SKIP","floor":30},{"not_picked":["REME_MawOfCthun","Secret Weapon"],"picked":"SKIP","floor":39},{"not_picked":["ConjureBlade","ReplayTheSpireMod:Brewmster"],"picked":"SKIP","floor":40},{"not_picked":["Midas Touch"],"picked":"Wish","floor":42},{"not_picked":["SuicideKing","Panache"],"picked":"SKIP","floor":44},{"not_picked":["REME_BodyOfCthun","REME_AllRoundStrike"],"picked":"SKIP","floor":45},{"not_picked":["Eclipse","Metamorphosis"],"picked":"SKIP","floor":47},{"not_picked":["Thinking Ahead"],"picked":"REME_CRH","floor":48}],"player_experience":694378,"relics_obtained":[{"floor":1,"key":"Red Skull"},{"floor":4,"key":"Dota2Spire:ArcaneBoots"},{"floor":6,"key":"GuppysHead"},{"floor":6,"key":"hubris:SlimyHat"},{"floor":7,"key":"Lantern"},{"floor":7,"key":"Bag of Marbles"},{"floor":8,"key":"Mango"},{"floor":8,"key":"Replay:Bottled Eggs"},{"floor":9,"key":"SharpPlug"},{"floor":10,"key":"Dota2Spire:DrumOfEndurance"},{"floor":10,"key":"construct:RocketBooster"},{"floor":11,"key":"Chameleon Ring"},{"floor":11,"key":"Replay:Rubber Ducky"},{"floor":12,"key":"DeathBook"},{"floor":12,"key":"Oddly Smooth Stone"},{"floor":13,"key":"GnawedLeaf"},{"floor":13,"key":"Turnip"},{"floor":14,"key":"Pear"},{"floor":14,"key":"hubris:ToyBattleship"},{"floor":18,"key":"Dream Catcher"},{"floor":20,"key":"Dota2Spire:MaskOfMadness"},{"floor":23,"key":"Replay:Bottled Flurry"},{"floor":23,"key":"REME_ArchaeologicalTools"},{"floor":25,"key":"Dead Branch"},{"floor":25,"key":"Orichalcum"},{"floor":26,"key":"conspire:GlowingRock"},{"floor":27,"key":"Dota2Spire:BlackKingBar"},{"floor":27,"key":"PunchingBag"},{"floor":28,"key":"EdensBlessing"},{"floor":28,"key":"MoneyPower"},{"floor":29,"key":"The Courier"},{"floor":29,"key":"Dota2Spire:OrchidMalevolence"},{"floor":30,"key":"conspire:InfiniteJournal"},{"floor":30,"key":"FossilizedHelix"},{"floor":31,"key":"hubris:MysteriousPyramids"},{"floor":35,"key":"Smiling Mask"},{"floor":38,"key":"PillsDrop"},{"floor":39,"key":"Dota2Spire:ArmletOfMordiggian"},{"floor":39,"key":"UnicornStump"},{"floor":40,"key":"Incense Burner"},{"floor":40,"key":"StrikeDummy"},{"floor":42,"key":"hubris:CrystalStatue"},{"floor":42,"key":"Lizard Tail"},{"floor":43,"key":"StoneCalendar"},{"floor":44,"key":"hubris:Metronome"},{"floor":44,"key":"Dota2Spire:AssaultCuirass"},{"floor":45,"key":"Dota2Spire:ShadowBlade"},{"floor":45,"key":"Torii"},{"floor":47,"key":"Pet Ghost"},{"floor":47,"key":"PreservedInsect"},{"floor":48,"key":"Nunchaku"},{"floor":48,"key":"Leech"}],"event_choices":[{"damage_healed":0,"gold_gain":0,"player_choice":"1 cards matched","damage_taken":0,"max_hp_gain":0,"max_hp_loss":0,"event_name":"Match and Keep!","floor":2,"gold_loss":0,"cards_obtained":["Bash"]},{"cards_removed":["Bash"],"damage_healed":0,"gold_gain":0,"player_choice":"Card Removal","damage_taken":0,"max_hp_gain":0,"max_hp_loss":0,"event_name":"Wheel of Change","floor":3,"gold_loss":0}],"is_beta":true,"boss_relics":[{"not_picked":["Abe\u0027s Treasure","Replay:Bronze Core"],"picked":"conspire:RunicOctahedron"},{"not_picked":[]},{"not_picked":["conspire:SlowCooker","construct:WeddingRing"],"picked":"Coffee Dripper"},{"not_picked":[]}],"items_purged_floors":[21],"is_endless":false,"potions_floor_spawned":[6,7,10,11,14,16,23,25,30,31,40,42,48],"killed_by":"Awakened One","ascension_level":20}}