{"host":"uiabnm26t0ss3jkq","time":1613304745,"event":{"mods":["BaseMod","Better Note","Better Skull","Better Third Choice","Bossed Relics","Colored Powertips","Curses Come First","Minty Spire (QoL Compilation)","Relic Stats","StSLib","SuperFastMode","Waifu the Spire"],"gold_per_floor":[116,136,136,61,11,11,45,45,90,90,90,90,90,90],"floor_reached":13,"language":"ENG","playtime":327,"items_purged":["Regret"],"score":95,"play_id":"2a1debdd-b362-4a48-9f80-6fbc2a578069","local_time":"20210214151225","is_ascension_mode":true,"campfire_choices":[{"data":"Zap","floor":6,"key":"SMITH"},{"data":"Steam","floor":8,"key":"SMITH"},{"data":"Dualcast","floor":10,"key":"SMITH"}],"circlet_count":0,"master_deck":["Strike_B","Strike_B","Strike_B","Strike_B","Defend_B","Defend_B","Defend_B","Zap+1","Dualcast+1","Steam+1"],"relics":["Cracked Core","Nunchaku","Gambling Chip","Blue Candle","Smiling Mask","Golden Idol","Meat on the Bone"],"acts_visited":["Exordium"],"potions_floor_usage":[13],"damage_taken":[{"damage":2,"enemies":"Jaw Worm","floor":1,"turns":4},{"damage":4,"enemies":"2 Louse","floor":2,"turns":2},{"damage":55,"enemies":"3 Sentries","floor":7,"turns":9},{"damage":25,"enemies":"Lagavulin","floor":13,"turns":4}],"seed_played":"-1805385245566681111","potions_obtained":[{"floor":7,"key":"Strength Potion"}],"is_trial":false,"path_per_floor":["M","M","?","$","?","R","E","R","T","R","?","T","E"],"character_chosen":"DEFECT","items_purchased":[],"campfire_rested":0,"item_purchase_floors":[],"current_hp_per_floor":[73,69,69,69,69,69,14,14,14,14,14,14,0,0],"gold":90,"neow_bonus":"RANDOM_COMMON_RELIC","is_daily":false,"chose_seed":false,"campfire_upgraded":3,"win_rate":0.0,"timestamp":1613304745,"path_taken":["M","M","?","$","?","R","E","R","T","R","?","?","E"],"items_purchased_type":[],"build_version":"2020-12-22","purchased_purges":1,"victory":false,"max_hp_per_floor":[75,75,75,75,75,75,75,75,75,75,69,69,69,69],"relic_stats":{"Nunchaku":[2],"counters":[4,19],"Golden Idol":0,"Gambling Chip":[9],"Blue Candle":[0],"Smiling Mask":0,"obtain_stats":[{"Nunchaku":0,"Golden Idol":11,"Gambling Chip":3,"Blue Candle":7,"Cracked Core":0,"Smiling Mask":9,"Meat on the Bone":12},{"Nunchaku":0,"Golden Idol":3,"Gambling Chip":2,"Blue Candle":3,"Cracked Core":0,"Smiling Mask":3,"Meat on the Bone":3},{"Nunchaku":0,"Golden Idol":15,"Gambling Chip":6,"Blue Candle":15,"Cracked Core":0,"Smiling Mask":15,"Meat on the Bone":15}],"Meat on the Bone":0},"card_choices":[{"not_picked":["Rebound","Stack","Auto Shields"],"picked":"SKIP","floor":1},{"not_picked":["Darkness","Compile Driver","Gash"],"picked":"SKIP","floor":2},{"not_picked":["Beam Cell","Coolheaded"],"picked":"Steam","floor":7}],"player_experience":408288,"relics_obtained":[{"floor":7,"key":"Blue Candle"},{"floor":9,"key":"Smiling Mask"},{"floor":12,"key":"Meat on the Bone"}],"event_choices":[{"damage_healed":0,"gold_gain":0,"player_choice":"Box","damage_taken":0,"relics_obtained":["Gambling Chip"],"max_hp_gain":0,"max_hp_loss":0,"event_name":"Big Fish","floor":3,"gold_loss":0,"cards_obtained":["Regret"]},{"cards_removed":["Defend_B"],"damage_healed":0,"gold_gain":0,"player_choice":"Card Removal","damage_taken":0,"max_hp_gain":0,"max_hp_loss":0,"event_name":"The Cleric","floor":5,"gold_loss":50},{"damage_healed":0,"gold_gain":0,"player_choice":"Lose Max HP","damage_taken":0,"relics_obtained":["Golden Idol"],"max_hp_gain":0,"max_hp_loss":6,"event_name":"Golden Idol","floor":11,"gold_loss":0}],"is_beta":false,"boss_relics":[],"items_purged_floors":[4],"is_endless":false,"potions_floor_spawned":[7],"killed_by":"Lagavulin","ascension_level":4}}