{"host":"lg1lbglystyxcosi","time":1613320327,"event":{"mods":["AchievementEnabler","BaseMod","Better Third Choice","BetterRewards","Colored Powertips","Minty Spire (QoL Compilation)","Quick Restart","Replay The Spire","Shop Mod","StSLib","SuperFastMode","¡¾ÒÅÎï¿¨ÅÆ¡¿REMEMod"],"gold_per_floor":[116,116,116,92,111,111,124,137,137,137,203,203,213,225,225,325,325,345,345,270,270,125,154,154,172,199,211,151,163,205,217,229,241,241],"floor_reached":33,"language":"ZHS","playtime":1129,"items_purged":[],"score":466,"play_id":"fe153263-5853-4718-95e0-da4e5f5f9d0c","local_time":"20210215003207","is_ascension_mode":true,"campfire_choices":[{"floor":6.0,"key":"REST"},{"floor":12.0,"key":"REST"},{"data":"Limit Break","floor":15.0,"key":"SMITH"},{"floor":24.0,"key":"REST"},{"data":"Enlightenment","floor":27.0,"key":"SMITH"},{"data":"Massacre","floor":29.0,"key":"SMITH"}],"circlet_count":0,"master_deck":["AscendersBane","Strike_R+1","Strike_R+1","Strike_R+1","Strike_R+1","Defend_R+1","Defend_R+1","Defend_R+1","Defend_R+1","Bash","Limit Break+1","Heavy Blade","Reaper","REME_EyeOfCthun","Enlightenment+1","ReplayUltimateDefense","Massacre+1"],"relics":["Burning Blood","REME_ComplimentaryCards","Juzu Bracelet","REME_HandOfSuture","PreservedInsect","ReplayTheSpireMod:Ring of Exchange","Onion Ring","ReplayTheSpireMod:ShopPack","MutagenicStrength","REME_PuzzleBoxRelic","Potion Belt","MawBank","Blood Vial","Blue Doll"],"acts_visited":["Exordium","TheCity"],"potions_floor_usage":[33],"damage_taken":[{"damage":12.0,"enemies":"Small Slimes","floor":1.0,"turns":3.0},{"damage":4.0,"enemies":"Jaw Worm","floor":5.0,"turns":3.0},{"damage":8.0,"enemies":"2 Louse","floor":7.0,"turns":2.0},{"damage":21.0,"enemies":"2 Fungi Beasts","floor":8.0,"turns":3.0},{"damage":13.0,"enemies":"Large Slime","floor":13.0,"turns":3.0},{"damage":6.0,"enemies":"Exordium Wildlife","floor":14.0,"turns":2.0},{"damage":33.0,"enemies":"Hexaghost","floor":16.0,"turns":7.0},{"damage":53.0,"enemies":"3 Byrds","floor":18.0,"turns":6.0},{"damage":8.0,"enemies":"Book of Stabbing","floor":23.0,"turns":4.0},{"damage":2.0,"enemies":"Chosen","floor":25.0,"turns":3.0},{"damage":23.0,"enemies":"Slavers","floor":28.0,"turns":2.0},{"damage":25.0,"enemies":"Book of Stabbing","floor":30.0,"turns":4.0},{"damage":58,"enemies":"Collector","floor":33,"turns":8}],"seed_played":"1746956012877441693","potions_obtained":[{"floor":1.0,"key":"ColorlessPotion"},{"floor":7.0,"key":"REME_GoldPotion"},{"floor":8.0,"key":"LifebloodPotion"},{"floor":11.0,"key":"DuplicationPotion"},{"floor":13.0,"key":"BloodPotion"},{"floor":16.0,"key":"PowerPotion"},{"floor":23.0,"key":"PowerPotion"},{"floor":30.0,"key":"FearPotion"}],"is_trial":false,"path_per_floor":["M","$","?","?","M","R","M","M","T","?","?","R","M","M","R","B",null,"M","?","?","?","$","E","R","M","T","R","E","R","E","?","R","B"],"character_chosen":"IRONCLAD","items_purchased":["Heavy Blade","Juzu Bracelet","REME_HandOfSuture","REME_PuzzleBoxRelic"],"campfire_rested":3,"item_purchase_floors":[0,0,0,22],"current_hp_per_floor":[42,42,26,26,28,52,50,35,35,35,35,59,52,52,52,41,70,35,35,35,35,35,46,70,80,80,80,63,63,47,47,47,8,8],"gold":241,"neow_bonus":"","is_daily":false,"chose_seed":false,"campfire_upgraded":3,"win_rate":0.0,"timestamp":1613320327,"path_taken":["M","$","?","?","M","R","M","M","T","?","?","R","M","M","R","BOSS","M","?","?","?","$","E","R","M","T","R","E","R","E","?","R","BOSS"],"items_purchased_type":["Card","Relic","Relic","Relic"],"build_version":"2020-12-22","purchased_purges":0,"victory":false,"max_hp_per_floor":[80,80,80,80,80,80,80,80,80,80,80,80,80,80,80,80,80,80,80,80,80,80,80,80,80,80,80,80,80,80,80,80,80,80],"card_choices":[{"not_picked":["REME_Cut","Thunderclap","Power Through"],"picked":"SKIP","floor":1.0},{"not_picked":["Anger","Twin Strike","Headbutt"],"picked":"SKIP","floor":5.0},{"not_picked":["Sword Boomerang","Anger","Run Through"],"picked":"SKIP","floor":7.0},{"not_picked":["ReplayReversal","Defy Death","Run Through"],"picked":"SKIP","floor":8.0},{"not_picked":["Shrug It Off","Wild Strike","ReplayTheSpireMod:Strike From Hell"],"picked":"SKIP","floor":13.0},{"not_picked":["Pummel","Blood for Blood","Perfected Strike"],"picked":"SKIP","floor":14.0},{"not_picked":["Limit Break","Immolate"],"picked":"Reaper","floor":16.0},{"not_picked":["Mayhem","Panache"],"picked":"REME_EyeOfCthun","floor":17.0},{"not_picked":["Survey Options","Purity"],"picked":"Enlightenment","floor":17.0},{"not_picked":["REME_Flogging","Blind"],"picked":"ReplayUltimateDefense","floor":17.0},{"not_picked":["Clash","Perfected Strike","Sword Boomerang"],"picked":"SKIP","floor":18.0},{"not_picked":["Pommel Strike+1","Cleave"],"picked":"Massacre","floor":23.0},{"not_picked":["Shrug It Off","Twin Strike","Anger"],"picked":"SKIP","floor":25.0},{"not_picked":["Sword Boomerang","REME_Fury","Havoc"],"picked":"SKIP","floor":28.0},{"not_picked":["Pommel Strike","Twin Strike","Wild Strike"],"picked":"SKIP","floor":30.0}],"player_experience":261553,"relics_obtained":[{"floor":9.0,"key":"PreservedInsect"},{"floor":10.0,"key":"ReplayTheSpireMod:Ring of Exchange"},{"floor":11.0,"key":"Onion Ring"},{"floor":23.0,"key":"Potion Belt"},{"floor":26.0,"key":"MawBank"},{"floor":28.0,"key":"Blood Vial"},{"floor":30.0,"key":"Blue Doll"}],"event_choices":[{"damage_healed":42.0,"max_hp_gain":0.0,"max_hp_loss":80.0,"gold_gain":0.0,"event_name":"betterThird:BetterShining","player_choice":"Upgrade","floor":3.0,"gold_loss":0.0,"damage_taken":16.0,"cards_upgraded":["Defend_R","Strike_R"]},{"damage_healed":0.0,"max_hp_gain":0.0,"max_hp_loss":0.0,"gold_gain":0.0,"event_name":"betterThird:BetterGoop","player_choice":"Left","floor":4.0,"gold_loss":24.0,"damage_taken":0.0},{"damage_healed":0.0,"max_hp_gain":0.0,"max_hp_loss":0.0,"gold_gain":0.0,"event_name":"Drug Dealer","player_choice":"Inject Mutagens","floor":19.0,"gold_loss":0.0,"damage_taken":0.0,"relics_obtained":["MutagenicStrength"]},{"cards_removed":["Strike_R"],"damage_healed":0.0,"max_hp_gain":0.0,"max_hp_loss":0.0,"gold_gain":0.0,"event_name":"Beggar","player_choice":"Gave Gold","floor":20.0,"gold_loss":75.0,"damage_taken":0.0},{"damage_healed":0.0,"max_hp_gain":0.0,"max_hp_loss":0.0,"gold_gain":0.0,"event_name":"Ghosts","player_choice":"Ignored","floor":21.0,"gold_loss":0.0,"damage_taken":0.0},{"damage_healed":0.0,"max_hp_gain":0.0,"max_hp_loss":0.0,"gold_gain":0.0,"event_name":"The Mausoleum","player_choice":"Ignored","floor":31.0,"gold_loss":0.0,"damage_taken":0.0},{"damage_healed":0.0,"max_hp_gain":0.0,"max_hp_loss":6.0,"gold_gain":0.0,"event_name":"betterThird:BetterWriting","player_choice":"Simplicity","floor":32.0,"gold_loss":0.0,"damage_taken":0.0}],"is_beta":false,"boss_relics":[{"not_picked":["Electric Blood","ChewingGum"],"picked":"ReplayTheSpireMod:ShopPack"}],"items_purged_floors":[],"is_endless":false,"potions_floor_spawned":[1,7,8,13,16,23,30],"killed_by":"Collector","ascension_level":12}}