{"host":"t5vp0whyqzs05fb6","time":1613282810,"event":{"mods":["AchievementEnabler","BaseMod","Colored Map","Minty Spire (QoL Compilation)","Rare Cards Sparkle","SuperFastMode","everything is the same but u backflip on backflip"],"gold_per_floor":[116,116,132,150,161,176,190,210,210,220,145,145,161,176,176,176,176],"floor_reached":16,"language":"KOR","playtime":493,"items_purged":["Strike_R"],"score":100,"play_id":"d0848e1f-1b3e-4153-bdae-5077ad5b39b4","local_time":"20210214150650","is_ascension_mode":false,"campfire_choices":[{"data":"Searing Blow","floor":15,"key":"SMITH"}],"circlet_count":0,"master_deck":["Strike_R","Strike_R","Strike_R","Strike_R","Defend_R","Defend_R","Defend_R","Defend_R","Bash+1","Reaper","Evolve","Twin Strike","Intimidate","Pommel Strike","Offering","Shockwave","Searing Blow+1","Decay","Shrug It Off"],"relics":["Burning Blood","Thread and Needle"],"acts_visited":["Exordium"],"potions_floor_usage":[7],"damage_taken":[{"damage":6,"enemies":"Jaw Worm","floor":1,"turns":3},{"damage":10,"enemies":"Cultist","floor":3,"turns":4},{"damage":5,"enemies":"Small Slimes","floor":4,"turns":4},{"damage":19,"enemies":"Exordium Wildlife","floor":5,"turns":5},{"damage":15,"enemies":"Red Slaver","floor":6,"turns":4},{"damage":21,"enemies":"Exordium Thugs","floor":7,"turns":5},{"damage":8,"enemies":"Looter","floor":8,"turns":2},{"damage":0,"enemies":"Exordium Wildlife","floor":10,"turns":4},{"damage":11,"enemies":"2 Fungi Beasts","floor":13,"turns":4},{"damage":1,"enemies":"Blue Slaver","floor":14,"turns":4},{"damage":73,"enemies":"Slime Boss","floor":16,"turns":9}],"seed_played":"-7472006676085425963","potions_obtained":[{"floor":1,"key":"Strength Potion"},{"floor":3,"key":"SteroidPotion"},{"floor":4,"key":"SpeedPotion"},{"floor":8,"key":"Strength Potion"},{"floor":10,"key":"BlessingOfTheForge"}],"is_trial":false,"path_per_floor":["M","?","M","M","M","M","M","M","T","M","$","?","M","M","R","B"],"character_chosen":"IRONCLAD","items_purchased":[],"campfire_rested":0,"item_purchase_floors":[],"current_hp_per_floor":[80,80,76,77,69,60,49,47,47,63,63,63,58,63,63,0,0],"gold":176,"neow_bonus":"ONE_RANDOM_RARE_CARD","is_daily":false,"chose_seed":false,"campfire_upgraded":1,"win_rate":0.0,"timestamp":1613282810,"path_taken":["M","?","M","M","M","M","M","M","T","M","$","?","?","M","R","BOSS"],"items_purchased_type":[],"build_version":"2020-12-22","purchased_purges":1,"victory":false,"max_hp_per_floor":[80,80,80,80,80,80,80,80,80,80,80,80,80,80,80,80,80],"card_choices":[{"not_picked":["Rampage","Anger"],"picked":"Evolve","floor":1},{"not_picked":["Rupture","Rampage"],"picked":"Twin Strike","floor":3},{"not_picked":["Thunderclap","Heavy Blade"],"picked":"Intimidate","floor":4},{"not_picked":["Burning Pact","Thunderclap","Sword Boomerang"],"picked":"SKIP","floor":5},{"not_picked":["Heavy Blade","Thunderclap"],"picked":"Pommel Strike","floor":6},{"not_picked":["Uppercut","Dark Embrace"],"picked":"Offering","floor":7},{"not_picked":["Sever Soul","Thunderclap"],"picked":"Shockwave","floor":8},{"not_picked":["Iron Wave","Sword Boomerang"],"picked":"Searing Blow","floor":10},{"not_picked":["Clothesline","Power Through"],"picked":"Shrug It Off","floor":13},{"not_picked":["Twin Strike","True Grit","Iron Wave"],"picked":"SKIP","floor":14}],"player_experience":214890,"relics_obtained":[{"floor":9,"key":"Thread and Needle"}],"event_choices":[{"damage_healed":0,"gold_gain":0,"player_choice":"Upgraded","damage_taken":0,"max_hp_gain":0,"max_hp_loss":0,"event_name":"Upgrade Shrine","floor":2,"gold_loss":0,"cards_upgraded":["Bash"]},{"damage_healed":0,"gold_gain":0,"player_choice":"Cursed","damage_taken":0,"max_hp_gain":0,"max_hp_loss":0,"event_name":"Wheel of Change","floor":12,"gold_loss":0,"cards_obtained":["Decay"]}],"is_beta":false,"boss_relics":[],"items_purged_floors":[11],"is_endless":false,"potions_floor_spawned":[1,3,4,8,10,13],"killed_by":"Slime Boss","ascension_level":0}}