{"host":"bf5upntvbdompq33","time":1613338654,"event":{"mods":["BaseMod","Bestiary","Colored Map","Colored Powertips","Curses Come First","Minty Spire (QoL Compilation)","StSLib","ojb\u0027s Info Mod"],"gold_per_floor":[113,113,113,126,138,171,190,190,190,17,344,344,294,294,294,393,393,377,377,188,208,29,29,29,29,29,29,41,59,76,76,76,76,76],"floor_reached":33,"language":"ENG","playtime":1958,"items_purged":["Strike_B","Zap","Defend_B"],"score":417,"play_id":"3bddf1b7-e017-4d62-8700-d001acb294e1","local_time":"20210214143734","is_ascension_mode":true,"campfire_choices":[{"floor":8,"key":"REST"},{"data":"Strike_B","floor":12,"key":"PURGE"},{"floor":15,"key":"REST"},{"data":"Dramatic Entrance","floor":23,"key":"SMITH"},{"data":"Sunder","floor":25,"key":"SMITH"},{"data":"Beam Cell","floor":27,"key":"SMITH"},{"floor":32,"key":"REST"}],"circlet_count":0,"master_deck":["AscendersBane","Defend_B","Defend_B","Gash","Reinforced Body","Gash","Rip and Tear","Steam","Beam Cell+1","Hologram","Go for the Eyes","Core Surge","Sunder+1","Dramatic Entrance+1","Gash+1","Go for the Eyes","Regret","Gash","Sweeping Beam","Writhe"],"relics":["Cracked Core","Peace Pipe","Centennial Puzzle","InkBottle","Old Coin","Cursed Key","HornCleat","Matryoshka"],"acts_visited":["Exordium","TheCity"],"potions_floor_usage":[11,16,33,33],"damage_taken":[{"damage":0,"enemies":"Small Slimes","floor":1,"turns":3},{"damage":0,"enemies":"Cultist","floor":4,"turns":4},{"damage":0,"enemies":"2 Louse","floor":5,"turns":2},{"damage":30,"enemies":"3 Sentries","floor":6,"turns":8},{"damage":8,"enemies":"Exordium Thugs","floor":7,"turns":5},{"damage":8,"enemies":"Gremlin Nob","floor":11,"turns":3},{"damage":28,"enemies":"The Guardian","floor":16,"turns":13},{"damage":11,"enemies":"2 Thieves","floor":18,"turns":4},{"damage":0,"enemies":"Chosen","floor":21,"turns":4},{"damage":4,"enemies":"3 Cultists","floor":28,"turns":4},{"damage":10,"enemies":"Snake Plant","floor":29,"turns":3},{"damage":9,"enemies":"Shelled Parasite and Fungi","floor":30,"turns":2},{"damage":70,"enemies":"Collector","floor":33,"turns":7}],"seed_played":"-6028851053422175563","potions_obtained":[{"floor":6,"key":"SneckoOil"},{"floor":11,"key":"Fruit Juice"},{"floor":16,"key":"FearPotion"},{"floor":18,"key":"FocusPotion"},{"floor":21,"key":"EssenceOfSteel"},{"floor":24,"key":"Explosive Potion"},{"floor":24,"key":"LiquidMemories"}],"is_trial":false,"path_per_floor":["M","?","?","M","M","E","M","R","T","$","E","R","?","?","R","B",null,"M","?","$","M","$","R","?","R","T","R","M","M","M","?","R","B"],"character_chosen":"DEFECT","items_purchased":["Beam Cell","Hologram","Dramatic Entrance","Go for the Eyes"],"campfire_rested":3,"item_purchase_floors":[10,10,20,22],"current_hp_per_floor":[68,56,56,56,56,26,18,38,38,38,35,35,35,35,56,28,62,51,51,51,51,51,51,51,51,51,51,47,37,28,28,49,0,0],"gold":76,"neow_bonus":"ONE_RARE_RELIC","is_daily":false,"chose_seed":false,"campfire_upgraded":3,"win_rate":0.0,"timestamp":1613338654,"path_taken":["M","?","?","?","M","E","M","R","T","?","E","R","?","?","R","BOSS","M","?","$","?","$","R","?","R","T","R","M","M","?","?","R","BOSS"],"items_purchased_type":["Card","Card","Card","Card"],"build_version":"2020-12-22","purchased_purges":3,"victory":false,"max_hp_per_floor":[68,68,68,68,68,68,68,68,68,68,73,73,73,73,73,73,73,73,73,73,73,73,73,73,73,73,73,73,73,73,73,73,73,73],"card_choices":[{"not_picked":["Go for the Eyes","Redo"],"picked":"Gash","floor":1},{"not_picked":["Reinforced Body","Conserve Battery"],"picked":"Gash","floor":4},{"not_picked":["Blizzard","Recycle","Force Field"],"picked":"SKIP","floor":5},{"not_picked":["Tempest","Fission"],"picked":"Rip and Tear","floor":6},{"not_picked":["Stack","Turbo"],"picked":"Steam","floor":7},{"not_picked":["Storm","Capacitor"],"picked":"Go for the Eyes","floor":11},{"not_picked":["Rainbow","Multi-Cast"],"picked":"Core Surge","floor":16},{"not_picked":["Consume","Coolheaded"],"picked":"Sunder","floor":18},{"not_picked":["Leap","Ball Lightning"],"picked":"Gash+1","floor":21},{"not_picked":["Storm","Capacitor"],"picked":"Gash","floor":28},{"not_picked":["Rebound","Multi-Cast","Sweeping Beam"],"picked":"SKIP","floor":29},{"not_picked":["Consume","Streamline"],"picked":"Sweeping Beam","floor":30}],"player_experience":1588680,"relics_obtained":[{"floor":6,"key":"InkBottle"},{"floor":11,"key":"Old Coin"},{"floor":26,"key":"HornCleat"}],"event_choices":[{"damage_healed":0,"gold_gain":0,"player_choice":"Success","damage_taken":12,"relics_obtained":["Centennial Puzzle"],"max_hp_gain":0,"max_hp_loss":0,"event_name":"Scrap Ooze","floor":2,"gold_loss":0},{"damage_healed":0,"gold_gain":0,"cards_transformed":["Strike_B"],"player_choice":"Transformed","damage_taken":0,"max_hp_gain":0,"max_hp_loss":0,"event_name":"Transmorgrifier","floor":3,"gold_loss":0,"cards_obtained":["Reinforced Body"]},{"cards_removed":["Strike_B"],"damage_healed":0,"gold_gain":0,"player_choice":"Card Removal","damage_taken":0,"max_hp_gain":0,"max_hp_loss":0,"event_name":"The Cleric","floor":13,"gold_loss":50},{"cards_removed":["Dualcast"],"damage_healed":0,"gold_gain":0,"player_choice":"Purged","damage_taken":0,"max_hp_gain":0,"max_hp_loss":0,"event_name":"Purifier","floor":14,"gold_loss":0},{"cards_removed":["Defend_B"],"damage_healed":0,"gold_gain":0,"player_choice":"Purged","damage_taken":0,"max_hp_gain":0,"max_hp_loss":0,"event_name":"Purifier","floor":19,"gold_loss":0},{"damage_healed":0,"gold_gain":0,"player_choice":"Got Potions","damage_taken":0,"max_hp_gain":0,"max_hp_loss":0,"event_name":"Lab","floor":24,"gold_loss":0},{"damage_healed":0,"gold_gain":0,"player_choice":"Opened","damage_taken":0,"relics_obtained":["Matryoshka"],"max_hp_gain":0,"max_hp_loss":0,"event_name":"The Mausoleum","floor":31,"gold_loss":0,"cards_obtained":["Writhe"]}],"is_beta":false,"boss_relics":[{"not_picked":["Nuclear Battery","Fusion Hammer"],"picked":"Cursed Key"}],"items_purged_floors":[10,20,22],"is_endless":false,"potions_floor_spawned":[6,11,16,18,21,30],"killed_by":"Collector","ascension_level":11}}