{"host":"etc34k4ck9qyv0fa","time":1613334708,"event":{"mods":["AchievementEnabler","BaseMod","Colored Map","Colored Powertips","Marisa????????","Minty Spire (QoL Compilation)","Reimu??????","Replay The Spire","StSLib","The Animator","The Servant 0.9.4"],"gold_per_floor":[112,129,47,47,47,47,103,103,153,227,227,227,263,299,299,279,279],"floor_reached":16,"language":"ENG","playtime":615,"items_purged":[],"score":259,"play_id":"b45a5a0e-80f2-4d09-8810-8a589431d32a","local_time":"20210214213148","is_ascension_mode":true,"campfire_choices":[{"data":"AsteroidBelt","floor":6,"key":"SMITH"},{"data":"WitchOfGreed","floor":8,"key":"SMITH"},{"floor":12,"key":"REST"},{"floor":15,"key":"REST"}],"circlet_count":0,"master_deck":["AscendersBane","Strike_MRS","Strike_MRS","Strike_MRS","Defend_MRS","Defend_MRS","Defend_MRS","Defend_MRS","MasterSpark","UpSweep","DragonMeteor","CollectingQuirk","AsteroidBelt+1","WitchOfGreed+1","ShootingEcho","AlicesGift","Poor:ReiMu","ManaConvection"],"relics":["MiniHakkero","NeowsBlessing","Golden Idol","ReplayTheSpireMod:Shallot","Juzu Bracelet","Blue Doll","ReplayTheSpireMod:Ring of Addiction","Chameleon Ring","White Beast Statue","Ring of Fangs"],"acts_visited":["Exordium"],"potions_floor_usage":[10,13,14,14,16,16],"damage_taken":[{"damage":0,"enemies":"Cultist","floor":1,"turns":1},{"damage":0,"enemies":"Jaw Worm","floor":2,"turns":1},{"damage":0,"enemies":"Lagavulin","floor":7,"turns":2},{"damage":20,"enemies":"Replay:BlueRogue","floor":10,"turns":7},{"damage":3,"enemies":"Small Slimes","floor":13,"turns":5},{"damage":0,"enemies":"Looter","floor":14,"turns":3},{"damage":54,"enemies":"Hexaghost","floor":16,"turns":11}],"seed_played":"5110451719787349018","potions_obtained":[{"floor":1,"key":"SkillPotion"},{"floor":7,"key":"Elixir"},{"floor":11,"key":"StarNLove"},{"floor":11,"key":"BottledSpark"},{"floor":13,"key":"Reflective Coating"},{"floor":14,"key":"Swift Potion"},{"floor":14,"key":"Cursed Concoction"}],"is_trial":false,"path_per_floor":["M","M","$","?","?","R","E","R","T","E","?","R","M","M","R","B"],"character_chosen":"MARISA","items_purchased":["AsteroidBelt","WitchOfGreed"],"campfire_rested":2,"item_purchase_floors":[3,3],"current_hp_per_floor":[63,63,63,56,32,32,32,32,32,12,12,33,30,30,51,0,0],"gold":279,"neow_bonus":"THREE_ENEMY_KILL","is_daily":false,"chose_seed":false,"campfire_upgraded":2,"win_rate":0.0,"timestamp":1613334708,"path_taken":["M","?","?","?","?","R","E","R","T","E","?","R","M","M","R","BOSS"],"items_purchased_type":["Card","Card"],"build_version":"2020-12-22","purchased_purges":0,"victory":false,"max_hp_per_floor":[70,70,70,70,70,70,70,70,70,70,70,70,70,70,70,70,70],"card_choices":[{"not_picked":["PowerUp","MysteriousBeam"],"picked":"DragonMeteor","floor":1},{"not_picked":["WitchLeyline","LuminesStrike"],"picked":"CollectingQuirk","floor":2},{"not_picked":["MysteriousBeam","ChargingUp"],"picked":"ShootingEcho","floor":7},{"not_picked":["SprinkleStarSeal","GravityBeat"],"picked":"AlicesGift","floor":10},{"not_picked":["MilkyWay","AsteroidBelt"],"picked":"ManaConvection","floor":13},{"not_picked":["ChargeUpSpray","PowerUp","DoubleSpark"],"picked":"SKIP","floor":14}],"player_experience":494211,"relics_obtained":[{"floor":7,"key":"ReplayTheSpireMod:Shallot"},{"floor":9,"key":"Juzu Bracelet"},{"floor":10,"key":"Blue Doll"},{"floor":11,"key":"ReplayTheSpireMod:Ring of Addiction"},{"floor":11,"key":"Chameleon Ring"},{"floor":11,"key":"White Beast Statue"},{"floor":11,"key":"Ring of Fangs"}],"event_choices":[{"cards_removed":["Strike_MRS"],"damage_healed":0,"gold_gain":0,"player_choice":"Card Removal","damage_taken":7,"max_hp_gain":0,"max_hp_loss":0,"event_name":"Golden Wing","floor":4,"gold_loss":0},{"damage_healed":0,"gold_gain":0,"player_choice":"Take Damage","damage_taken":24,"relics_obtained":["Golden Idol"],"max_hp_gain":0,"max_hp_loss":0,"event_name":"Golden Idol","floor":5,"gold_loss":0}],"is_beta":false,"boss_relics":[],"items_purged_floors":[],"is_endless":false,"potions_floor_spawned":[1,13,14],"killed_by":"Hexaghost","ascension_level":19}}