{"host":"bf5upntvbdompq33","time":1613326271,"event":{"mods":["BaseMod","Bestiary","Colored Map","Colored Powertips","Curses Come First","Minty Spire (QoL Compilation)","StSLib","ojb\u0027s Info Mod"],"gold_per_floor":[116,132,143,143,15,15,35,62,143,143,163,163,242,259,259,357,357,367,101,113,113,113,113,147,147,147,147,159,187,207,220,220,324,324,338,58,69,69,69,69,87,87,87,107,107,107,134,153,153,153],"floor_reached":51,"language":"ENG","playtime":4740,"items_purged":["Strike_G","Strike_G","Writhe"],"score":1251,"play_id":"f4dac436-9aa7-4880-86b1-6f00a1b42b6b","local_time":"20210214111111","is_ascension_mode":true,"campfire_choices":[{"data":"Neutralize","floor":6,"key":"SMITH"},{"data":"Bullet Time","floor":10,"key":"SMITH"},{"data":"Dash","floor":12,"key":"SMITH"},{"floor":15,"key":"REST"},{"data":"Blade Dance","floor":23,"key":"SMITH"},{"data":"Accuracy","floor":25,"key":"SMITH"},{"data":"Blade Dance","floor":27,"key":"SMITH"},{"floor":32,"key":"REST"},{"data":"Adrenaline","floor":40,"key":"SMITH"},{"floor":42,"key":"RECALL"},{"data":"Finisher","floor":45,"key":"SMITH"},{"data":"1","floor":49,"key":"LIFT"}],"circlet_count":0,"master_deck":["AscendersBane","Strike_G","Strike_G","Strike_G","Defend_G","Defend_G","Defend_G","Defend_G","Defend_G","Survivor+1","Neutralize+1","Caltrops+1","Dagger Throw","Blade Dance+1","Blade Dance+1","Choke","Bullet Time+1","Dash+1","Blade Dance","Night Terror","Acrobatics","Blade Dance","Backstab+1","Accuracy+1","Finisher+1","Accuracy","Cloak And Dagger","Finisher+1","Calculated Gamble","Outmaneuver+1","Adrenaline+1","Backflip+1","Leg Sweep+1","Terror+1"],"relics":["Ring of the Snake","NeowsBlessing","FossilizedHelix","StrikeDummy","WristBlade","Oddly Smooth Stone","Enchiridion","Bag of Preparation","Vajra","Prayer Wheel","Blood Vial","Runic Pyramid","Frozen Eye","Anchor","Girya"],"acts_visited":["Exordium","TheCity","TheBeyond"],"potions_floor_usage":[8,16,33,33,50],"damage_taken":[{"damage":0,"enemies":"Cultist","floor":1,"turns":1},{"damage":0,"enemies":"2 Louse","floor":2,"turns":1},{"damage":0,"enemies":"Small Slimes","floor":3,"turns":1},{"damage":0,"enemies":"2 Fungi Beasts","floor":7,"turns":4},{"damage":22,"enemies":"Gremlin Nob","floor":8,"turns":4},{"damage":0,"enemies":"Exordium Wildlife","floor":11,"turns":3},{"damage":0,"enemies":"Large Slime","floor":14,"turns":2},{"damage":0,"enemies":"The Guardian","floor":16,"turns":11},{"damage":0,"enemies":"Chosen","floor":18,"turns":3},{"damage":0,"enemies":"Shell Parasite","floor":20,"turns":3},{"damage":0,"enemies":"Gremlin Leader","floor":24,"turns":5},{"damage":0,"enemies":"Snake Plant","floor":28,"turns":4},{"damage":0,"enemies":"Book of Stabbing","floor":29,"turns":2},{"damage":6,"enemies":"Cultist and Chosen","floor":30,"turns":3},{"damage":0,"enemies":"3 Cultists","floor":31,"turns":2},{"damage":28,"enemies":"Champ","floor":33,"turns":8},{"damage":0,"enemies":"Orb Walker","floor":35,"turns":2},{"damage":0,"enemies":"3 Shapes","floor":37,"turns":3},{"damage":11,"enemies":"Transient","floor":41,"turns":5},{"damage":0,"enemies":"Jaw Worm Horde","floor":44,"turns":3},{"damage":0,"enemies":"Reptomancer","floor":47,"turns":1},{"damage":0,"enemies":"Maw","floor":48,"turns":5},{"damage":46,"enemies":"Awakened One","floor":50,"turns":6}],"seed_played":"-7272319791494032698","potions_obtained":[{"floor":1,"key":"AttackPotion"},{"floor":7,"key":"Ancient Potion"},{"floor":14,"key":"LiquidBronze"},{"floor":20,"key":"LiquidMemories"},{"floor":28,"key":"Explosive Potion"},{"floor":33,"key":"Fruit Juice"},{"floor":44,"key":"SmokeBomb"}],"is_trial":false,"path_per_floor":["M","M","M","?","$","R","M","E","T","R","M","R","?","M","R","B",null,"M","$","M","?","?","R","E","R","T","R","M","E","M","M","R","B",null,"M","$","M","?","?","R","M","R","T","M","R","?","E","M","R","B",null],"character_chosen":"THE_SILENT","items_purchased":["Blade Dance","Blade Dance","Oddly Smooth Stone","Frozen Eye"],"campfire_rested":2,"item_purchase_floors":[5,19,19,36],"current_hp_per_floor":[63,63,63,49,49,49,49,27,27,27,27,27,27,27,48,48,65,65,65,65,49,49,49,49,49,49,49,49,49,45,47,68,47,68,70,70,72,71,71,71,60,60,60,62,62,62,64,66,66,22],"gold":153,"neow_bonus":"THREE_ENEMY_KILL","is_daily":false,"chose_seed":false,"campfire_upgraded":8,"win_rate":0.0,"timestamp":1613326271,"path_taken":["M","M","?","?","$","R","M","E","T","R","M","R","?","M","R","BOSS","M","$","M","?","?","R","E","R","T","R","M","E","M","M","R","BOSS","M","$","M","?","?","R","M","R","T","M","R","?","E","?","R","BOSS"],"items_purchased_type":["Card","Card","Relic","Relic"],"build_version":"2020-12-22","purchased_purges":3,"victory":true,"max_hp_per_floor":[70,70,70,70,70,70,70,70,70,70,70,70,70,70,70,70,70,70,70,70,70,70,70,70,70,70,70,70,70,70,70,70,75,75,75,75,75,71,71,71,71,71,71,71,71,71,71,71,71,71],"card_choices":[{"not_picked":["Deflect","Bane"],"picked":"Caltrops","floor":1},{"not_picked":["PiercingWail","Endless Agony"],"picked":"Dagger Throw","floor":2},{"not_picked":["PiercingWail","Masterful Stab"],"picked":"Blade Dance","floor":3},{"not_picked":["Bane","Flechettes"],"picked":"Choke","floor":7},{"not_picked":["Distraction","Concentrate"],"picked":"Bullet Time","floor":8},{"not_picked":["Bane","Dagger Throw"],"picked":"Dash","floor":11},{"not_picked":["Poisoned Stab","Cloak And Dagger"],"picked":"Blade Dance","floor":14},{"not_picked":["Corpse Explosion","Grand Finale"],"picked":"Night Terror","floor":16},{"not_picked":["Deadly Poison+1","Masterful Stab"],"picked":"Acrobatics","floor":18},{"not_picked":["Dodge and Roll+1","Bane"],"picked":"Backstab+1","floor":20},{"not_picked":["Night Terror","Underhanded Strike"],"picked":"Accuracy","floor":24},{"not_picked":["Underhanded Strike","Backflip"],"picked":"Finisher+1","floor":28},{"not_picked":["PiercingWail","Prepared"],"picked":"Accuracy","floor":28},{"not_picked":["Deadly Poison+1","Acrobatics"],"picked":"Cloak And Dagger","floor":29},{"not_picked":["Flying Knee+1","Slice"],"picked":"Finisher","floor":30},{"not_picked":["Dagger Spray+1","Deflect","Deadly Poison+1"],"picked":"SKIP","floor":30},{"not_picked":["Reflex","Burst"],"picked":"Calculated Gamble","floor":31},{"not_picked":["Calculated Gamble","Caltrops+1"],"picked":"Outmaneuver+1","floor":31},{"not_picked":["Die Die Die","After Image"],"picked":"Adrenaline","floor":33},{"not_picked":["Leg Sweep+1","Terror"],"picked":"Backflip+1","floor":35},{"not_picked":["Deflect","Outmaneuver"],"picked":"Leg Sweep+1","floor":35},{"not_picked":["Infinite Blades","Slice+1","Deadly Poison+1"],"picked":"SKIP","floor":37},{"not_picked":["Leg Sweep","Masterful Stab","Catalyst"],"picked":"SKIP","floor":37},{"not_picked":["Infinite Blades+1","Cloak And Dagger+1"],"picked":"Terror+1","floor":41},{"not_picked":["Concentrate","Backflip+1","Finisher+1"],"picked":"SKIP","floor":41},{"not_picked":["Outmaneuver","Flying Knee+1","Dagger Throw"],"picked":"SKIP","floor":44},{"not_picked":["Bane","Acrobatics","Quick Slash"],"picked":"SKIP","floor":44},{"not_picked":["Crippling Poison","Dagger Throw+1","Masterful Stab"],"picked":"SKIP","floor":47},{"not_picked":["Poisoned Stab","Outmaneuver","Riddle With Holes+1"],"picked":"SKIP","floor":48},{"not_picked":["Accuracy+1","Sucker Punch","Dagger Spray"],"picked":"SKIP","floor":48}],"player_experience":1580253,"relics_obtained":[{"floor":8,"key":"FossilizedHelix"},{"floor":9,"key":"StrikeDummy"},{"floor":21,"key":"Enchiridion"},{"floor":24,"key":"Vajra"},{"floor":26,"key":"Prayer Wheel"},{"floor":29,"key":"Blood Vial"},{"floor":43,"key":"Anchor"},{"floor":47,"key":"Girya"}],"event_choices":[{"damage_healed":0,"gold_gain":0,"player_choice":"Entered Light","damage_taken":14,"max_hp_gain":0,"max_hp_loss":0,"event_name":"Shining Light","floor":4,"gold_loss":0,"cards_upgraded":["Survivor","Caltrops"]},{"damage_healed":0,"gold_gain":79,"player_choice":"Gained Gold","damage_taken":0,"max_hp_gain":0,"max_hp_loss":0,"event_name":"Golden Wing","floor":13,"gold_loss":0},{"damage_healed":0,"gold_gain":0,"player_choice":"Obtained Book","damage_taken":16,"max_hp_gain":0,"max_hp_loss":0,"event_name":"Cursed Tome","floor":21,"gold_loss":0},{"damage_healed":0,"gold_gain":0,"player_choice":"Opened","damage_taken":0,"relics_obtained":["Bag of Preparation"],"max_hp_gain":0,"max_hp_loss":0,"event_name":"The Mausoleum","floor":22,"gold_loss":0,"cards_obtained":["Writhe"]},{"damage_healed":0,"gold_gain":0,"player_choice":"Max HP","damage_taken":0,"max_hp_gain":0,"max_hp_loss":4,"event_name":"Winding Halls","floor":38,"gold_loss":0},{"damage_healed":0,"gold_gain":0,"player_choice":"Memory 1","damage_taken":0,"max_hp_gain":0,"max_hp_loss":0,"event_name":"SensoryStone","floor":39,"gold_loss":0},{"damage_healed":0,"gold_gain":0,"player_choice":"Ignored","damage_taken":0,"max_hp_gain":0,"max_hp_loss":0,"event_name":"Mysterious Sphere","floor":46,"gold_loss":0}],"is_beta":false,"boss_relics":[{"not_picked":["Astrolabe","Snecko Eye"],"picked":"WristBlade"},{"not_picked":["SacredBark","Empty Cage"],"picked":"Runic Pyramid"}],"items_purged_floors":[5,19,36],"is_endless":false,"potions_floor_spawned":[1,7,14,20,28,31,33,44,48],"ascension_level":10}}