{"host":"su4bqgzf8ryjohfr","time":1613329872,"event":{"mods":["BaseMod","Minty Spire (QoL Compilation)"],"gold_per_floor":[117,136,155,2104,2054,2054,2086,2086,2086,2116,2076,2086,2098,2115,2115,2214,2214,2233,1494,1504,1079,1095,1123,1123,1148,1174,1174,1188,1215,1215,1215,1215,1315,1365,1378,1728,1254,1254,1270,1303,1303,1323,1323,1352,1352,1352,1352,1369,1369,1369,1369,1369,1015,1044,1044],"floor_reached":56,"language":"ENG","playtime":4614,"items_purged":["Defend_G","Strike_G","Strike_G","Strike_G","Strike_G"],"score":1523,"play_id":"ae46becd-159c-4b9e-be74-b8f90f530c26","local_time":"20210214141112","is_ascension_mode":true,"campfire_choices":[{"data":"Accuracy","floor":6,"key":"SMITH"},{"data":"A Thousand Cuts","floor":8,"key":"SMITH"},{"floor":15,"key":"REST"},{"data":"After Image","floor":24,"key":"SMITH"},{"data":"Caltrops","floor":27,"key":"SMITH"},{"data":"Leg Sweep","floor":32,"key":"SMITH"},{"floor":41,"key":"RECALL"},{"data":"Panache","floor":45,"key":"SMITH"},{"data":"Well Laid Plans","floor":49,"key":"SMITH"},{"data":"Dash","floor":52,"key":"SMITH"}],"circlet_count":0,"master_deck":["Strike_G","Defend_G","Defend_G","Defend_G+1","Survivor","Neutralize","Dagger Throw","Prepared+1","Outmaneuver","Dash+1","Dagger Throw","A Thousand Cuts+1","Accuracy+1","Footwork","Cloak And Dagger+1","Caltrops+1","Accuracy","After Image+1","Leg Sweep+1","Phantasmal Killer","Blade Dance","Well Laid Plans+1","Caltrops+1","Blade Dance","Blur+1","Panache+1","Infinite Blades","Backflip+1","Reflex"],"relics":["Velvet Choker","Snake Skull","Bronze Scales","Orrery","Thread and Needle","Bottled Flame","Busted Crown","Sling","Vajra","Bottled Lightning","Membership Card","Tiny Chest","War Paint","Kunai","Juzu Bracelet","MealTicket","Bag of Preparation","NlothsMask","Tiny House","Old Coin","Medical Kit","Strawberry","Question Card","Nunchaku","Darkstone Periapt","Frozen Egg 2","TheAbacus","Lantern","Bag of Marbles","Centennial Puzzle"],"acts_visited":["Exordium","TheCity","TheBeyond","TheEnding"],"potions_floor_usage":[7,10,12,12,16,16,44],"damage_taken":[{"damage":8,"enemies":"Small Slimes","floor":1,"turns":4},{"damage":0,"enemies":"Cultist","floor":2,"turns":4},{"damage":0,"enemies":"2 Louse","floor":3,"turns":2},{"damage":19,"enemies":"Lagavulin","floor":7,"turns":6},{"damage":22,"enemies":"Gremlin Nob","floor":10,"turns":4},{"damage":0,"enemies":"Exordium Thugs","floor":12,"turns":4},{"damage":0,"enemies":"Blue Slaver","floor":13,"turns":3},{"damage":11,"enemies":"2 Fungi Beasts","floor":14,"turns":4},{"damage":2,"enemies":"Slime Boss","floor":16,"turns":9},{"damage":3,"enemies":"Shell Parasite","floor":18,"turns":6},{"damage":0,"enemies":"3 Byrds","floor":20,"turns":3},{"damage":13,"enemies":"3 Cultists","floor":22,"turns":5},{"damage":4,"enemies":"Gremlin Leader","floor":23,"turns":7},{"damage":4,"enemies":"Book of Stabbing","floor":25,"turns":5},{"damage":0,"enemies":"Snecko","floor":28,"turns":6},{"damage":6,"enemies":"Gremlin Leader","floor":29,"turns":7},{"damage":0,"enemies":"Champ","floor":33,"turns":11},{"damage":18,"enemies":"3 Darklings","floor":35,"turns":4},{"damage":0,"enemies":"Mind Bloom Boss Battle","floor":36,"turns":7},{"damage":0,"enemies":"Orb Walker","floor":39,"turns":5},{"damage":24,"enemies":"Reptomancer","floor":40,"turns":7},{"damage":3,"enemies":"4 Shapes","floor":42,"turns":5},{"damage":12,"enemies":"Nemesis","floor":44,"turns":7},{"damage":12,"enemies":"Spire Growth","floor":48,"turns":7},{"damage":18,"enemies":"Donu and Deca","floor":50,"turns":8},{"damage":32,"enemies":"Shield and Spear","floor":54,"turns":6},{"damage":92,"enemies":"The Heart","floor":55,"turns":10}],"seed_played":"-3888561224297628122","potions_obtained":[{"floor":2,"key":"DistilledChaos"},{"floor":10,"key":"SkillPotion"},{"floor":11,"key":"SkillPotion"},{"floor":12,"key":"LiquidMemories"},{"floor":16,"key":"Dexterity Potion"},{"floor":18,"key":"SpeedPotion"},{"floor":23,"key":"Swift Potion"},{"floor":33,"key":"EssenceOfSteel"},{"floor":34,"key":"FairyPotion"}],"is_trial":false,"path_per_floor":["M","M","M","$","?","R","E","R","T","E","?","M","M","M","R","B",null,"M","$","M","$","M","E","R","E","T","R","M","E","?","?","R","B",null,"M","?","$","T","M","E","R","M","T","E","R","?","?","M","R","B",null,"R","$","E","B",null],"character_chosen":"THE_SILENT","items_purchased":["Snake Skull","Bronze Scales","Orrery","Footwork","Cloak And Dagger","PowerPotion","Poison Potion","Sling","Vajra","Bottled Lightning","Dexterity Potion","Blade Dance","Membership Card","Tiny Chest","War Paint","Medical Kit","Strawberry","Question Card","Panache","Infinite Blades","TheAbacus","Lantern","Bag of Marbles","FairyPotion"],"campfire_rested":1,"item_purchase_floors":[4,4,4,4,4,4,4,19,19,19,19,19,21,21,21,37,37,37,37,37,53,53,53,53],"current_hp_per_floor":[62,62,62,62,62,62,43,43,43,21,21,21,21,10,31,29,70,67,67,67,67,54,50,50,46,46,46,46,40,40,40,40,40,75,57,57,79,79,79,55,55,52,52,40,40,40,72,60,60,42,72,72,72,40,20],"gold":1044,"neow_bonus":"BOSS_RELIC","is_daily":false,"chose_seed":false,"campfire_upgraded":8,"win_rate":0.0,"timestamp":1613329872,"path_taken":["M","M","M","$","?","R","E","R","T","E","?","?","M","M","R","BOSS","M","$","M","$","M","E","R","E","T","R","M","E","?","?","R","BOSS","M","?","$","?","M","E","R","M","T","E","R","?","?","M","R","BOSS","R","$","E","BOSS"],"items_purchased_type":["Relic","Relic","Relic","Card","Card","Potion","Potion","Relic","Relic","Relic","Potion","Card","Relic","Relic","Relic","Relic","Relic","Relic","Card","Card","Relic","Relic","Relic","Potion"],"build_version":"2020-12-22","purchased_purges":5,"victory":true,"max_hp_per_floor":[70,70,70,70,70,70,70,70,70,70,70,70,70,70,70,70,70,70,70,70,70,70,70,70,70,70,70,70,70,70,70,70,70,75,75,75,82,82,82,82,82,82,82,82,82,82,72,72,72,72,72,72,72,72,72],"card_choices":[{"not_picked":["Dagger Spray","Calculated Gamble"],"picked":"Dagger Throw","floor":1},{"not_picked":["Deadly Poison","Escape Plan"],"picked":"Prepared","floor":2},{"not_picked":["Backflip","Dagger Spray"],"picked":"Outmaneuver","floor":3},{"not_picked":["Leg Sweep","Poisoned Stab"],"picked":"Dash","floor":4},{"not_picked":["Eviscerate","Dash"],"picked":"Dagger Throw","floor":4},{"not_picked":["PiercingWail","Sucker Punch"],"picked":"A Thousand Cuts","floor":4},{"not_picked":["Flying Knee","Deadly Poison"],"picked":"Accuracy","floor":4},{"not_picked":["Outmaneuver","Catalyst"],"picked":"Caltrops","floor":7},{"not_picked":["Slice","Prepared"],"picked":"Accuracy","floor":10},{"not_picked":["Expertise","Caltrops"],"picked":"After Image","floor":12},{"not_picked":["Poisoned Stab","Bane","Dagger Throw"],"picked":"SKIP","floor":13},{"not_picked":["Dash","Deadly Poison"],"picked":"Leg Sweep","floor":14},{"not_picked":["A Thousand Cuts","Malaise"],"picked":"Phantasmal Killer","floor":16},{"not_picked":["Slice"],"picked":"SKIP","floor":18},{"not_picked":[],"picked":"Well Laid Plans","floor":20},{"not_picked":[],"picked":"Caltrops+1","floor":22},{"not_picked":["Eviscerate"],"picked":"SKIP","floor":23},{"not_picked":["Poisoned Stab"],"picked":"SKIP","floor":25},{"not_picked":["Masterful Stab"],"picked":"SKIP","floor":28},{"not_picked":["Caltrops"],"picked":"SKIP","floor":29},{"not_picked":[],"picked":"Blade Dance","floor":34},{"not_picked":[],"picked":"Blur+1","floor":35},{"not_picked":["Masterful Stab","Finisher+1"],"picked":"SKIP","floor":39},{"not_picked":["Blur","Calculated Gamble+1"],"picked":"SKIP","floor":40},{"not_picked":["Dodge and Roll"],"picked":"Backflip+1","floor":42},{"not_picked":["Bane","Deflect"],"picked":"SKIP","floor":44},{"not_picked":["Dagger Spray"],"picked":"Reflex","floor":48},{"not_picked":["Dagger Spray","Underhanded Strike+1"],"picked":"SKIP","floor":54}],"player_experience":52216,"relics_obtained":[{"floor":7,"key":"Thread and Needle"},{"floor":10,"key":"Bottled Flame"},{"floor":23,"key":"Kunai"},{"floor":25,"key":"Juzu Bracelet"},{"floor":26,"key":"MealTicket"},{"floor":29,"key":"Bag of Preparation"},{"floor":36,"key":"Old Coin"},{"floor":40,"key":"Nunchaku"},{"floor":43,"key":"Darkstone Periapt"},{"floor":44,"key":"Frozen Egg 2"},{"floor":54,"key":"Centennial Puzzle"}],"event_choices":[{"cards_removed":["Defend_G"],"damage_healed":0,"gold_gain":0,"player_choice":"Card Removal","damage_taken":0,"max_hp_gain":0,"max_hp_loss":0,"event_name":"The Cleric","floor":5,"gold_loss":50},{"damage_healed":0,"gold_gain":0,"player_choice":"Bought 3 Potions","damage_taken":0,"max_hp_gain":0,"max_hp_loss":0,"event_name":"The Woman in Blue","floor":11,"gold_loss":0},{"damage_healed":0,"gold_gain":0,"player_choice":"Trade","damage_taken":0,"relics_obtained":["NlothsMask"],"max_hp_gain":0,"max_hp_loss":0,"event_name":"FaceTrader","floor":30,"gold_loss":0},{"damage_healed":0,"gold_gain":0,"player_choice":"Ignored","damage_taken":0,"max_hp_gain":0,"max_hp_loss":0,"event_name":"Vampires","floor":31,"gold_loss":0},{"damage_healed":0,"gold_gain":0,"player_choice":"Fight","damage_taken":0,"max_hp_gain":0,"max_hp_loss":0,"event_name":"MindBloom","floor":36,"gold_loss":0},{"damage_healed":0,"gold_gain":0,"player_choice":"Memory 1","damage_taken":0,"max_hp_gain":0,"max_hp_loss":0,"event_name":"SensoryStone","floor":46,"gold_loss":0},{"damage_healed":72,"gold_gain":0,"player_choice":"Heal","damage_taken":0,"max_hp_gain":0,"max_hp_loss":10,"event_name":"The Moai Head","floor":47,"gold_loss":0}],"is_beta":false,"boss_relics":[{"not_picked":["Cursed Key","Sozu"],"picked":"Busted Crown"},{"not_picked":["WristBlade","HoveringKite"],"picked":"Tiny House"}],"items_purged_floors":[4,19,21,37,53],"is_endless":false,"potions_floor_spawned":[2,10,12,16,18,23,29,33,35,36,44],"ascension_level":3}}