{"host":"8l1qb9w19kzm0lfc","time":1613328843,"event":{"mods":["2.2 Compatiblity","Abigail Mod","Act Like it!","Astrologer","Bard","BaseMod","Beaked The Cultist","CatGirl Mod","Chen","Colored Map","Conspire","Custom Start","Downfall","Duelist Mod","Gremlin Mod","HornydragonMod","Hubris","Infinite Spire","Jorbs\u0027s Wanderer Trilogy","Koishi","LagranYue(???·?)","Mad Scientist","Marisa????????","Minty Spire (QoL Compilation)","Pale of the Ancients","Reimu??????","Relic Sorter","Replay The Spire","Shop Mod","StSLib","SuperFastMode","The Administrix","The Animator","The Blackbeard","The Bug Knight","The Clintock","The Construct","The Cursed","The Elementalist","The Florist","The Gatherer","The Hayseed","The Hierophant","The Jungle","The Mystic","The Necromancer","The Poker Player","The Runesmith","The Saiyan","The Senshi","The Servant 0.9.4","The Spell Scribe","The Wild Card","The Witch"],"gold_per_floor":[113,113,132,132,144,175,175,205,205,205,205,239,253,264,264,368,368,385,412,426,443,29,63,74,74,74,106,121,121,135,148,148,246,246,261,273,4,19,34,62,62,75,126,154,166,194,208,222,222,222],"floor_reached":51,"language":"ENG","playtime":3876,"items_purged":["Runesmith:Defend_RS","Runesmith:Strike_RS"],"score":938,"play_id":"0d9f146b-776a-4740-9b6d-dbe258f664af","local_time":"20210214185403","is_ascension_mode":true,"campfire_choices":[{"data":"Runesmith:Fortify","floor":7,"key":"SMITH"},{"data":"Runesmith:Grindstone","floor":10,"key":"SMITH"},{"data":"Runesmith:Grindstone","floor":15,"key":"SMITH"},{"floor":25,"key":"REST"},{"floor":41,"key":"REST"},{"floor":49,"key":"REST"}],"circlet_count":0,"master_deck":["Runesmith:Strike_RS","Runesmith:Strike_RS","Runesmith:Strike_RS+1","Runesmith:Defend_RS","Runesmith:Defend_RS","Runesmith:Defend_RS","Runesmith:CraftFirestone","Runesmith:Fortify+1","Runesmith:PoweredAnvil+1","Runesmith:Grindstone+1","Runesmith:HammerTime","Runesmith:Grindstone+1","Runesmith:HammerThrow","Apotheosis","Pot Of Greed","Pot Of Greed","Runesmith:HammerThrow+1","Runesmith:HammerTime+1","Runesmith:MetallurgicalResearch","Runesmith:FissionHammer","Runesmith:FissionHammer","Runesmith:FieryHammer","conspire:Banana","Runesmith:PoweredAnvil+1","Pot Of Greed","Runesmith:PoweredAnvil"],"relics":["Runesmith:BrokenRuby","LagranYue:RandomDrawCardRelic","NeowsBlessing","Meat on the Bone","StoneCalendar","Replay:Mystery Machine","infinitespire:Broken Mirror","hubris:PeanutButter","Unceasing Top","Regal Pillow","Grinning Jar","Quantum Egg","conspire:GlowingRock","Whetstone","White Beast Statue","Painkiller Herb","Oddly Smooth Stone","infinitespire:Satchel","Bronze Scales","Gremlin Horn"],"acts_visited":["Exordium","TheCity","TheBeyond"],"potions_floor_usage":[13,13,20,23,28,31,35,38,38,40,42,42,45,46,46,46,50,50],"damage_taken":[{"damage":0,"enemies":"Jaw Worm","floor":1,"turns":1},{"damage":0,"enemies":"infinitespire:Voidling","floor":3,"turns":1},{"damage":0,"enemies":"Small Slimes","floor":5,"turns":1},{"damage":13,"enemies":"Lagavulin","floor":6,"turns":7},{"damage":10,"enemies":"3 Sentries","floor":8,"turns":7},{"damage":0,"enemies":"Lagavulin","floor":12,"turns":6},{"damage":0,"enemies":"Exordium Thugs","floor":13,"turns":4},{"damage":0,"enemies":"Lots of Slimes","floor":14,"turns":4},{"damage":9,"enemies":"Fading Forest","floor":16,"turns":11},{"damage":1,"enemies":"Shell Parasite","floor":18,"turns":7},{"damage":22,"enemies":"Chosen","floor":20,"turns":7},{"damage":10,"enemies":"conspire:HollyBat","floor":21,"turns":7},{"damage":0,"enemies":"HollowMod:Nosk","floor":23,"turns":7},{"damage":27,"enemies":"Shelled Parasite and Fungi","floor":24,"turns":7},{"damage":18,"enemies":"Nightmare","floor":27,"turns":8},{"damage":10,"enemies":"Snecko","floor":28,"turns":6},{"damage":0,"enemies":"conspire:HollyBat","floor":30,"turns":7},{"damage":0,"enemies":"Snake Plant","floor":31,"turns":5},{"damage":52,"enemies":"Automaton","floor":33,"turns":11},{"damage":0,"enemies":"3 Darklings","floor":35,"turns":5},{"damage":0,"enemies":"Orb Walker","floor":36,"turns":4},{"damage":28,"enemies":"Transient","floor":38,"turns":5},{"damage":0,"enemies":"3 Darklings","floor":39,"turns":4},{"damage":11,"enemies":"R_Hoarder","floor":40,"turns":6},{"damage":10,"enemies":"HollowMod:SlobberingHusk","floor":42,"turns":6},{"damage":27,"enemies":"Nightmare","floor":44,"turns":7},{"damage":41,"enemies":"Writhing Mass","floor":45,"turns":4},{"damage":9,"enemies":"Reptomancer","floor":46,"turns":4},{"damage":16,"enemies":"4 Shapes","floor":47,"turns":3},{"damage":2,"enemies":"Spire Growth","floor":48,"turns":5},{"damage":62,"enemies":"infinitespire:MassOfShapes","floor":50,"turns":5}],"seed_played":"7978564741137815746","potions_obtained":[{"floor":1,"key":"Elixir"},{"floor":3,"key":"SpeedPotion"},{"floor":8,"key":"ColorlessPotion"},{"floor":13,"key":"Weak Potion"},{"floor":14,"key":"LiquidBronze"},{"floor":21,"key":"Regen Potion"},{"floor":24,"key":"sneckomod:MuddlingPotion"},{"floor":27,"key":"Fire Potion"},{"floor":30,"key":"Flashbang"},{"floor":31,"key":"EssenceOfSteel"},{"floor":35,"key":"bronze:BurnAndBuffPotion"},{"floor":36,"key":"LifebloodPotion"},{"floor":38,"key":"SpeedPotion"},{"floor":39,"key":"Swift Potion"},{"floor":40,"key":"GamblersBrew"},{"floor":42,"key":"Fruit Juice"},{"floor":44,"key":"Languid Potion"},{"floor":45,"key":"Strength Potion"},{"floor":46,"key":"champ:CounterPotion"},{"floor":47,"key":"Fire Potion"},{"floor":48,"key":"conspire:TimeTravelPotion"}],"is_trial":false,"path_per_floor":["M","?","M","?","M","E","R","E","T","R","$","E","M","M","R","B",null,"M","T","M","M","$","E","M","R","T","NM","M","AVR","M","M","R_BF","B",null,"?","?","T","?","?","E","T","?","T","NM","?","E","?","?","T","B",null],"character_chosen":"RUNESMITH_CLASS","items_purchased":["hubris:PeanutButter","Apotheosis","Grinning Jar","Runesmith:FissionHammer","Runesmith:FieryHammer","conspire:Banana"],"campfire_rested":3,"item_purchase_floors":[11,22,22,37,37,37],"current_hp_per_floor":[70,70,70,70,70,57,57,47,47,47,31,43,43,43,43,56,70,69,69,47,37,37,52,37,70,70,52,42,42,42,42,70,30,70,70,70,70,43,45,47,74,70,70,45,17,22,20,31,72,46],"gold":222,"neow_bonus":"THREE_ENEMY_KILL","is_daily":false,"chose_seed":false,"campfire_upgraded":3,"win_rate":0.0,"timestamp":1613328843,"path_taken":["M","?","?","?","M","E","R","E","T","R","?","E","?","M","R","BOSS","M","?","M","M","$","E","M","R","T","NM","M","AVR","?","M","R_BF","BOSS","?","?","T","?","?","E","T","?","T","NM","?","E","?","?","T","BOSS"],"items_purchased_type":["Relic","Card","Relic","Card","Card","Card"],"build_version":"2020-12-22","purchased_purges":2,"victory":true,"max_hp_per_floor":[70,70,70,70,70,70,70,70,70,70,70,70,70,70,70,70,70,70,70,70,70,70,70,70,70,70,70,70,70,70,70,70,70,70,70,70,70,71,73,74,74,80,80,82,83,85,87,88,88,90],"card_choices":[{"not_picked":["Runesmith:RunicBlueprint","Runesmith:Overpower"],"picked":"Runesmith:PoweredAnvil","floor":1},{"not_picked":["Runesmith:Prism","Runesmith:Firestorm","Runesmith:RuneHurl"],"picked":"SKIP","floor":3},{"not_picked":["Runesmith:ChiselStab","Runesmith:RuneHurl","Runesmith:BackupBattery"],"picked":"SKIP","floor":5},{"not_picked":["Runesmith:CraftMagma","Runesmith:EnergizedChisel","Runesmith:CraftSpiculum"],"picked":"SKIP","floor":6},{"not_picked":["Runesmith:LithiumIon","Runesmith:LastStand"],"picked":"Runesmith:Grindstone","floor":8},{"not_picked":["Runesmith:PerfectChisel","Runesmith:EnergizedChisel"],"picked":"Runesmith:HammerTime","floor":12},{"not_picked":["Runesmith:HeatedChisel","Runesmith:CraftIncendium","Runesmith:CraftObretio"],"picked":"SKIP","floor":13},{"not_picked":["Runesmith:BackupBattery","Runesmith:CraftReservo"],"picked":"Runesmith:Grindstone","floor":14},{"not_picked":["Runesmith:PerfectChisel","Runesmith:OneForEveryone","Runesmith:EarthShield"],"picked":"SKIP","floor":18},{"not_picked":["Runesmith:ShiftingStrike","Runesmith:NanitesCloud+1","Runesmith:Prism+1"],"picked":"SKIP","floor":20},{"not_picked":["Runesmith:ShiftingStrike","Runesmith:NanitesCloud+1","Runesmith:Prism+1"],"picked":"SKIP","floor":20},{"not_picked":["Runesmith:Malloc","Runesmith:HeatExchange"],"picked":"Runesmith:HammerThrow","floor":21},{"not_picked":["Runesmith:Superposition","Runesmith:StaticCage+1"],"picked":"Runesmith:HammerThrow","floor":23},{"not_picked":["Runesmith:HammerThrow","Runesmith:StaticCage","Runesmith:BackupBattery"],"picked":"SKIP","floor":24},{"not_picked":["Runesmith:CraftProtectio","Runesmith:UnlimitedPower","Runesmith:RuneHurl"],"picked":"SKIP","floor":27},{"not_picked":["Runesmith:Repurpose+1","Runesmith:EarthShield"],"picked":"Runesmith:HammerTime","floor":28},{"not_picked":["Runesmith:HammerThrow","Runesmith:Prism+1","Runesmith:Attraction+1"],"picked":"SKIP","floor":30},{"not_picked":["Runesmith:HammerThrow+1","Runesmith:LastStand","Runesmith:EarthShield"],"picked":"SKIP","floor":31},{"not_picked":["Runesmith:HammerThrow+1","Runesmith:LastStand","Runesmith:EarthShield"],"picked":"SKIP","floor":31},{"not_picked":["Runesmith:DuctTape","Runesmith:Supernova"],"picked":"Runesmith:MetallurgicalResearch","floor":33},{"not_picked":["Runesmith:Empowerment","Runesmith:HeatedChisel+1","Runesmith:StaticCage"],"picked":"SKIP","floor":35},{"not_picked":["Runesmith:RuneHurl","Runesmith:CraftProtectio+1","Runesmith:EarthShield"],"picked":"SKIP","floor":36},{"not_picked":["Runesmith:EarthShield","Runesmith:Discharge","Runesmith:HeatExchange+1"],"picked":"SKIP","floor":38},{"not_picked":["Runesmith:HammerAndChisel","Runesmith:Accelerate","Runesmith:UnstableHammer+1"],"picked":"SKIP","floor":39},{"not_picked":["Runesmith:HeatedChisel","Runesmith:ChiselStab+1","Runesmith:Overpower+1"],"picked":"SKIP","floor":40},{"not_picked":["Runesmith:HammerThrow","Runesmith:Firewall+1","Runesmith:ChargedHammer"],"picked":"SKIP","floor":42},{"not_picked":["Runesmith:EnergizedChisel","Runesmith:Augment","Runesmith:ChiselStab"],"picked":"SKIP","floor":44},{"not_picked":["Runesmith:Overpower","Runesmith:CraftMagma"],"picked":"Runesmith:PoweredAnvil+1","floor":45},{"not_picked":["Runesmith:LithiumIon+1","Runesmith:ShiftingStrike+1","Runesmith:HammerThrow+1"],"picked":"SKIP","floor":46},{"not_picked":["Runesmith:Empowerment","Runesmith:CraftSpiculum+1","Runesmith:BackupBattery+1"],"picked":"SKIP","floor":47},{"not_picked":["Runesmith:Duplicate","Runesmith:HeatedChisel"],"picked":"Runesmith:PoweredAnvil","floor":48}],"player_experience":518061,"relics_obtained":[{"floor":2,"key":"Meat on the Bone"},{"floor":6,"key":"StoneCalendar"},{"floor":8,"key":"Replay:Mystery Machine"},{"floor":9,"key":"infinitespire:Broken Mirror"},{"floor":12,"key":"Unceasing Top"},{"floor":19,"key":"Regal Pillow"},{"floor":23,"key":"Quantum Egg"},{"floor":26,"key":"conspire:GlowingRock"},{"floor":27,"key":"Whetstone"},{"floor":40,"key":"Oddly Smooth Stone"},{"floor":43,"key":"infinitespire:Satchel"},{"floor":44,"key":"Bronze Scales"},{"floor":46,"key":"Gremlin Horn"}],"event_choices":[{"damage_healed":0,"gold_gain":0,"player_choice":"Relic","damage_taken":0,"max_hp_gain":0,"max_hp_loss":0,"event_name":"Wheel of Change","floor":2,"gold_loss":0},{"damage_healed":0,"gold_gain":0,"player_choice":"Grow","damage_taken":0,"max_hp_gain":0,"max_hp_loss":0,"event_name":"Living Wall","floor":4,"gold_loss":0,"cards_upgraded":["Runesmith:PoweredAnvil"]}],"is_beta":false,"boss_relics":[{"not_picked":["Honey Jar","hubris:VirtuousBlindfold","Replay:Ancient Bell"]},{"not_picked":["Astrolabe","hubris:Backtick"],"picked":"Painkiller Herb"}],"items_purged_floors":[22,29],"is_endless":false,"potions_floor_spawned":[1,3,8,12,13,14,18,21,24,27,30,31,33,35,36,38,39,40,42,44,45,46,47,48],"ascension_level":2}}