{"host":"d17dpptiltdcqz9s","time":1613318305,"event":{"mods":["BaseMod","Colored Powertips","Downfall","Minty Spire (QoL Compilation)","Replay The Spire","StSLib"],"gold_per_floor":[99,117,129,129,194,226,226,28,28,55,55,72,7,7,26,126,126,26,11,21,37,57,199,199,211,211,236,1,1,1,35,64,183,183,183,225,225,265,265,265,265,298,108,138,166,166,209,228,258,268],"floor_reached":51,"language":"ZHS","playtime":3828,"items_purged":["champ:Defend","champ:Strike","champ:Defend","champ:Strike","Injury"],"score":736,"play_id":"8f87c6dd-2309-45d9-be9f-4af264bf4731","local_time":"20210214235825","is_ascension_mode":true,"campfire_choices":[{"data":"champ:Strike","floor":1.0,"key":"PURGE"},{"floor":11.0,"key":"RECALL"},{"data":"champ:UltimateStance","floor":18.0,"key":"SMITH"},{"data":"champ:Taunt","floor":26.0,"key":"SMITH"},{"floor":30.0,"key":"REST"},{"data":"champ:CalledShot","floor":46,"key":"SMITH"}],"circlet_count":0,"master_deck":["champ:Execute","champ:Taunt+1","champ:FanOfKnives","champ:FocusedBerserking","champ:ArenaPreparation","champ:PreciseThrust","champ:FocusedDefense","champ:FaceSlap","Panacea","champ:ShieldThrow","champ:EnragedBash","champ:UltimateStance+1","champ:LastStand","champ:GutPunch","champ:StanceDance","champ:IronFortress","champ:CalledShot+1","Replay:SS_hec_1","champ:Improvising","champ:UltimateStance+1","champ:IronFortress+1","Replay:SS_forest_2","champ:RecklessLeap+1","champ:CalledShot","champ:CalledShot","champ:ShieldWall+1"],"relics":["champ:ChampionCrown","Replay:Rubber Ducky","Pondfish Scales","Garlic","Membership Card","Iron Hammer","Empty Cage","downfall:HeartBlessingRed","OrangePellets","Bottled Lightning","Du-Vu Doll","Replay:Baseball","Replay:Bandana","Astrolabe","Counterbalance","Chemical X","Replay:Multitool"],"acts_visited":["Exordium","TheCity","TheBeyond"],"potions_floor_usage":[44,50,50,50],"damage_taken":[{"damage":10.0,"enemies":"Small Slimes","floor":2.0,"turns":4.0},{"damage":14.0,"enemies":"2 Louse","floor":3.0,"turns":3.0},{"damage":52.0,"enemies":"3 Sentries","floor":6.0,"turns":4.0},{"damage":35.0,"enemies":"downfall:FleeingMerchant","floor":8.0,"turns":4.0},{"damage":49.0,"enemies":"Lagavulin","floor":10.0,"turns":6.0},{"damage":0.0,"enemies":"Jaw Worm","floor":12.0,"turns":2.0},{"damage":47.0,"enemies":"downfall:FleeingMerchant","floor":13.0,"turns":4.0},{"damage":5.0,"enemies":"2 Fungi Beasts","floor":15.0,"turns":2.0},{"damage":48.0,"enemies":"DF_ARCHETYPE_STREAMLINE","floor":16.0,"turns":5.0},{"damage":37.0,"enemies":"downfall:FleeingMerchant","floor":19.0,"turns":4.0},{"damage":26.0,"enemies":"Spheric Guardian","floor":20.0,"turns":3.0},{"damage":35.0,"enemies":"Shell Parasite","floor":21.0,"turns":3.0},{"damage":67.0,"enemies":"Chosen and Byrds","floor":22.0,"turns":7.0},{"damage":26.0,"enemies":"downfall:FleeingMerchant","floor":23.0,"turns":4.0},{"damage":25.0,"enemies":"Cultist and Chosen","floor":25.0,"turns":5.0},{"damage":72.0,"enemies":"Gremlin Leader","floor":27.0,"turns":6.0},{"damage":47.0,"enemies":"Replay:Snechameleon","floor":31.0,"turns":4.0},{"damage":35.0,"enemies":"Sentry and Sphere","floor":32.0,"turns":3.0},{"damage":57.0,"enemies":"IC_MUSHROOM_ARCHETYPE","floor":33.0,"turns":5.0},{"damage":41.0,"enemies":"3 Darklings","floor":36.0,"turns":4.0},{"damage":30.0,"enemies":"3 Shapes","floor":38.0,"turns":4.0},{"damage":15,"enemies":"Jaw Worm Horde","floor":42,"turns":3},{"damage":60,"enemies":"Writhing Mass","floor":44,"turns":2},{"damage":45,"enemies":"3 Darklings","floor":45,"turns":4},{"damage":69,"enemies":"Giant Head","floor":47,"turns":5},{"damage":45,"enemies":"Jaw Worm Horde","floor":48,"turns":4},{"damage":48,"enemies":"Writhing Mass","floor":49,"turns":3},{"damage":66,"enemies":"WA_ARCHETYPE_DIVINITY","floor":50,"turns":6}],"seed_played":"-6879772755023369599","potions_obtained":[{"floor":2.0,"key":"Regen Potion"},{"floor":5.0,"key":"Strength Potion"},{"floor":5.0,"key":"Strength Potion"},{"floor":10.0,"key":"Guardian:BlockOnCardUsePotion"},{"floor":15.0,"key":"Adrenaline Potion"},{"floor":20.0,"key":"champ:OpenerPotion"},{"floor":21.0,"key":"Guardian:BlockOnCardUsePotion"},{"floor":25.0,"key":"DistilledChaos"},{"floor":27.0,"key":"champ:OpenerPotion"},{"floor":29.0,"key":"CultistPotion"},{"floor":36.0,"key":"Fire Potion"},{"floor":38.0,"key":"Fire Potion"},{"floor":42,"key":"GamblersBrew"},{"floor":48,"key":"champ:OpenerPotion"}],"is_trial":false,"path_per_floor":["R","M","M","?","?","E","T","$","?","E","R","M","$","?","M","B",null,"R","$","M","M","M","$","T","M","R","E","$","?","R","E","M","B",null,"R","M","?","M","?","?","T","M","$","M","M","R","E","M","M","B",null],"character_chosen":"THE_CHAMP","items_purchased":["Membership Card","OrangePellets","SteroidPotion","champ:IronFortress","Replay:Baseball","champ:CalledShot","Replay:SS_hec_1","Chemical X","champ:CalledShot"],"campfire_rested":1,"item_purchase_floors":[8,23,23,23,28,28,28,43,43],"current_hp_per_floor":[99,99,95,95,95,95,95,95,95,76,76,76,74,74,69,41,99,99,92,86,86,79,78,78,78,78,56,56,56,85,83,83,76,99,99,99,99,89,79,79,79,79,79,79,79,79,70,70,67,48],"gold":268,"neow_bonus":"TEN_PERCENT_HP_BONUS","is_daily":false,"chose_seed":false,"campfire_upgraded":3,"win_rate":0.0,"timestamp":1613318305,"path_taken":["R","M","M","?","?","E","T","?","?","E","R","M","$","?","M","BOSS","R","$","M","M","M","$","T","M","R","E","?","?","R","E","M","BOSS","R","M","?","M","?","?","T","M","$","M","M","R","E","M","M","BOSS"],"items_purchased_type":["Relic","Relic","Potion","Card","Relic","Card","Card","Relic","Card"],"build_version":"2020-12-22","purchased_purges":5,"victory":true,"max_hp_per_floor":[99,99,99,99,99,99,99,99,99,99,99,99,99,99,99,99,99,99,99,99,99,99,99,99,99,99,99,99,99,99,99,99,99,99,99,99,99,99,99,99,99,99,99,99,99,99,99,99,99,99],"card_choices":[{"not_picked":["champ:EnGarde","champ:Shatter"],"picked":"champ:FanOfKnives","floor":2.0},{"not_picked":["champ:Shatter","champ:AdrenalArmor"],"picked":"champ:FocusedBerserking","floor":3.0},{"not_picked":["champ:CrownThrow","champ:FanOfKnives"],"picked":"champ:ArenaPreparation","floor":5.0},{"not_picked":["champ:RapidStrikes","champ:Circumvent"],"picked":"champ:PreciseThrust","floor":6.0},{"not_picked":["champ:FanOfKnives","champ:SwordThrow"],"picked":"champ:FocusedDefense","floor":8.0},{"not_picked":["champ:PreciseThrust","champ:FanOfKnives"],"picked":"champ:FaceSlap","floor":10.0},{"not_picked":["champ:CrownThrow","champ:Encircle"],"picked":"champ:Backstep","floor":12.0},{"not_picked":["champ:Shatter","champ:FlashCut","champ:CrownThrow"],"picked":"SKIP","floor":13.0},{"not_picked":["champ:FlashCut","champ:StanceDance"],"picked":"champ:UltimateStance","floor":15.0},{"not_picked":["champ:DancingMaster","champ:HeavySlash"],"picked":"champ:LastStand","floor":16.0},{"not_picked":["champ:DeathBlow","champ:PreciseThrust","champ:SkillfulDodge+1"],"picked":"SKIP","floor":19.0},{"not_picked":["champ:Duel","champ:DefensiveStyle","champ:FanOfKnives"],"picked":"SKIP","floor":20.0},{"not_picked":["champ:AdrenalArmor","champ:PerfectedStrike","champ:DefensiveShout"],"picked":"SKIP","floor":21.0},{"not_picked":["champ:PerfectedStrike+1","champ:FlashCut"],"picked":"champ:GutPunch","floor":22.0},{"not_picked":["champ:DefensiveStyle+1","champ:ViciousMockery+1"],"picked":"champ:StanceDance","floor":23.0},{"not_picked":["champ:CrownThrow","champ:SetATrap","champ:EnragedBash"],"picked":"SKIP","floor":25.0},{"not_picked":["champ:Parry+1","champ:PreciseThrust","champ:BladeFlurry+1"],"picked":"SKIP","floor":27.0},{"not_picked":["champ:FlashCut+1","champ:Endure","champ:Backstep"],"picked":"SKIP","floor":31.0},{"not_picked":["champ:ShieldThrow","champ:FaceSlap+1","champ:Circumvent"],"picked":"SKIP","floor":32.0},{"not_picked":["champ:UltimateStance","champ:LastStand"],"picked":"champ:Improvising","floor":33.0},{"not_picked":["champ:BringItOn","champ:Shatter","champ:BerserkersShout+1"],"picked":"SKIP","floor":36.0},{"not_picked":["champ:EnGarde+1","champ:DefensiveShout+1"],"picked":"champ:IronFortress+1","floor":38.0},{"not_picked":["expansioncontent:HyperBeam","Replay:SS_fish_1"],"picked":"Replay:SS_forest_2","floor":39},{"not_picked":["champ:PreciseThrust+1","champ:SteelEdge"],"picked":"champ:RecklessLeap+1","floor":42},{"not_picked":["champ:PreciseThrust","champ:EnragedBash","champ:FancyFootwork"],"picked":"SKIP","floor":44},{"not_picked":["champ:TornadoPunch+1","champ:ViciousMockery+1"],"picked":"champ:ShieldWall+1","floor":45},{"not_picked":["champ:EnGarde+1","champ:Improvising","champ:Shatter"],"picked":"SKIP","floor":47},{"not_picked":["champ:BerserkersShout","champ:DefensiveShout","champ:GutPunch"],"picked":"SKIP","floor":48},{"not_picked":["champ:SkillfulDodge+1","champ:FlashCut","champ:AdrenalArmor"],"picked":"SKIP","floor":49}],"player_experience":252238,"relics_obtained":[{"floor":5.0,"key":"Replay:Rubber Ducky"},{"floor":6.0,"key":"Pondfish Scales"},{"floor":7.0,"key":"Garlic"},{"floor":10.0,"key":"Iron Hammer"},{"floor":24.0,"key":"Bottled Lightning"},{"floor":27.0,"key":"Du-Vu Doll"},{"floor":31.0,"key":"Replay:Bandana"},{"floor":41,"key":"Counterbalance"},{"floor":47,"key":"Replay:Multitool"}],"event_choices":[{"cards_removed":["champ:BerserkersShout"],"damage_healed":0.0,"max_hp_gain":0.0,"max_hp_loss":0.0,"gold_gain":0.0,"event_name":"Falling","player_choice":"Removed Skill","floor":37.0,"gold_loss":0.0,"damage_taken":0.0},{"damage_healed":0,"gold_gain":0,"player_choice":"Ignored","damage_taken":0,"max_hp_gain":0,"max_hp_loss":0,"event_name":"Mysterious Sphere","floor":40,"gold_loss":0}],"is_beta":false,"boss_relics":[{"not_picked":["Fusion Hammer","Painkiller Herb"],"picked":"Empty Cage"},{"not_picked":["Snecko Eye","Kintsugi"],"picked":"Astrolabe"}],"items_purged_floors":[8,13,23,28,43],"is_endless":false,"potions_floor_spawned":[2,10,15,20,21,25,27,31,36,38,42,48],"ascension_level":1}}