{"host":"0rxdudjy6rylha1k","time":1613311862,"event":{"mods":["Aspiration","BaseMod","Colored Map","Colored Powertips","Downfall","Highlight Path","Hubris","Minty Spire (QoL Compilation)","StSLib"],"gold_per_floor":[99,113,128,147,147,177,177,177,177,177,177,177],"floor_reached":10,"language":"ENG","playtime":593,"items_purged":[],"score":102,"play_id":"5ef03e66-334a-484e-bcd4-540e0069803e","local_time":"20210214071102","is_ascension_mode":true,"campfire_choices":[{"floor":1,"key":"RECALL"}],"circlet_count":0,"master_deck":["AscendersBane","Guardian:Strike_Guardian","Guardian:Strike_Guardian","Guardian:Strike_Guardian","Guardian:Strike_Guardian","Guardian:Defend_Guardian","Guardian:Defend_Guardian","Guardian:Defend_Guardian","Guardian:Defend_Guardian","Guardian:CurlUp","Guardian:TwinSlam","Guardian:Gem_Cyan","Guardian:Gem_White","Guardian:Gem_Red","Guardian:StasisEngine","Guardian:Gem_Cyan"],"relics":["Runic Pyramid"],"acts_visited":["Exordium"],"potions_floor_usage":[4],"damage_taken":[{"damage":1,"enemies":"Cultist","floor":2,"turns":4},{"damage":7,"enemies":"Jaw Worm","floor":3,"turns":4},{"damage":2,"enemies":"Small Slimes","floor":4,"turns":3},{"damage":39,"enemies":"3 Sentries","floor":6,"turns":14},{"damage":35,"enemies":"Lagavulin","floor":10,"turns":6}],"seed_played":"-6816240157227270419","potions_obtained":[{"floor":3,"key":"Fire Potion"},{"floor":6,"key":"Guardian:AcceleratePotion"}],"is_trial":false,"path_per_floor":["R","M","M","M","?","E","T","?","$","E"],"character_chosen":"GUARDIAN","items_purchased":[],"campfire_rested":0,"item_purchase_floors":[],"current_hp_per_floor":[72,71,64,62,62,23,23,23,23,0,0,0],"gold":177,"neow_bonus":"BOSS_RELIC","is_daily":false,"chose_seed":false,"campfire_upgraded":0,"win_rate":0.0,"timestamp":1613311862,"path_taken":["R","M","M","?","?","E","T","?","?","E"],"items_purchased_type":[],"build_version":"2020-12-22","purchased_purges":0,"victory":false,"max_hp_per_floor":[80,80,80,80,80,80,80,80,80,80,80,80],"card_choices":[{"not_picked":["Guardian:Gem_Green","Guardian:CrystalBeam"],"picked":"Guardian:Gem_Cyan","floor":2},{"not_picked":["Guardian:PrimingBeam","Guardian:Gem_Cyan"],"picked":"Guardian:Gem_White","floor":3},{"not_picked":["Guardian:CrystalBeam","Guardian:Gem_Green"],"picked":"Guardian:Gem_Red","floor":4},{"not_picked":["Guardian:Recover","Guardian:ShieldSpikes"],"picked":"Guardian:Gem_Cyan","floor":6}],"player_experience":2931658,"relics_obtained":[],"event_choices":[],"is_beta":false,"boss_relics":[],"items_purged_floors":[],"is_endless":false,"potions_floor_spawned":[3,6],"killed_by":"Lagavulin","ascension_level":11}}