{"host":"q6ff4ns2kep02ti6","time":1613329255,"event":{"mods":["AchievementEnabler","BaseMod","Minty Spire (QoL Compilation)","Relic Stats","StSLib","Unceasing Turn Reminder"],"gold_per_floor":[118,118,135,145,161,161,215,215,215],"floor_reached":8,"language":"ENG","playtime":2244,"items_purged":[],"score":96,"play_id":"ef72ce42-f143-4a48-87db-e1b5e41578df","local_time":"20210214200055","is_ascension_mode":true,"campfire_choices":[{"data":"Flame Barrier","floor":6,"key":"SMITH"}],"circlet_count":0,"master_deck":["AscendersBane","Strike_R","Strike_R","Strike_R","Strike_R","Defend_R","Defend_R","Defend_R","Defend_R","Bash","Limit Break","Twin Strike","Flame Barrier+1"],"relics":["Burning Blood","Bag of Preparation"],"acts_visited":["Exordium"],"potions_floor_usage":[5,8,8],"damage_taken":[{"damage":7,"enemies":"Cultist","floor":1,"turns":4},{"damage":9,"enemies":"Jaw Worm","floor":3,"turns":4},{"damage":7,"enemies":"2 Louse","floor":4,"turns":2},{"damage":32,"enemies":"Gremlin Gang","floor":5,"turns":6},{"damage":49,"enemies":"Lagavulin","floor":8,"turns":10}],"seed_played":"-2943205111951356567","potions_obtained":[{"floor":1,"key":"BloodPotion"},{"floor":3,"key":"DuplicationPotion"},{"floor":5,"key":"FearPotion"}],"is_trial":false,"path_per_floor":["M","?","M","M","M","R","T","E"],"character_chosen":"IRONCLAD","items_purchased":[],"campfire_rested":0,"item_purchase_floors":[],"current_hp_per_floor":[67,60,57,56,45,45,45,0,0],"gold":215,"neow_bonus":"ONE_RANDOM_RARE_CARD","is_daily":false,"chose_seed":false,"campfire_upgraded":1,"win_rate":0.0,"timestamp":1613329255,"path_taken":["M","?","M","M","M","R","?","E"],"items_purchased_type":[],"build_version":"2020-12-22","purchased_purges":0,"victory":false,"max_hp_per_floor":[75,75,75,75,75,75,75,75,75],"relic_stats":{"counters":[5,26],"Bag of Preparation":[2],"obtain_stats":[{"Bag of Preparation":7,"Burning Blood":0},{"Bag of Preparation":4,"Burning Blood":0},{"Bag of Preparation":16,"Burning Blood":0}],"Burning Blood":24},"card_choices":[{"not_picked":["Seeing Red","Iron Wave"],"picked":"Twin Strike","floor":1},{"not_picked":["Bloodletting","Metallicize","Heavy Blade"],"picked":"SKIP","floor":3},{"not_picked":["Wild Strike","Armaments"],"picked":"Flame Barrier","floor":4},{"not_picked":["Infernal Blade","Twin Strike","Clash"],"picked":"SKIP","floor":5},{"not_picked":["Infernal Blade","Twin Strike","Clash"],"picked":"SKIP","floor":5},{"not_picked":["Infernal Blade","Twin Strike","Clash"],"picked":"SKIP","floor":5},{"not_picked":["Infernal Blade","Twin Strike","Clash"],"picked":"SKIP","floor":5},{"not_picked":["Infernal Blade","Twin Strike","Clash"],"picked":"SKIP","floor":5},{"not_picked":["Infernal Blade","Twin Strike","Clash"],"picked":"SKIP","floor":5},{"not_picked":["Infernal Blade","Twin Strike","Clash"],"picked":"SKIP","floor":5}],"player_experience":1058423,"relics_obtained":[{"floor":7,"key":"Bag of Preparation"}],"event_choices":[{"cards_removed":["Strike_R"],"damage_healed":0,"gold_gain":0,"player_choice":"Card Removal","damage_taken":7,"max_hp_gain":0,"max_hp_loss":0,"event_name":"Golden Wing","floor":2,"gold_loss":0}],"is_beta":false,"boss_relics":[],"items_purged_floors":[],"is_endless":false,"potions_floor_spawned":[1,3,5],"killed_by":"Lagavulin","ascension_level":20}}