{"host":"sum4dy402bbv9y4o","time":1613330531,"event":{"mods":["Aspiration","BaseMod","Conspire","Highlight Path","Minty Spire (QoL Compilation)","StSLib"],"gold_per_floor":[114,189,202,46,46,71,71,100,173,187,202,202,215,35,35,107,107,125,141,161,30,46,78,78,105,105,105,52,84,84,99,99,99,99],"floor_reached":33,"language":"ENG","playtime":1220,"items_purged":["Strike_P","Strike_P"],"score":780,"play_id":"2279f7f8-c7aa-49af-b42d-ff3194775ade","local_time":"20210214222211","is_ascension_mode":true,"campfire_choices":[{"data":"Eruption","floor":7,"key":"SMITH"},{"data":"FlurryOfBlows","floor":12,"key":"SMITH"},{"data":"FlurryOfBlows","floor":15,"key":"SMITH"},{"floor":24,"key":"REST"},{"floor":27,"key":"REST"},{"data":"Wallop","floor":30,"key":"SMITH"},{"floor":32,"key":"REST"}],"circlet_count":0,"master_deck":["AscendersBane","Strike_P+1","Defend_P+1","Defend_P+1","Defend_P+1","Eruption+1","Vigilance","FlurryOfBlows+1","FlurryOfBlows+1","EmptyBody","Halt","WindmillStrike","ReachHeaven","EmptyFist","Vengeance","EmptyBody","EmptyFist","LessonLearned","Tantrum+1","Protect+1","Halt","Wallop+1","FlurryOfBlows"],"relics":["PureWater","NeowsBlessing","Pen Nib","Regal Pillow","Thread and Needle","Eternal Feather","Empty Cage","Pear","WingedGreaves","Frozen Egg 2","Boot"],"acts_visited":["Exordium","TheCity"],"potions_floor_usage":[18,19,22,23,25,29],"damage_taken":[{"damage":0,"enemies":"2 Louse","floor":1,"turns":1},{"damage":0,"enemies":"Cultist","floor":3,"turns":1},{"damage":0,"enemies":"Gremlin Nob","floor":6,"turns":1},{"damage":3,"enemies":"3 Sentries","floor":8,"turns":6},{"damage":3,"enemies":"Jaw Worm","floor":10,"turns":4},{"damage":3,"enemies":"3 Louse","floor":11,"turns":3},{"damage":4,"enemies":"Blue Slaver","floor":13,"turns":2},{"damage":0,"enemies":"Slime Boss","floor":16,"turns":4},{"damage":14,"enemies":"2 Thieves","floor":18,"turns":3},{"damage":0,"enemies":"Shell Parasite","floor":19,"turns":3},{"damage":8,"enemies":"Sentry and Sphere","floor":20,"turns":5},{"damage":8,"enemies":"3 Cultists","floor":22,"turns":4},{"damage":31,"enemies":"Book of Stabbing","floor":23,"turns":5},{"damage":55,"enemies":"Slavers","floor":25,"turns":8},{"damage":36,"enemies":"Gremlin Leader","floor":29,"turns":6},{"damage":17,"enemies":"Shelled Parasite and Fungi","floor":31,"turns":5},{"damage":124,"enemies":"Collector","floor":33,"turns":8}],"seed_played":"5726449871862680035","potions_obtained":[{"floor":11,"key":"DistilledChaos"},{"floor":13,"key":"LiquidBronze"},{"floor":16,"key":"AttackPotion"},{"floor":18,"key":"SkillPotion"},{"floor":22,"key":"PowerPotion"},{"floor":25,"key":"LiquidBronze"}],"is_trial":false,"path_per_floor":["M","?","M","$","?","E","R","E","T","M","M","R","M","$","R","B",null,"M","M","M","$","M","E","R","E","T","R","$","E","R","M","R","B"],"character_chosen":"WATCHER","items_purchased":["FlurryOfBlows","EmptyBody","EmptyBody","EmptyFist","Regen Potion","Halt","PowerPotion"],"campfire_rested":3,"item_purchase_floors":[4,4,14,14,21,21,28],"current_hp_per_floor":[61,50,50,50,50,50,50,47,47,44,41,50,46,46,55,55,65,51,51,43,43,47,26,76,21,21,71,71,35,47,30,78,0,0],"gold":99,"neow_bonus":"THREE_ENEMY_KILL","is_daily":false,"chose_seed":false,"campfire_upgraded":4,"win_rate":0.0,"timestamp":1613330531,"path_taken":["M","?","M","$","?","E","R","E","T","M","?","R","M","?","R","BOSS","M","M","M","$","M","E","R","E","T","R","$","E","R","M","R","BOSS"],"items_purchased_type":["Card","Card","Card","Card","Potion","Card","Potion"],"build_version":"2020-12-22","purchased_purges":2,"victory":false,"max_hp_per_floor":[68,68,68,68,68,68,68,68,68,68,68,68,68,68,68,68,68,68,68,68,68,68,78,78,78,78,78,78,78,78,78,78,78,78],"card_choices":[{"not_picked":["ThirdEye","Consecrate"],"picked":"FlurryOfBlows","floor":1},{"not_picked":["CarveReality","PathToVictory"],"picked":"FollowUp","floor":3},{"not_picked":["Crescendo","WaveOfTheHand"],"picked":"Halt","floor":6},{"not_picked":["Alpha","Wireheading"],"picked":"WindmillStrike","floor":8},{"not_picked":["Evaluate","ClearTheMind"],"picked":"ReachHeaven","floor":10},{"not_picked":["PathToVictory","Crescendo"],"picked":"EmptyFist","floor":11},{"not_picked":["Meditate","JustLucky"],"picked":"Vengeance","floor":13},{"not_picked":["Brilliance","Devotion"],"picked":"LessonLearned","floor":16},{"not_picked":["CrushJoints+1","SashWhip"],"picked":"Tantrum","floor":18},{"not_picked":["FollowUp","PathToVictory"],"picked":"Protect+1","floor":19},{"not_picked":["JustLucky","EmptyFist","Study+1"],"picked":"SKIP","floor":20},{"not_picked":["Worship+1","ReachHeaven","CrushJoints"],"picked":"SKIP","floor":22},{"not_picked":["JustLucky","Prostrate","ThirdEye"],"picked":"SKIP","floor":23},{"not_picked":["Collect","WindmillStrike"],"picked":"Wallop","floor":25},{"not_picked":["BattleHymn+1","Study+1","DevaForm+1"],"picked":"SKIP","floor":29},{"not_picked":["DeceiveReality","CrushJoints"],"picked":"FlurryOfBlows","floor":31}],"player_experience":3104751,"relics_obtained":[{"floor":6,"key":"Regal Pillow"},{"floor":8,"key":"Thread and Needle"},{"floor":9,"key":"Eternal Feather"},{"floor":23,"key":"Pear"},{"floor":25,"key":"WingedGreaves"},{"floor":26,"key":"Frozen Egg 2"},{"floor":29,"key":"Boot"}],"event_choices":[{"damage_healed":0,"gold_gain":75,"player_choice":"Gather Gold","damage_taken":11,"max_hp_gain":0,"max_hp_loss":0,"event_name":"World of Goop","floor":2,"gold_loss":0},{"cards_removed":["FollowUp"],"damage_healed":0,"gold_gain":0,"player_choice":"Gave Card","damage_taken":0,"relics_obtained":["Pen Nib"],"max_hp_gain":0,"max_hp_loss":0,"event_name":"WeMeetAgain","floor":5,"gold_loss":0}],"is_beta":false,"boss_relics":[{"not_picked":["Runic Dome","Cursed Key"],"picked":"Empty Cage"}],"items_purged_floors":[4,14],"is_endless":false,"potions_floor_spawned":[11,13,16,18,22,25],"killed_by":"Collector","ascension_level":20}}