{"host":"rw1trt79hfpl7pom","time":1613296652,"event":{"mods":["BaseMod","Bestiary","Colored Map","Minty Spire (QoL Compilation)","Relic Stats","StSLib","SuperFastMode"],"gold_per_floor":[111,111,186,196,121,133,4,33,80,99,124,144,161,195,195,266,266,303,218,218,218,9,9,74,94,94,94,94,94,18,58,58,159,159,201,201,201,251,251,314,357,418,442,86,144,187,262,308,308,338,368,368,368,87,122,122],"floor_reached":57,"language":"ENG","playtime":3803,"items_purged":["Strike_P","Clumsy","Strike_P"],"score":2885,"play_id":"244de3c5-5aad-46c9-a124-c3e1b96e1b2e","local_time":"20210214015732","is_ascension_mode":true,"campfire_choices":[{"data":"Meditate","floor":15.0,"key":"SMITH"},{"data":"Wish","floor":23.0,"key":"SMITH"},{"data":"1","floor":27.0,"key":"LIFT"},{"data":"2","floor":29.0,"key":"LIFT"},{"data":"3","floor":32.0,"key":"LIFT"},{"floor":49.0,"key":"RECALL"},{"data":"Apotheosis","floor":53,"key":"SMITH"}],"circlet_count":0,"master_deck":["AscendersBane","Strike_P+1","Defend_P","Defend_P","Defend_P","Eruption","Vigilance","ClearTheMind","Brilliance","Sanctity","Meditate+1","EmptyFist+1","MentalFortress","FlyingSleeves","Establishment","WindmillStrike","Crescendo","CarveReality","Wish+1","Ghostly","Ghostly","Ghostly","SpiritShield","Wallop","Ghostly","MentalFortress","Vengeance","EmptyMind","ThirdEye","Omniscience","Protect","Vault","Vengeance+1","Protect+1","Wireheading","WaveOfTheHand","Apotheosis+1","MentalFortress","CrushJoints+1","CutThroughFate","CutThroughFate","Tantrum","Scrawl","Nirvana","ThirdEye+1"],"relics":["Velvet Choker","Bag of Preparation","Whetstone","Girya","White Beast Statue","Runic Pyramid","Letter Opener","DollysMirror","Damaru","Question Card","Cursed Key","Mummified Hand","Ancient Tea Set","Gambling Chip","Strawberry","Anchor"],"acts_visited":["Exordium","TheCity","TheBeyond","TheEnding"],"potions_floor_usage":[],"damage_taken":[{"damage":0.0,"enemies":"Small Slimes","floor":1.0,"turns":4.0},{"damage":0.0,"enemies":"Jaw Worm","floor":4.0,"turns":3.0},{"damage":0.0,"enemies":"Cultist","floor":6.0,"turns":2.0},{"damage":0.0,"enemies":"Lagavulin","floor":8.0,"turns":5.0},{"damage":7.0,"enemies":"Exordium Thugs","floor":10.0,"turns":3.0},{"damage":11.0,"enemies":"Gremlin Nob","floor":11.0,"turns":3.0},{"damage":0.0,"enemies":"Red Slaver","floor":12.0,"turns":2.0},{"damage":0.0,"enemies":"Large Slime","floor":13.0,"turns":4.0},{"damage":0.0,"enemies":"Lagavulin","floor":14.0,"turns":4.0},{"damage":10.0,"enemies":"The Guardian","floor":16.0,"turns":8.0},{"damage":0.0,"enemies":"Chosen","floor":18.0,"turns":3.0},{"damage":4.0,"enemies":"Book of Stabbing","floor":24.0,"turns":6.0},{"damage":0.0,"enemies":"Shell Parasite","floor":25.0,"turns":4.0},{"damage":1.0,"enemies":"Chosen and Byrds","floor":31.0,"turns":5.0},{"damage":10.0,"enemies":"Champ","floor":33.0,"turns":11.0},{"damage":0.0,"enemies":"3 Darklings","floor":35.0,"turns":4.0},{"damage":1.0,"enemies":"Orb Walker","floor":38.0,"turns":5.0},{"damage":1.0,"enemies":"Giant Head","floor":40.0,"turns":8.0},{"damage":0.0,"enemies":"Spire Growth","floor":41.0,"turns":6.0},{"damage":12.0,"enemies":"Nemesis","floor":42.0,"turns":8.0},{"damage":2.0,"enemies":"Reptomancer","floor":45.0,"turns":8.0},{"damage":0.0,"enemies":"Jaw Worm Horde","floor":46.0,"turns":4.0},{"damage":0.0,"enemies":"3 Darklings","floor":47.0,"turns":5.0},{"damage":0.0,"enemies":"Maw","floor":48.0,"turns":5.0},{"damage":5,"enemies":"Awakened One","floor":50,"turns":11},{"damage":7,"enemies":"Donu and Deca","floor":51,"turns":9},{"damage":7,"enemies":"Shield and Spear","floor":55,"turns":5},{"damage":10,"enemies":"The Heart","floor":56,"turns":11}],"seed_played":"32749535164572056","potions_obtained":[{"floor":6.0,"key":"Block Potion"},{"floor":8.0,"key":"FairyPotion"},{"floor":10.0,"key":"DistilledChaos"},{"floor":16.0,"key":"BlessingOfTheForge"},{"floor":24.0,"key":"FearPotion"},{"floor":31.0,"key":"SpeedPotion"},{"floor":40.0,"key":"Regen Potion"},{"floor":42.0,"key":"Fire Potion"},{"floor":45.0,"key":"SpeedPotion"},{"floor":55,"key":"LiquidMemories"}],"is_trial":false,"path_per_floor":["M","?","?","M","?","M","$","E","T","M","E","M","M","E","R","B",null,"M","?","?","?","$","R","E","M","T","R","$","R","$","M","R","B",null,"M","T","?","M","?","E","M","E","T","$","E","M","M","M","R","B","B",null,"R","$","E","B",null],"character_chosen":"WATCHER","items_purchased":["EmptyFist","DollysMirror","MentalFortress","EmptyMind","Apotheosis","MentalFortress","Scrawl","Nirvana"],"campfire_rested":0,"item_purchase_floors":[7,22,22,30,44,44,54,54],"current_hp_per_floor":[61,61,50,50,50,50,50,50,50,43,32,32,32,32,32,22,57,57,57,34,34,34,34,30,30,30,30,30,30,30,29,29,19,30,30,30,30,29,29,28,28,31,31,31,36,36,36,36,36,31,24,37,37,37,30,20],"gold":122,"neow_bonus":"BOSS_RELIC","is_daily":false,"chose_seed":false,"campfire_upgraded":3,"win_rate":0.0,"timestamp":1613296652,"path_taken":["M","?","?","M","?","M","$","E","T","M","E","M","M","E","R","BOSS","M","?","?","?","$","R","E","?","T","R","$","R","?","M","R","BOSS","M","?","?","?","?","E","M","E","T","$","E","M","?","?","R","BOSS","BOSS","R","$","E","BOSS"],"items_purchased_type":["Card","Relic","Card","Card","Card","Card","Card","Card"],"build_version":"2020-12-22","purchased_purges":3,"victory":true,"max_hp_per_floor":[68,68,68,68,68,68,68,68,68,68,68,68,68,68,68,68,68,68,68,34,34,34,34,34,34,34,34,34,34,34,34,34,34,34,34,34,34,34,34,34,34,34,34,34,41,41,41,41,41,41,41,41,41,41,41,41],"relic_stats":{"counters":[28,156],"Mummified Hand":[64],"Gambling Chip":[30],"Bag of Preparation":[48],"Whetstone":["EmptyFist","Strike_P"],"Letter Opener":[273],"Question Card":12,"Cursed Key":1,"obtain_stats":[{"Girya":11,"Velvet Choker":0,"Damaru":24,"Bag of Preparation":8,"Whetstone":9,"Letter Opener":19,"Question Card":26,"Cursed Key":34,"Ancient Tea Set":40,"White Beast Statue":14,"Anchor":55,"DollysMirror":22,"Mummified Hand":39,"Gambling Chip":42,"Strawberry":45,"PureWater":0,"Runic Pyramid":17},{"Girya":6,"Velvet Choker":0,"Damaru":12,"Bag of Preparation":4,"Whetstone":4,"Letter Opener":11,"Question Card":13,"Cursed Key":15,"Ancient Tea Set":18,"White Beast Statue":9,"Anchor":27,"DollysMirror":11,"Mummified Hand":17,"Gambling Chip":20,"Strawberry":21,"PureWater":0,"Runic Pyramid":10},{"Girya":20,"Velvet Choker":0,"Damaru":47,"Bag of Preparation":14,"Whetstone":14,"Letter Opener":41,"Question Card":51,"Cursed Key":67,"Ancient Tea Set":84,"White Beast Statue":30,"Anchor":145,"DollysMirror":41,"Mummified Hand":76,"Gambling Chip":98,"Strawberry":106,"PureWater":0,"Runic Pyramid":38}]},"card_choices":[{"not_picked":["Halt","Study"],"picked":"ClearTheMind","floor":1.0},{"not_picked":["Evaluate","Indignation"],"picked":"Sanctity","floor":4.0},{"not_picked":["CrushJoints","EmptyFist"],"picked":"Meditate","floor":6.0},{"not_picked":["WindmillStrike","Crescendo"],"picked":"MentalFortress","floor":8.0},{"not_picked":["FlyingSleeves","Consecrate","PathToVictory"],"picked":"SKIP","floor":10.0},{"not_picked":["Consecrate","PathToVictory"],"picked":"FlyingSleeves","floor":10.0},{"not_picked":["DevaForm","FollowUp"],"picked":"Establishment","floor":11.0},{"not_picked":["Weave","WreathOfFlame"],"picked":"WindmillStrike","floor":12.0},{"not_picked":["FearNoEvil","ClearTheMind"],"picked":"Crescendo","floor":13.0},{"not_picked":["Prostrate","Evaluate"],"picked":"CarveReality","floor":14.0},{"not_picked":["Judgement","SpiritShield"],"picked":"Wish","floor":16.0},{"not_picked":["ClearTheMind","Swivel","DeceiveReality+1"],"picked":"SKIP","floor":18.0},{"not_picked":["Swivel","ConjureBlade"],"picked":"Vengeance","floor":24.0},{"not_picked":["ForeignInfluence","FlyingSleeves","Prostrate+1"],"picked":"SKIP","floor":25.0},{"not_picked":["ForeignInfluence","FlyingSleeves","Prostrate+1"],"picked":"SKIP","floor":25.0},{"not_picked":["Conclude","Protect","ClearTheMind"],"picked":"ThirdEye","floor":31.0},{"not_picked":["Wish","Judgement","Vault"],"picked":"Omniscience","floor":33.0},{"not_picked":["InnerPeace","Halt","Collect"],"picked":"Protect","floor":35.0},{"not_picked":["Pray","Halt","SashWhip"],"picked":"Vengeance+1","floor":38.0},{"not_picked":["Indignation+1","FollowUp","EmptyBody+1"],"picked":"Protect+1","floor":40.0},{"not_picked":["FlyingSleeves","FlurryOfBlows","Nirvana+1"],"picked":"Wireheading","floor":41.0},{"not_picked":["Adaptation","Judgement","Halt"],"picked":"WaveOfTheHand","floor":42.0},{"not_picked":["Swivel+1","Protect","Consecrate+1"],"picked":"CrushJoints+1","floor":45.0},{"not_picked":["CrushJoints","SashWhip+1","JustLucky"],"picked":"CutThroughFate","floor":46.0},{"not_picked":["ReachHeaven","SignatureMove","PathToVictory"],"picked":"CutThroughFate","floor":47.0},{"not_picked":["Blasphemy","CarveReality","Prostrate"],"picked":"Tantrum","floor":48.0},{"not_picked":["BattleHymn","JustLucky+1","PathToVictory"],"picked":"ThirdEye+1","floor":55}],"player_experience":2716605,"relics_obtained":[{"floor":8.0,"key":"Bag of Preparation"},{"floor":9.0,"key":"Whetstone"},{"floor":11.0,"key":"Girya"},{"floor":14.0,"key":"White Beast Statue"},{"floor":24.0,"key":"Damaru"},{"floor":26.0,"key":"Question Card"},{"floor":40.0,"key":"Ancient Tea Set"},{"floor":42.0,"key":"Gambling Chip"},{"floor":45.0,"key":"Strawberry"},{"floor":55,"key":"Anchor"}],"event_choices":[{"damage_healed":0.0,"max_hp_gain":0.0,"max_hp_loss":0.0,"gold_gain":0.0,"cards_transformed":["Strike_P"],"event_name":"Living Wall","player_choice":"Change","floor":2.0,"gold_loss":0.0,"damage_taken":0.0,"cards_obtained":["Brilliance"]},{"damage_healed":0.0,"max_hp_gain":0.0,"max_hp_loss":0.0,"gold_gain":75.0,"event_name":"World of Goop","player_choice":"Gather Gold","floor":3.0,"gold_loss":0.0,"damage_taken":11.0},{"cards_removed":["Defend_P"],"damage_healed":0.0,"max_hp_gain":0.0,"max_hp_loss":0.0,"gold_gain":0.0,"event_name":"The Cleric","player_choice":"Card Removal","floor":5.0,"gold_loss":75.0,"damage_taken":0.0},{"damage_healed":0.0,"max_hp_gain":0.0,"max_hp_loss":0.0,"gold_gain":0.0,"event_name":"Addict","player_choice":"Obtained Relic","floor":19.0,"gold_loss":85.0,"damage_taken":0.0,"relics_obtained":["Letter Opener"]},{"damage_healed":0.0,"max_hp_gain":0.0,"max_hp_loss":34.0,"gold_gain":0.0,"event_name":"Ghosts","player_choice":"Became a Ghost","floor":20.0,"gold_loss":0.0,"damage_taken":0.0,"cards_obtained":["Ghostly","Ghostly","Ghostly"]},{"damage_healed":0.0,"max_hp_gain":0.0,"max_hp_loss":0.0,"gold_gain":0.0,"event_name":"Match and Keep!","player_choice":"2 cards matched","floor":21.0,"gold_loss":0.0,"damage_taken":0.0,"cards_obtained":["SpiritShield","Wallop"]},{"damage_healed":0.0,"max_hp_gain":0.0,"max_hp_loss":0.0,"gold_gain":0.0,"event_name":"Match and Keep!","player_choice":"2 cards matched","floor":21.0,"gold_loss":0.0,"damage_taken":0.0,"cards_obtained":["SpiritShield","Wallop"]},{"damage_healed":0.0,"max_hp_gain":0.0,"max_hp_loss":0.0,"gold_gain":0.0,"event_name":"Match and Keep!","player_choice":"1 cards matched","floor":37.0,"gold_loss":0.0,"damage_taken":0.0,"cards_obtained":["Vault"]},{"damage_healed":0.0,"max_hp_gain":0.0,"max_hp_loss":0.0,"gold_gain":0.0,"event_name":"WeMeetAgain","player_choice":"Gave Potion","floor":39.0,"gold_loss":0.0,"damage_taken":0.0,"relics_obtained":["Mummified Hand"]}],"is_beta":false,"boss_relics":[{"not_picked":["Coffee Dripper","Tiny House"],"picked":"Runic Pyramid"},{"not_picked":["Black Star","Astrolabe"],"picked":"Cursed Key"}],"items_purged_floors":[7,44,54],"is_endless":false,"potions_floor_spawned":[6,8,10,12,13,16,18,24,25,31,33,35,38,40,41,42,45,46,47,48,55],"ascension_level":20}}