{"host":"6g3xdvewo8r2cc5h","time":1613301260,"event":{"mods":["AchievementEnabler","BaseMod","Minty Spire (QoL Compilation)","SuperFastMode"],"gold_per_floor":[116,116,130,130,106,134,134,151,177,202,214,214,230,240,240,240,240],"floor_reached":16,"language":"ENG","playtime":851,"items_purged":[],"score":179,"play_id":"8076d80d-32c9-45dd-9537-5096277f00ba","local_time":"20210214121420","is_ascension_mode":true,"campfire_choices":[{"floor":7.0,"key":"REST"},{"floor":12.0,"key":"REST"},{"floor":15.0,"key":"REST"}],"circlet_count":0,"master_deck":["AscendersBane","Strike_G","Strike_G","Strike_G","Strike_G","Defend_G","Defend_G","Defend_G","Defend_G","Survivor","Neutralize","Acrobatics","PiercingWail","Dagger Throw","Prepared","Malaise","Blade Dance","Sucker Punch"],"relics":["Sozu","Oddly Smooth Stone","Vajra","Question Card"],"acts_visited":["Exordium"],"potions_floor_usage":[],"damage_taken":[{"damage":2.0,"enemies":"2 Louse","floor":1.0,"turns":3.0},{"damage":2.0,"enemies":"Jaw Worm","floor":3.0,"turns":5.0},{"damage":42.0,"enemies":"Lagavulin","floor":6.0,"turns":9.0},{"damage":0.0,"enemies":"Cultist","floor":8.0,"turns":5.0},{"damage":24.0,"enemies":"3 Sentries","floor":10.0,"turns":10.0},{"damage":2.0,"enemies":"Exordium Thugs","floor":11.0,"turns":6.0},{"damage":6.0,"enemies":"2 Fungi Beasts","floor":13.0,"turns":4.0},{"damage":4.0,"enemies":"Blue Slaver","floor":14.0,"turns":4.0},{"damage":39,"enemies":"Slime Boss","floor":16,"turns":12}],"seed_played":"-5214636761789176316","potions_obtained":[],"is_trial":false,"path_per_floor":["M","?","M","?","$","E","R","M","T","E","M","R","M","M","R","B"],"character_chosen":"THE_SILENT","items_purchased":["Dagger Throw"],"campfire_rested":3,"item_purchase_floors":[5],"current_hp_per_floor":[61,54,52,52,52,10,31,31,31,7,5,26,20,16,37,0,0],"gold":240,"neow_bonus":"BOSS_RELIC","is_daily":false,"chose_seed":false,"campfire_upgraded":0,"win_rate":0.0,"timestamp":1613301260,"path_taken":["M","?","M","?","$","E","R","M","T","E","M","R","M","M","R","BOSS"],"items_purchased_type":["Card"],"build_version":"2020-12-22","purchased_purges":0,"victory":false,"max_hp_per_floor":[70,70,70,70,70,70,70,70,70,70,70,70,70,70,70,70,70],"card_choices":[{"not_picked":["Noxious Fumes","Underhanded Strike"],"picked":"Acrobatics","floor":1.0},{"not_picked":["Slice","Acrobatics"],"picked":"PiercingWail","floor":3.0},{"not_picked":["Outmaneuver","Dagger Spray"],"picked":"Prepared","floor":6.0},{"not_picked":["Deadly Poison","PiercingWail","Dagger Throw"],"picked":"SKIP","floor":8.0},{"not_picked":["Slice","Noxious Fumes"],"picked":"Malaise","floor":10.0},{"not_picked":["Catalyst","Caltrops","Deadly Poison","Flechettes"],"picked":"SKIP","floor":11.0},{"not_picked":["Masterful Stab","Outmaneuver","Sucker Punch"],"picked":"Blade Dance","floor":13.0},{"not_picked":["Prepared","Deflect","Deadly Poison"],"picked":"Sucker Punch","floor":14.0}],"player_experience":224803,"relics_obtained":[{"floor":6.0,"key":"Oddly Smooth Stone"},{"floor":9.0,"key":"Vajra"},{"floor":10.0,"key":"Question Card"}],"event_choices":[{"cards_removed":["Strike_G"],"damage_healed":0.0,"max_hp_gain":0.0,"max_hp_loss":0.0,"gold_gain":0.0,"event_name":"Golden Wing","player_choice":"Card Removal","floor":2.0,"gold_loss":0.0,"damage_taken":7.0},{"cards_removed":["Defend_G"],"damage_healed":0.0,"max_hp_gain":0.0,"max_hp_loss":0.0,"gold_gain":0.0,"event_name":"Purifier","player_choice":"Purged","floor":4.0,"gold_loss":0.0,"damage_taken":0.0}],"is_beta":false,"boss_relics":[],"items_purged_floors":[],"is_endless":false,"potions_floor_spawned":[8,10,13,14],"killed_by":"Slime Boss","ascension_level":12}}