{"host":"gk5m6v7zec9neb0j","time":1613290675,"event":{"mods":["AchievementEnabler","AlwaysNeverKeys","BaseMod","BetterRewards","Block Reminder","Minty Spire (QoL Compilation)","Rare Cards Sparkle","Relic Stats","StSLib"],"gold_per_floor":[117,117,135,135,150,150,165,184,208,208,208,233,243,256,256,358,358,370,144,171,185,260,290,302,327,339,367,379,406,452,484,496,603,615,646,729,751,763,795,807,729,756,792,814,400,418,418,273,273,273,273],"floor_reached":50,"language":"ENG","playtime":1512,"items_purged":["Strike_G","Strike_G","Defend_G"],"score":638,"play_id":"42bca9a0-e555-4fa7-b007-ab9bc7ec51fd","local_time":"20210214031755","is_ascension_mode":false,"campfire_choices":[{"data":"Neutralize","floor":6.0,"key":"SMITH"},{"floor":11.0,"key":"REST"},{"floor":15.0,"key":"REST"},{"data":"Burst","floor":24,"key":"SMITH"},{"data":"Panache","floor":28,"key":"SMITH"},{"floor":32,"key":"REST"},{"data":"Night Terror","floor":40,"key":"SMITH"},{"data":"Well Laid Plans","floor":49,"key":"SMITH"}],"circlet_count":0,"master_deck":["Defend_G","Defend_G","Survivor","Neutralize+1","Panache+1","Infinite Blades","Cloak And Dagger","Blade Dance+1","Footwork","Slice","Slice","Blade Dance","Blade Dance","Blur","Prepared","Burst+1","Well Laid Plans+1","Blade Dance","Blade Dance","Calculated Gamble","Cloak And Dagger+1","Night Terror+1","Terror"],"relics":["Ring of the Snake","Unceasing Top","Ancient Tea Set","Shuriken","Dream Catcher","Empty Cage","Red Mask","MawBank","Boot","Strawberry","HoveringKite","Eternal Feather","Bag of Marbles","Art of War","Toolbox","Lee\u0027s Waffle"],"acts_visited":["Exordium","TheCity","TheBeyond"],"potions_floor_usage":[50,50],"damage_taken":[{"damage":1.0,"enemies":"Jaw Worm","floor":1.0,"turns":3.0},{"damage":0.0,"enemies":"Small Slimes","floor":3.0,"turns":3.0},{"damage":4.0,"enemies":"Cultist","floor":5.0,"turns":3.0},{"damage":2.0,"enemies":"Exordium Thugs","floor":7.0,"turns":2.0},{"damage":0.0,"enemies":"3 Louse","floor":8.0,"turns":1.0},{"damage":1.0,"enemies":"3 Sentries","floor":12.0,"turns":4.0},{"damage":0.0,"enemies":"Large Slime","floor":13.0,"turns":3.0},{"damage":0.0,"enemies":"Red Slaver","floor":14.0,"turns":3.0},{"damage":1.0,"enemies":"Hexaghost","floor":16.0,"turns":5.0},{"damage":0.0,"enemies":"Spheric Guardian","floor":18.0,"turns":3.0},{"damage":10.0,"enemies":"Masked Bandits","floor":20.0,"turns":4.0},{"damage":0.0,"enemies":"2 Thieves","floor":21.0,"turns":2.0},{"damage":0,"enemies":"Gremlin Leader","floor":23,"turns":4},{"damage":0,"enemies":"3 Cultists","floor":25,"turns":2},{"damage":5,"enemies":"Centurion and Healer","floor":27,"turns":4},{"damage":0,"enemies":"Chosen and Byrds","floor":29,"turns":3},{"damage":12,"enemies":"Book of Stabbing","floor":30,"turns":3},{"damage":1,"enemies":"Snake Plant","floor":31,"turns":4},{"damage":0,"enemies":"Automaton","floor":33,"turns":4},{"damage":0,"enemies":"3 Darklings","floor":35,"turns":2},{"damage":4,"enemies":"3 Shapes","floor":37,"turns":6},{"damage":5,"enemies":"Spire Growth","floor":39,"turns":4},{"damage":0,"enemies":"Maw","floor":42,"turns":4},{"damage":6,"enemies":"Sphere and 2 Shapes","floor":44,"turns":5},{"damage":0,"enemies":"Transient","floor":46,"turns":5},{"damage":87,"enemies":"Time Eater","floor":50,"turns":11}],"seed_played":"9218975533590841612","potions_obtained":[{"floor":3.0,"key":"Block Potion"},{"floor":13.0,"key":"SkillPotion"},{"floor":14.0,"key":"LiquidBronze"},{"floor":27,"key":"DuplicationPotion"},{"floor":29,"key":"DistilledChaos"},{"floor":44,"key":"DistilledChaos"}],"is_trial":false,"path_per_floor":["M","?","M","?","M","R","M","M","T","T","R","E","M","M","R","B",null,"M","$","?","M","?","E","R","M","T","M","R","M","E","M","R","B",null,"M","T","M","?","M","R","?","M","T","M","$","M","?","$","R","B"],"character_chosen":"THE_SILENT","items_purchased":["Panache","Infinite Blades","Cloak And Dagger","Blade Dance","Footwork","Unceasing Top","Slice","Well Laid Plans","Blade Dance","Art of War","Toolbox","Lee\u0027s Waffle"],"campfire_rested":3,"item_purchase_floors":[0,0,0,0,0,0,0,19,19,45,45,48],"current_hp_per_floor":[37,30,30,30,26,26,24,24,24,24,45,44,44,44,65,64,70,70,70,60,60,53,53,53,53,53,48,48,48,43,42,65,65,77,77,77,73,63,58,73,73,73,73,67,67,67,67,84,84,0,0],"gold":273,"neow_bonus":"","is_daily":false,"chose_seed":false,"campfire_upgraded":5,"win_rate":0.0,"timestamp":1613290675,"path_taken":["M","?","M","?","M","R","M","?","T","?","R","E","M","M","R","BOSS","M","$","?","M","?","E","R","M","T","M","R","M","E","M","R","BOSS","M","?","M","?","M","R","?","M","T","M","$","?","?","$","R","BOSS"],"items_purchased_type":["Card","Card","Card","Card","Card","Relic","Card","Card","Card","Relic","Relic","Relic"],"build_version":"2020-12-22","purchased_purges":3,"victory":false,"max_hp_per_floor":[70,70,70,70,70,70,70,70,70,70,70,70,70,70,70,70,70,70,70,70,70,70,70,70,70,70,70,70,70,77,77,77,77,77,77,77,77,77,77,77,77,77,77,77,77,77,77,84,84,84,84],"relic_stats":{"Dream Catcher":2,"Lee\u0027s Waffle":17,"counters":[677,3649],"Shuriken":[108],"HoveringKite":[17],"Eternal Feather":15,"Art of War":[3],"MawBank":264,"Boot":[54],"obtain_stats":[{"TwistedFunnel":0,"Ginger":0,"Whetstone":11,"Bottled Tornado":43,"Boot":25,"Old Coin":34,"Blood Vial":17,"Sundial":24,"MealTicket":31,"HandDrill":48,"Kunai":0,"Pear":28,"Blue Candle":54,"Eternal Feather":54,"Tingsha":0,"Pen Nib":11,"Paper Crane":43,"Akabeko":3,"SlaversCollar":17,"MutagenicStrength":19,"Bird Faced Urn":38,"StrikeDummy":27,"Unceasing Top":46,"Ring of the Serpent":17,"Regal Pillow":9,"Lantern":45,"Torii":0,"Singing Bowl":43,"StoneCalendar":42,"Bag of Preparation":26,"Ancient Tea Set":4,"Cursed Key":17,"Smiling Mask":41,"Matryoshka":37,"Shovel":38,"WristBlade":34,"Ninja Scroll":0,"Toolbox":45,"WingedGreaves":17,"Chemical X":37,"InkBottle":54,"Ring of the Snake":0,"Potion Belt":9,"Lee\u0027s Waffle":48,"The Specimen":0,"Golden Idol":3,"Thread and Needle":45,"The Courier":26,"PreservedInsect":38,"Omamori":39,"Frozen Egg 2":43,"MawBank":45,"Ornamental Fan":0,"Bloody Idol":31,"Orrery":0,"Turnip":38,"Art of War":17,"Bottled Lightning":43,"Toy Ornithopter":27,"Ice Cream":7,"Calipers":13,"Gremlin Horn":26,"CeramicFish":0,"HoveringKite":34,"Vajra":43,"Sozu":34,"Centennial Puzzle":6,"Lizard Tail":10,"HornCleat":43,"DollysMirror":4,"Strawberry":26,"Prayer Wheel":38,"Toxic Egg 2":28,"Girya":0,"Happy Flower":13,"Astrolabe":34,"Oddly Smooth Stone":0,"Letter Opener":53,"War Paint":43,"Question Card":48,"Du-Vu Doll":47,"Bottled Flame":25,"Shuriken":0,"Bronze Scales":10,"Molten Egg 2":9,"Black Star":17,"Meat on the Bone":17,"Pocketwatch":17,"Darkstone Periapt":23,"SacredBark":17,"Enchiridion":22,"Mango":43,"Snake Skull":54,"Juzu Bracelet":43,"Incense Burner":29,"Empty Cage":17,"PrismaticShard":53,"ClockworkSouvenir":20,"Tough Bandages":25,"Nunchaku":31,"Dream Catcher":9,"Mummified Hand":30,"Pantograph":12,"Gambling Chip":0,"Tiny Chest":26,"Red Mask":47,"Orichalcum":26,"Odd Mushroom":12,"Medical Kit":37,"White Beast Statue":9,"Mercury Hourglass":54,"Peace Pipe":9,"Calling Bell":17,"Cauldron":53,"Anchor":34,"CaptainsWheel":54,"Bag of Marbles":43,"Membership Card":36,"FossilizedHelix":0,"TungstenRod":26},{"TwistedFunnel":381,"Ginger":97,"Whetstone":100,"Bottled Tornado":52,"Boot":640,"Old Coin":338,"Blood Vial":129,"Sundial":44,"MealTicket":616,"HandDrill":491,"Kunai":31,"Pear":315,"Blue Candle":249,"Eternal Feather":146,"Tingsha":274,"Pen Nib":356,"Paper Crane":322,"Akabeko":575,"SlaversCollar":231,"MutagenicStrength":156,"Bird Faced Urn":189,"StrikeDummy":17,"Unceasing Top":193,"Ring of the Serpent":388,"Regal Pillow":36,"Lantern":269,"Torii":31,"Singing Bowl":116,"StoneCalendar":217,"Bag of Preparation":366,"Ancient Tea Set":2,"Cursed Key":281,"Smiling Mask":452,"Matryoshka":137,"Shovel":594,"WristBlade":112,"Ninja Scroll":172,"Toolbox":675,"WingedGreaves":80,"Chemical X":22,"InkBottle":57,"Ring of the Snake":0,"Potion Belt":3,"Lee\u0027s Waffle":676,"The Specimen":274,"Golden Idol":2,"Thread and Needle":245,"The Courier":183,"PreservedInsect":240,"Omamori":189,"Frozen Egg 2":398,"MawBank":245,"Ornamental Fan":72,"Bloody Idol":161,"Orrery":58,"Turnip":116,"Art of War":80,"Bottled Lightning":24,"Toy Ornithopter":17,"Ice Cream":11,"Calipers":154,"Gremlin Horn":480,"CeramicFish":172,"HoveringKite":21,"Vajra":91,"Sozu":136,"Centennial Puzzle":278,"Lizard Tail":329,"HornCleat":621,"DollysMirror":123,"Strawberry":107,"Prayer Wheel":138,"Toxic Egg 2":108,"Girya":250,"Happy Flower":12,"Astrolabe":86,"Oddly Smooth Stone":122,"Letter Opener":272,"War Paint":191,"Question Card":94,"Du-Vu Doll":540,"Bottled Flame":16,"Shuriken":97,"Bronze Scales":36,"Molten Egg 2":151,"Black Star":13,"Meat on the Bone":80,"Pocketwatch":129,"Darkstone Periapt":182,"SacredBark":360,"Enchiridion":68,"Mango":538,"Snake Skull":273,"Juzu Bracelet":141,"Incense Burner":560,"Empty Cage":103,"PrismaticShard":272,"ClockworkSouvenir":41,"Tough Bandages":16,"Nunchaku":85,"Dream Catcher":355,"Mummified Hand":110,"Pantograph":11,"Gambling Chip":197,"Tiny Chest":16,"Red Mask":54,"Orichalcum":235,"Odd Mushroom":499,"Medical Kit":188,"White Beast Statue":11,"Mercury Hourglass":349,"Peace Pipe":62,"Calling Bell":80,"Cauldron":625,"Anchor":338,"CaptainsWheel":349,"Bag of Marbles":267,"Membership Card":163,"FossilizedHelix":250,"TungstenRod":416},{"TwistedFunnel":2158,"Ginger":599,"Whetstone":611,"Bottled Tornado":309,"Boot":3447,"Old Coin":1918,"Blood Vial":722,"Sundial":249,"MealTicket":3304,"HandDrill":2775,"Kunai":183,"Pear":1796,"Blue Candle":1454,"Eternal Feather":781,"Tingsha":1567,"Pen Nib":2009,"Paper Crane":1834,"Akabeko":3135,"SlaversCollar":1359,"MutagenicStrength":843,"Bird Faced Urn":1121,"StrikeDummy":100,"Unceasing Top":1141,"Ring of the Serpent":2183,"Regal Pillow":206,"Lantern":1539,"Torii":183,"Singing Bowl":676,"StoneCalendar":1281,"Bag of Preparation":2061,"Ancient Tea Set":5,"Cursed Key":1617,"Smiling Mask":2575,"Matryoshka":750,"Shovel":3206,"WristBlade":661,"Ninja Scroll":996,"Toolbox":3633,"WingedGreaves":500,"Chemical X":129,"InkBottle":364,"Ring of the Snake":0,"Potion Belt":9,"Lee\u0027s Waffle":3638,"The Specimen":1567,"Golden Idol":5,"Thread and Needle":1436,"The Courier":1085,"PreservedInsect":1411,"Omamori":1121,"Frozen Egg 2":2226,"MawBank":1436,"Ornamental Fan":459,"Bloody Idol":873,"Orrery":367,"Turnip":676,"Art of War":500,"Bottled Lightning":139,"Toy Ornithopter":100,"Ice Cream":57,"Calipers":823,"Gremlin Horn":2719,"CeramicFish":996,"HoveringKite":124,"Vajra":558,"Sozu":746,"Centennial Puzzle":1590,"Lizard Tail":1866,"HornCleat":3329,"DollysMirror":699,"Strawberry":637,"Prayer Wheel":755,"Toxic Egg 2":643,"Girya":1462,"Happy Flower":68,"Astrolabe":533,"Oddly Smooth Stone":696,"Letter Opener":1557,"War Paint":1131,"Question Card":574,"Du-Vu Doll":2986,"Bottled Flame":94,"Shuriken":599,"Bronze Scales":206,"Molten Egg 2":801,"Black Star":79,"Meat on the Bone":500,"Pocketwatch":722,"Darkstone Periapt":1075,"SacredBark":2027,"Enchiridion":435,"Mango":2979,"Snake Skull":1562,"Juzu Bracelet":766,"Incense Burner":3065,"Empty Cage":621,"PrismaticShard":1557,"ClockworkSouvenir":234,"Tough Bandages":94,"Nunchaku":521,"Dream Catcher":2005,"Mummified Hand":652,"Pantograph":57,"Gambling Chip":1176,"Tiny Chest":94,"Red Mask":329,"Orichalcum":1384,"Odd Mushroom":2819,"Medical Kit":1117,"White Beast Statue":57,"Mercury Hourglass":1972,"Peace Pipe":387,"Calling Bell":500,"Cauldron":3355,"Anchor":1918,"CaptainsWheel":1972,"Bag of Marbles":1530,"Membership Card":899,"FossilizedHelix":1462,"TungstenRod":2337}],"Unceasing Top":[29],"Ring of the Snake":[100]},"card_choices":[{"not_picked":["Deadly Poison","Crippling Poison"],"picked":"Slice","floor":1.0},{"not_picked":["Deflect","Riddle With Holes","Underhanded Strike"],"picked":"SKIP","floor":3.0},{"not_picked":["Eviscerate","Expertise"],"picked":"Blade Dance","floor":5.0},{"not_picked":["Setup","Sucker Punch","Riddle With Holes"],"picked":"SKIP","floor":7.0},{"not_picked":["Bane","PiercingWail"],"picked":"Blade Dance","floor":8.0},{"not_picked":["Dagger Throw","Skewer","Endless Agony"],"picked":"SKIP","floor":12.0},{"not_picked":["Riddle With Holes","Deadly Poison"],"picked":"Blur","floor":13.0},{"not_picked":["Venomology","Skewer","Dagger Throw"],"picked":"SKIP","floor":14.0},{"not_picked":["Predator","Heel Hook"],"picked":"Prepared","floor":15.0},{"not_picked":["Die Die Die","Wraith Form v2"],"picked":"Burst","floor":16.0},{"not_picked":["Choke","Underhanded Strike","Dagger Throw"],"picked":"SKIP","floor":18.0},{"not_picked":["Leg Sweep+1","Outmaneuver+1"],"picked":"Blade Dance","floor":20.0},{"not_picked":["Quick Slash","PiercingWail+1","Prepared"],"picked":"SKIP","floor":21.0},{"not_picked":["Sucker Punch","Quick Slash","Deflect"],"picked":"SKIP","floor":23},{"not_picked":["Endless Agony","Dagger Throw","Venomology"],"picked":"SKIP","floor":25},{"not_picked":["Deflect","Bane"],"picked":"Calculated Gamble","floor":27},{"not_picked":["All Out Attack","Dagger Spray","Acrobatics"],"picked":"SKIP","floor":29},{"not_picked":["Flechettes","Distraction+1","Blur+1"],"picked":"SKIP","floor":30},{"not_picked":["Poisoned Stab","Quick Slash+1","Endless Agony"],"picked":"SKIP","floor":31},{"not_picked":["Slice+1","Blur"],"picked":"Cloak And Dagger+1","floor":32},{"not_picked":["Unload","Venomology"],"picked":"Night Terror","floor":33},{"not_picked":["Reflex+1","Choke+1","Dodge and Roll+1"],"picked":"SKIP","floor":35},{"not_picked":["Backflip+1","Skewer","Underhanded Strike+1"],"picked":"SKIP","floor":37},{"not_picked":["Bane","Dash+1","Acrobatics+1"],"picked":"SKIP","floor":39},{"not_picked":["Deadly Poison","Noxious Fumes","Setup+1"],"picked":"SKIP","floor":42},{"not_picked":["Masterful Stab","Bane","Sucker Punch+1"],"picked":"SKIP","floor":44},{"not_picked":["Masterful Stab","Bane","Sucker Punch+1"],"picked":"SKIP","floor":44},{"not_picked":["Riddle With Holes","Backflip"],"picked":"Terror","floor":46}],"player_experience":835900,"relics_obtained":[{"floor":9.0,"key":"Ancient Tea Set"},{"floor":10.0,"key":"Shuriken"},{"floor":12.0,"key":"Dream Catcher"},{"floor":20.0,"key":"Red Mask"},{"floor":23,"key":"MawBank"},{"floor":26,"key":"Boot"},{"floor":30,"key":"Strawberry"},{"floor":36,"key":"Eternal Feather"},{"floor":43,"key":"Bag of Marbles"}],"event_choices":[{"cards_removed":["Strike_G"],"damage_healed":0.0,"max_hp_gain":0.0,"max_hp_loss":0.0,"gold_gain":0.0,"event_name":"Golden Wing","player_choice":"Card Removal","floor":2.0,"gold_loss":0.0,"damage_taken":7.0},{"damage_healed":0.0,"max_hp_gain":0.0,"max_hp_loss":0.0,"gold_gain":0.0,"event_name":"NoteForYourself","player_choice":"Ignored","floor":4.0,"gold_loss":0.0,"damage_taken":0.0},{"damage_healed":0.0,"max_hp_gain":0.0,"max_hp_loss":0.0,"gold_gain":0.0,"event_name":"Masked Bandits","player_choice":"Fought Bandits","floor":20.0,"gold_loss":0.0,"damage_taken":0.0},{"damage_healed":0,"gold_gain":75,"player_choice":"Touch","damage_taken":7,"max_hp_gain":0,"max_hp_loss":0,"event_name":"FaceTrader","floor":22,"gold_loss":0},{"damage_healed":0,"gold_gain":0,"player_choice":"Memory 3","damage_taken":10,"max_hp_gain":0,"max_hp_loss":0,"event_name":"SensoryStone","floor":38,"gold_loss":0},{"cards_removed":["Defend_G"],"damage_healed":0,"gold_gain":0,"player_choice":"Upgrade and Remove","damage_taken":0,"max_hp_gain":0,"max_hp_loss":0,"event_name":"Designer","floor":41,"gold_loss":90,"cards_upgraded":["Blade Dance"]},{"cards_removed":["Defend_G"],"damage_healed":0,"gold_gain":0,"player_choice":"Card Removal","damage_taken":0,"max_hp_gain":0,"max_hp_loss":0,"event_name":"Wheel of Change","floor":47,"gold_loss":0}],"is_beta":false,"boss_relics":[{"not_picked":["Ectoplasm","Fusion Hammer"],"picked":"Empty Cage"},{"not_picked":["Astrolabe","Calling Bell"],"picked":"HoveringKite"}],"items_purged_floors":[0,19,45],"is_endless":false,"potions_floor_spawned":[3,5,8,13,14,18,20,27,29,30,35,44,46],"killed_by":"Time Eater","ascension_level":0}}