{"host":"vpnygm79y7yi43ig","time":1613287954,"event":{"mods":["BaseMod","Bestiary","Minty Spire (QoL Compilation)"],"gold_per_floor":[114,39,39,54,54,95,95,116,116,116,149,174,255,291,291,384,384,402,402,402,452,452,452,793,806,830,853,853,474,517,24,24,117,117,142,142,142,157,173,204,224,30,83,117,140,140,183,203,203,203,203],"floor_reached":52,"language":"ENG","playtime":2694,"items_purged":["Turbo","Conserve Battery","Loop"],"score":2342,"play_id":"a5ef69f0-271f-450d-9cc0-4d3b76d18721","local_time":"20210213233234","daily_mods":["Draft"],"is_ascension_mode":true,"campfire_choices":[{"data":"Hologram","floor":7,"key":"SMITH"},{"data":"Coolheaded","floor":10,"key":"SMITH"},{"data":"Skim","floor":15,"key":"SMITH"},{"data":"Skim","floor":23,"key":"SMITH"},{"data":"Scrape","floor":28,"key":"SMITH"},{"data":"Apotheosis","floor":32,"key":"SMITH"},{"floor":46,"key":"REST"},{"data":"Chill","floor":49,"key":"SMITH"}],"circlet_count":0,"master_deck":["AscendersBane","Gash+1","Gash","Steam","Gash","Leap","Capacitor","Go for the Eyes","Leap","Hologram+1","Conserve Battery","Scrape+1","Coolheaded+1","Self Repair","Skim+1","Gash+1","Skim+1","Chill+1","Gash","Apotheosis+1","Beam Cell"],"relics":["FrozenCore","Golden Idol","The Courier","Gremlin Horn","Sundial","Pantograph","Whetstone","Anchor","Busted Crown","Old Coin","Omamori","Eternal Feather","Strawberry","PreservedInsect","Shuriken","Akabeko","Membership Card","Regal Pillow","Bottled Lightning","Boot"],"acts_visited":["Exordium","TheCity","TheBeyond"],"potions_floor_usage":[50,51],"damage_taken":[{"damage":0,"enemies":"Cultist","floor":1,"turns":4},{"damage":0,"enemies":"Jaw Worm","floor":4,"turns":3},{"damage":7,"enemies":"Lagavulin","floor":6,"turns":6},{"damage":0,"enemies":"2 Louse","floor":8,"turns":3},{"damage":0,"enemies":"Gremlin Nob","floor":11,"turns":3},{"damage":7,"enemies":"Blue Slaver","floor":12,"turns":4},{"damage":0,"enemies":"3 Sentries","floor":13,"turns":3},{"damage":4,"enemies":"3 Sentries","floor":14,"turns":4},{"damage":0,"enemies":"Slime Boss","floor":16,"turns":5},{"damage":0,"enemies":"2 Thieves","floor":18,"turns":3},{"damage":0,"enemies":"Gremlin Leader","floor":24,"turns":2},{"damage":0,"enemies":"Chosen","floor":25,"turns":3},{"damage":0,"enemies":"3 Cultists","floor":27,"turns":3},{"damage":19,"enemies":"Book of Stabbing","floor":30,"turns":5},{"damage":0,"enemies":"Champ","floor":33,"turns":6},{"damage":17,"enemies":"3 Darklings","floor":35,"turns":3},{"damage":0,"enemies":"Orb Walker","floor":38,"turns":3},{"damage":19,"enemies":"Transient","floor":39,"turns":6},{"damage":46,"enemies":"Reptomancer","floor":40,"turns":6},{"damage":12,"enemies":"Writhing Mass","floor":41,"turns":5},{"damage":8,"enemies":"Nemesis","floor":44,"turns":3},{"damage":0,"enemies":"3 Darklings","floor":45,"turns":3},{"damage":0,"enemies":"Reptomancer","floor":47,"turns":3},{"damage":3,"enemies":"Sphere and 2 Shapes","floor":48,"turns":2},{"damage":7,"enemies":"Donu and Deca","floor":50,"turns":6},{"damage":9,"enemies":"Awakened One","floor":51,"turns":6}],"seed_played":"-6745048030601630651","potions_obtained":[{"floor":1,"key":"Strength Potion"},{"floor":6,"key":"FearPotion"}],"is_trial":true,"path_per_floor":["M","$","?","M","T","E","R","M","T","R","E","M","?","E","R","B",null,"M","?","?","?","?","R","E","M","T","M","R","$","E","$","R","B",null,"M","?","?","M","M","E","M","$","T","E","M","R","E","M","R","B","B",null],"character_chosen":"DEFECT","items_purchased":["Chill","Eternal Feather","Apotheosis","PreservedInsect","Shuriken","Membership Card"],"campfire_rested":1,"item_purchase_floors":[29,29,31,31,31,42],"current_hp_per_floor":[64,64,64,64,64,64,64,64,64,64,64,64,64,64,64,64,64,64,64,64,64,58,58,64,64,64,64,64,64,59,59,71,71,71,61,61,61,71,62,26,24,24,24,26,36,71,71,71,71,71,62],"gold":203,"neow_bonus":"","is_daily":false,"chose_seed":false,"campfire_upgraded":7,"win_rate":0.0,"timestamp":1613287954,"path_taken":["M","$","?","M","?","E","R","?","T","R","E","M","?","E","R","BOSS","M","?","?","?","?","R","E","M","T","M","R","$","E","$","R","BOSS","M","?","?","M","M","E","M","$","T","E","?","R","E","M","R","BOSS","BOSS"],"items_purchased_type":["Card","Relic","Card","Relic","Relic","Relic"],"build_version":"2020-12-22","purchased_purges":3,"victory":true,"max_hp_per_floor":[71,71,64,64,64,64,64,64,64,64,64,64,64,64,64,64,64,64,64,64,64,64,64,64,64,64,64,64,64,71,71,71,71,71,71,71,71,71,71,71,71,71,71,71,71,71,71,71,71,71,71],"card_choices":[{"not_picked":["Cold Snap","BootSequence"],"picked":"Gash","floor":0},{"not_picked":["Redo","Leap"],"picked":"Gash","floor":0},{"not_picked":["Stack","Reinforced Body"],"picked":"Turbo","floor":0},{"not_picked":["Turbo","Aggregate"],"picked":"Steam","floor":0},{"not_picked":["Cold Snap","Reinforced Body"],"picked":"Loop","floor":0},{"not_picked":["Force Field","Redo"],"picked":"Gash","floor":0},{"not_picked":["Stack","Reinforced Body"],"picked":"Leap","floor":0},{"not_picked":["Compile Driver","Tempest"],"picked":"Capacitor","floor":0},{"not_picked":["Loop","Turbo"],"picked":"Go for the Eyes","floor":0},{"not_picked":["Darkness","Lockon"],"picked":"Undo","floor":0},{"not_picked":["Blizzard","Reinforced Body"],"picked":"Leap","floor":0},{"not_picked":["Coolheaded","Capacitor"],"picked":"Hologram","floor":0},{"not_picked":["Turbo","Loop"],"picked":"Conserve Battery","floor":0},{"not_picked":["Compile Driver","Stack"],"picked":"Conserve Battery","floor":0},{"not_picked":["Fusion","Storm"],"picked":"Scrape","floor":0},{"not_picked":["Double Energy","Stack"],"picked":"Coolheaded","floor":1},{"not_picked":["Rebound","Auto Shields"],"picked":"Self Repair","floor":4},{"not_picked":["Barrage","Auto Shields"],"picked":"Skim","floor":6},{"not_picked":["Rebound","Steam"],"picked":"Gash","floor":8},{"not_picked":["Blizzard","White Noise","Tempest"],"picked":"SKIP","floor":11},{"not_picked":["Coolheaded","Hologram"],"picked":"Skim","floor":12},{"not_picked":["Redo","Skim","Amplify"],"picked":"SKIP","floor":14},{"not_picked":["Hologram"],"picked":"SKIP","floor":18},{"not_picked":["Hologram"],"picked":"SKIP","floor":24},{"not_picked":["Storm+1"],"picked":"SKIP","floor":25},{"not_picked":["Stack"],"picked":"SKIP","floor":27},{"not_picked":[],"picked":"Gash","floor":30},{"not_picked":["Go for the Eyes"],"picked":"SKIP","floor":35},{"not_picked":["Sunder"],"picked":"SKIP","floor":38},{"not_picked":["Redo"],"picked":"SKIP","floor":39},{"not_picked":[],"picked":"Beam Cell","floor":40},{"not_picked":["Coolheaded"],"picked":"SKIP","floor":41},{"not_picked":["BootSequence"],"picked":"SKIP","floor":44},{"not_picked":["Rebound"],"picked":"SKIP","floor":45},{"not_picked":["Stack"],"picked":"SKIP","floor":47},{"not_picked":["Rebound"],"picked":"SKIP","floor":48}],"player_experience":208112,"relics_obtained":[{"floor":5,"key":"The Courier"},{"floor":6,"key":"Gremlin Horn"},{"floor":9,"key":"Sundial"},{"floor":11,"key":"Pantograph"},{"floor":13,"key":"Whetstone"},{"floor":14,"key":"Anchor"},{"floor":24,"key":"Old Coin"},{"floor":26,"key":"Omamori"},{"floor":30,"key":"Strawberry"},{"floor":40,"key":"Akabeko"},{"floor":43,"key":"Regal Pillow"},{"floor":44,"key":"Bottled Lightning"},{"floor":47,"key":"Boot"}],"event_choices":[{"damage_healed":0,"gold_gain":0,"player_choice":"Lose Max HP","damage_taken":0,"relics_obtained":["Golden Idol"],"max_hp_gain":0,"max_hp_loss":7,"event_name":"Golden Idol","floor":3,"gold_loss":0},{"damage_healed":0,"gold_gain":0,"player_choice":"Searched \u00271\u0027 times","damage_taken":0,"max_hp_gain":0,"max_hp_loss":0,"event_name":"Dead Adventurer","floor":13,"gold_loss":0},{"cards_removed":["Undo"],"damage_healed":0,"gold_gain":0,"player_choice":"Elegance","damage_taken":0,"max_hp_gain":0,"max_hp_loss":0,"event_name":"Back to Basics","floor":19,"gold_loss":0},{"damage_healed":0,"gold_gain":0,"player_choice":"Ignored","damage_taken":0,"max_hp_gain":0,"max_hp_loss":0,"event_name":"Ghosts","floor":20,"gold_loss":0},{"damage_healed":0,"gold_gain":50,"player_choice":"Stole From Cult","damage_taken":0,"max_hp_gain":0,"max_hp_loss":0,"event_name":"Nest","floor":21,"gold_loss":0},{"damage_healed":0,"gold_gain":0,"player_choice":"","damage_taken":6,"max_hp_gain":0,"max_hp_loss":0,"event_name":"Knowing Skull","floor":22,"potions_obtained":[],"gold_loss":0,"cards_obtained":[]},{"damage_healed":0,"gold_gain":0,"player_choice":"Memory 1","damage_taken":0,"max_hp_gain":0,"max_hp_loss":0,"event_name":"SensoryStone","floor":36,"gold_loss":0},{"damage_healed":0,"gold_gain":0,"player_choice":"Ignored","damage_taken":0,"max_hp_gain":0,"max_hp_loss":0,"event_name":"SecretPortal","floor":37,"gold_loss":0}],"is_beta":false,"boss_relics":[{"not_picked":["Empty Cage","Astrolabe"],"picked":"Busted Crown"},{"not_picked":["Snecko Eye","Black Star"],"picked":"FrozenCore"}],"items_purged_floors":[2,29,42],"is_endless":false,"potions_floor_spawned":[1,6,8,11,18,27,38,44,47,48],"ascension_level":20}}