{"host":"2pffx5rqbod9ds0c","time":1613278999,"event":{"mods":["100% Spire Juice","BaseMod","Better Altar","Better Match","Better Note","Better Sensory Stone","Better Skull","Better Third Choice","Bossed Relics","Custom Start","Hubris","Minty Spire (QoL Compilation)","Quick Restart","Relic Stats","Spicy Shops","StSLib"],"gold_per_floor":[110,110015,110030,110030,110040,110075,110095,110105,110105,110105,110134,110134,110199,109482,109482,109586,109586,109599,109613,108979,108999,109014,109014,109043,109043,109043,109043,108338,108367,108385,108420,108420,108520,108520,108536,107925,107785,107800,107424,107424,107458,107358,107358,107384,107412,107412,107412,107445,107445,107445],"floor_reached":51,"language":"ENG","playtime":1402,"items_purged":["Moonworks:Defend","Moonworks:Defend","Moonworks:Defend","Moonworks:Defend","Moonworks:Defend","Violence+1","Apotheosis+1"],"score":1415,"play_id":"5e342342-30e9-4d1e-94e8-74b2667632fc","local_time":"20210213210319","is_ascension_mode":true,"campfire_choices":[{"data":"Moonworks:OutOfAmmo","floor":10,"key":"SMITH"},{"data":"Moonworks:JonathanRush","floor":15,"key":"SMITH"},{"data":"Moonworks:JonathanRush","floor":23,"key":"SMITH"},{"data":"Moonworks:JonathanRush","floor":25,"key":"SMITH"},{"data":"Moonworks:JonathanRush","floor":27,"key":"SMITH"},{"data":"Moonworks:JonathanRush","floor":32,"key":"SMITH"},{"data":"Moonworks:JonathanRush","floor":40,"key":"SMITH"},{"data":"Moonworks:FinalBattle","floor":49,"key":"SMITH"}],"circlet_count":0,"master_deck":["Moonworks:OutOfAmmo+1","Moonworks:JonathanRush+1","Moonworks:JonathanRush+1","Moonworks:JonathanRush+1","Moonworks:JonathanRush+1","Moonworks:NicePresent+1","hubris:DuctTapeCard","Moonworks:JonathanRush+1","Moonworks:FinalBattle+1"],"relics":["Moonworks:BrokenBomb","Moonworks:Homemark","Ring of the Snake","Ice Cream","hubris:Potato","hubris:GlazedTorus","Orichalcum","CaptainsWheel","Potion Belt","Matryoshka","WingedGreaves","Bag of Preparation","Membership Card","Chemical X","TungstenRod","Pen Nib","Lantern","hubris:DeckOfHolding","Runic Dome","HandDrill","hubris:TenFootPole","Moonworks:LittleGull","Regal Pillow","hubris:Metronome","Vajra","Boot","Kunai","Moonworks:GoldenDie","War Paint","Eternal Feather","OrangePellets","Incense Burner","Meat on the Bone","hubris:DuctTape","Bottled Lightning","hubris:Backtick","hubris:OldNail","PreservedInsect","Pear","TheAbacus","Oddly Smooth Stone","Happy Flower","Medical Kit","Blue Candle","Anchor","Mummified Hand","CeramicFish","Bronze Scales","Orrery","Bag of Marbles","Whetstone","Calipers","hubris:PeanutButter","Art of War","Sundial","Juzu Bracelet","FossilizedHelix"],"acts_visited":["Exordium","TheCity","TheBeyond"],"potions_floor_usage":[],"damage_taken":[{"damage":0,"enemies":"Cultist","floor":1,"turns":3},{"damage":1,"enemies":"2 Louse","floor":3,"turns":2},{"damage":6,"enemies":"Jaw Worm","floor":5,"turns":2},{"damage":0,"enemies":"Lagavulin","floor":6,"turns":2},{"damage":0,"enemies":"2 Fungi Beasts","floor":7,"turns":2},{"damage":10,"enemies":"Exordium Thugs","floor":8,"turns":2},{"damage":0,"enemies":"Gremlin Nob","floor":11,"turns":2},{"damage":11,"enemies":"3 Sentries","floor":13,"turns":3},{"damage":0,"enemies":"Slime Boss","floor":16,"turns":2},{"damage":0,"enemies":"2 Thieves","floor":18,"turns":1},{"damage":0,"enemies":"Chosen","floor":19,"turns":1},{"damage":0,"enemies":"3 Cultists","floor":21,"turns":1},{"damage":0,"enemies":"Snake Plant","floor":22,"turns":1},{"damage":0,"enemies":"Slavers","floor":24,"turns":1},{"damage":0,"enemies":"Gremlin Leader","floor":29,"turns":1},{"damage":0,"enemies":"Snecko","floor":30,"turns":1},{"damage":0,"enemies":"Slavers","floor":31,"turns":1},{"damage":0,"enemies":"Automaton","floor":33,"turns":1},{"damage":0,"enemies":"3 Shapes","floor":35,"turns":1},{"damage":0,"enemies":"3 Darklings","floor":38,"turns":1},{"damage":0,"enemies":"Nemesis","floor":41,"turns":1},{"damage":0,"enemies":"Giant Head","floor":44,"turns":1},{"damage":0,"enemies":"Nemesis","floor":45,"turns":1},{"damage":0,"enemies":"Giant Head","floor":48,"turns":1},{"damage":0,"enemies":"Time Eater","floor":50,"turns":1}],"seed_played":"-4022009901143913010","potions_obtained":[{"floor":1,"key":"LiquidMemories"},{"floor":3,"key":"EntropicBrew"},{"floor":7,"key":"LiquidBronze"},{"floor":18,"key":"Weak Potion"}],"is_trial":true,"path_per_floor":["M","$","M","?","M","E","M","M","T","R","E","?","?","$","R","B",null,"M","M","$","M","M","R","E","R","T","R","$","E","M","E","R","B",null,"M","$","?","M","$","R","E","NS","T","E","E","$","?","E","R","B",null],"character_chosen":"THE_STARBREAKER","items_purchased":["Ice Cream","hubris:Potato","hubris:GlazedTorus","Orichalcum","Violence","Membership Card","Chemical X","TungstenRod","Pen Nib","Lantern","hubris:DeckOfHolding","HandDrill","hubris:TenFootPole","Moonworks:LittleGull","Regal Pillow","hubris:Metronome","Moonworks:GoldenDie","Moonworks:NicePresent","War Paint","Eternal Feather","OrangePellets","Incense Burner","Meat on the Bone","PreservedInsect","Pear","TheAbacus","Oddly Smooth Stone","Happy Flower","Medical Kit","Anchor","Mummified Hand","CeramicFish","Bronze Scales","Orrery","Sundial","Juzu Bracelet"],"campfire_rested":0,"item_purchase_floors":[2,2,2,2,2,14,14,14,14,14,14,20,20,20,20,20,28,28,28,28,28,28,28,36,36,36,36,36,36,39,39,39,39,39,46,46],"current_hp_per_floor":[60,60,59,59,53,53,53,43,43,43,43,43,32,32,32,32,60,60,60,60,60,60,60,60,60,60,60,60,60,60,60,60,60,60,60,70,70,70,70,70,70,70,70,70,70,45,44,44,47,47],"gold":107445,"neow_bonus":"","is_daily":false,"chose_seed":false,"campfire_upgraded":8,"win_rate":0.0,"timestamp":1613278999,"path_taken":["M","$","?","?","M","E","?","M","T","R","E","?","?","$","R","BOSS","M","M","$","M","M","R","E","R","T","R","$","E","M","E","R","BOSS","M","$","?","M","$","R","E","NS","T","E","E","?","?","E","R","BOSS"],"items_purchased_type":["Relic","Relic","Relic","Relic","Card","Relic","Relic","Relic","Relic","Relic","Relic","Relic","Relic","Relic","Relic","Relic","Relic","Card","Relic","Relic","Relic","Relic","Relic","Relic","Relic","Relic","Relic","Relic","Relic","Relic","Relic","Relic","Relic","Relic","Relic","Relic"],"build_version":"2020-12-22","purchased_purges":7,"victory":true,"max_hp_per_floor":[60,60,60,60,60,60,60,60,60,60,60,60,60,60,60,60,60,60,60,60,60,60,60,60,60,60,60,60,60,60,60,60,60,60,60,70,70,70,70,70,70,70,70,70,70,70,70,70,70,70],"relic_stats":{"Regal Pillow":0,"CeramicFish":18,"Bag of Preparation":[34],"Juzu Bracelet":0,"Whetstone":[],"Boot":[0],"TheAbacus":[18],"Mummified Hand":[3],"Sundial":[0],"HandDrill":[6],"Chemical X":[1],"Kunai":[20],"Ring of the Snake":[50],"Happy Flower":[2],"counters":[25,36],"Blue Candle":[0],"Eternal Feather":3,"Pen Nib":[12],"PreservedInsect":344,"Orichalcum":[12],"War Paint":["Moonworks:NicePresent","Violence"],"Medical Kit":[0],"OrangePellets":[1],"Bronze Scales":[0],"Art of War":[0],"obtain_stats":[{"Ice Cream":2,"Calipers":43,"CeramicFish":39,"Vajra":24,"Whetstone":43,"Boot":26,"Sundial":46,"hubris:DeckOfHolding":14,"HandDrill":20,"Kunai":26,"Pear":36,"Moonworks:LittleGull":20,"hubris:DuctTape":29,"Happy Flower":36,"Blue Candle":37,"Oddly Smooth Stone":36,"Eternal Feather":28,"Pen Nib":14,"War Paint":28,"Runic Dome":17,"OrangePellets":28,"Moonworks:Homemark":0,"Bronze Scales":39,"hubris:PeanutButter":44,"hubris:TenFootPole":20,"Meat on the Bone":28,"Lantern":14,"Regal Pillow":20,"hubris:Metronome":20,"Moonworks:GoldenDie":28,"Bag of Preparation":13,"Incense Burner":28,"Juzu Bracelet":46,"Matryoshka":9,"hubris:Backtick":34,"TheAbacus":36,"Mummified Hand":39,"WingedGreaves":11,"Chemical X":14,"Ring of the Snake":0,"hubris:GlazedTorus":2,"Potion Belt":6,"PreservedInsect":36,"Orichalcum":2,"Medical Kit":36,"CaptainsWheel":4,"Anchor":39,"Orrery":39,"Bag of Marbles":41,"Art of War":45,"Membership Card":14,"Bottled Lightning":31,"hubris:Potato":2,"TungstenRod":14,"hubris:OldNail":34,"FossilizedHelix":48,"Moonworks:BrokenBomb":0},{"Ice Cream":1,"Calipers":21,"CeramicFish":20,"Vajra":14,"Whetstone":21,"Boot":14,"Sundial":23,"hubris:DeckOfHolding":8,"HandDrill":11,"Kunai":14,"Pear":19,"Moonworks:LittleGull":11,"hubris:DuctTape":15,"Happy Flower":19,"Blue Candle":19,"Oddly Smooth Stone":19,"Eternal Feather":14,"Pen Nib":8,"War Paint":14,"Runic Dome":9,"OrangePellets":14,"Moonworks:Homemark":0,"Bronze Scales":20,"hubris:PeanutButter":22,"hubris:TenFootPole":11,"Meat on the Bone":14,"Lantern":8,"Regal Pillow":11,"hubris:Metronome":11,"Moonworks:GoldenDie":14,"Bag of Preparation":7,"Incense Burner":14,"Juzu Bracelet":23,"Matryoshka":6,"hubris:Backtick":18,"TheAbacus":19,"Mummified Hand":20,"WingedGreaves":7,"Chemical X":8,"Ring of the Snake":0,"hubris:GlazedTorus":1,"Potion Belt":4,"PreservedInsect":19,"Orichalcum":1,"Medical Kit":19,"CaptainsWheel":2,"Anchor":20,"Orrery":20,"Bag of Marbles":21,"Art of War":23,"Membership Card":8,"Bottled Lightning":17,"hubris:Potato":1,"TungstenRod":8,"hubris:OldNail":18,"FossilizedHelix":24,"Moonworks:BrokenBomb":0},{"Ice Cream":3,"Calipers":32,"CeramicFish":31,"Vajra":25,"Whetstone":32,"Boot":25,"Sundial":34,"hubris:DeckOfHolding":18,"HandDrill":22,"Kunai":25,"Pear":30,"Moonworks:LittleGull":22,"hubris:DuctTape":26,"Happy Flower":30,"Blue Candle":30,"Oddly Smooth Stone":30,"Eternal Feather":25,"Pen Nib":18,"War Paint":25,"Runic Dome":20,"OrangePellets":25,"Moonworks:Homemark":0,"Bronze Scales":31,"hubris:PeanutButter":33,"hubris:TenFootPole":22,"Meat on the Bone":25,"Lantern":18,"Regal Pillow":22,"hubris:Metronome":22,"Moonworks:GoldenDie":25,"Bag of Preparation":15,"Incense Burner":25,"Juzu Bracelet":34,"Matryoshka":13,"hubris:Backtick":29,"TheAbacus":30,"Mummified Hand":31,"WingedGreaves":15,"Chemical X":18,"Ring of the Snake":0,"hubris:GlazedTorus":3,"Potion Belt":9,"PreservedInsect":30,"Orichalcum":3,"Medical Kit":30,"CaptainsWheel":5,"Anchor":31,"Orrery":31,"Bag of Marbles":32,"Art of War":34,"Membership Card":18,"Bottled Lightning":28,"hubris:Potato":3,"TungstenRod":18,"hubris:OldNail":29,"FossilizedHelix":35,"Moonworks:BrokenBomb":0}],"TungstenRod":1,"Meat on the Bone":0},"card_choices":[{"not_picked":["Moonworks:ReproductionOfRecords","Moonworks:CloudOfSeagulls","Moonworks:DeployBits"],"picked":"SKIP","floor":1},{"not_picked":["Moonworks:DevilHand","Moonworks:ImOnFire","Moonworks:ImmovableObject"],"picked":"SKIP","floor":3},{"not_picked":["Moonworks:JonathanRush","Moonworks:SakisCookie","Moonworks:ImOnFire"],"picked":"SKIP","floor":5},{"not_picked":["Moonworks:MiracleWalker","Moonworks:RedAndBlue","Moonworks:FinalSurgery"],"picked":"SKIP","floor":6},{"not_picked":["Moonworks:SakisCookie","Moonworks:DeployBits","Moonworks:BigMagnum"],"picked":"SKIP","floor":7},{"not_picked":["Moonworks:ScrambledEve","Moonworks:LulusLuckyEgg","Moonworks:CloudOfSeagulls"],"picked":"SKIP","floor":8},{"not_picked":["Moonworks:CompletionReward","Moonworks:LuckyCharm","Moonworks:SealedMemories"],"picked":"SKIP","floor":11},{"not_picked":["Moonworks:LuckyCharm","Moonworks:ImOnFire","Moonworks:Assault"],"picked":"SKIP","floor":18},{"not_picked":["Moonworks:DeployBits","Moonworks:CloudOfSeagulls","Moonworks:BackdoorTrade+1"],"picked":"SKIP","floor":19},{"not_picked":["Moonworks:Assault","Moonworks:EvilSpyWorkPreparation","Moonworks:CookingTime"],"picked":"SKIP","floor":21},{"not_picked":["Moonworks:EvilSpyWorkPreparation","Moonworks:Blazing"],"picked":"Moonworks:JonathanRush+1","floor":22},{"not_picked":["Moonworks:ImOnFire","Moonworks:BackdoorTrade","Moonworks:SakisCookie"],"picked":"SKIP","floor":24},{"not_picked":["Moonworks:StiffCrystal+1","Moonworks:ImOnFire","Moonworks:JonathanRush"],"picked":"SKIP","floor":29},{"not_picked":["Moonworks:StiffCrystal+1","Moonworks:ImOnFire"],"picked":"Moonworks:JonathanRush","floor":29},{"not_picked":["Moonworks:SelfDestruct","Moonworks:BeyondHell+1","Moonworks:CloudOfSeagulls"],"picked":"SKIP","floor":30},{"not_picked":["Moonworks:BigMagnum+1","Moonworks:Assault+1","Moonworks:DevilHand"],"picked":"SKIP","floor":31},{"not_picked":["Moonworks:HolyNight","Moonworks:AnotherUltimateWeapon"],"picked":"Moonworks:FinalBattle","floor":33},{"not_picked":["Moonworks:SweetBattle+1","Moonworks:BigMagnum+1","Moonworks:SakisCookie"],"picked":"SKIP","floor":35},{"not_picked":["Moonworks:BigBangBell+1","Moonworks:BigMagnum","Moonworks:EvilSpyWorkPreparation+1"],"picked":"SKIP","floor":38},{"not_picked":["Moonworks:RedAndBlue","Moonworks:EvilSpyWorkPreparation"],"picked":"Moonworks:ImOnFire+1","floor":39},{"not_picked":["Moonworks:Dinner+1","Moonworks:SubspaceTunnel","Moonworks:IndiscriminateFireSupport"],"picked":"SKIP","floor":41},{"not_picked":["Moonworks:SubspaceTunnel","Moonworks:IndiscriminateFireSupport"],"picked":"Moonworks:Dinner+1","floor":41},{"not_picked":["Moonworks:CastOff+1","Moonworks:Poppoformation+1","Moonworks:NicePresent"],"picked":"SKIP","floor":44},{"not_picked":["Moonworks:NicePresent+1","Moonworks:SweetBattle","Moonworks:IndiscriminateFireSupport+1"],"picked":"SKIP","floor":45},{"not_picked":["Moonworks:SakisCookie+1","Moonworks:NicePresent","Moonworks:CastOff+1"],"picked":"SKIP","floor":48}],"player_experience":739063,"relics_obtained":[{"floor":4,"key":"CaptainsWheel"},{"floor":6,"key":"Potion Belt"},{"floor":9,"key":"Matryoshka"},{"floor":11,"key":"WingedGreaves"},{"floor":24,"key":"Vajra"},{"floor":26,"key":"Boot"},{"floor":26,"key":"Kunai"},{"floor":29,"key":"hubris:DuctTape"},{"floor":31,"key":"Bottled Lightning"},{"floor":41,"key":"Bag of Marbles"},{"floor":43,"key":"Whetstone"},{"floor":43,"key":"Calipers"},{"floor":44,"key":"hubris:PeanutButter"},{"floor":45,"key":"Art of War"},{"floor":48,"key":"FossilizedHelix"}],"event_choices":[{"damage_healed":0,"gold_gain":0,"player_choice":"Relic","damage_taken":0,"max_hp_gain":0,"max_hp_loss":0,"event_name":"Wheel of Change","floor":4,"gold_loss":0},{"damage_healed":43,"gold_gain":0,"player_choice":"Embrace","damage_taken":0,"max_hp_gain":0,"max_hp_loss":60,"event_name":"betterThird:BetterShining","floor":12,"gold_loss":0},{"damage_healed":0,"gold_gain":30,"player_choice":"Searched \u00273\u0027 times","damage_taken":0,"relics_obtained":["Bag of Preparation"],"max_hp_gain":0,"max_hp_loss":0,"event_name":"Dead Adventurer","floor":13,"gold_loss":0},{"damage_healed":0,"gold_gain":0,"player_choice":"Paid Gold","damage_taken":0,"relics_obtained":["Blue Candle"],"max_hp_gain":0,"max_hp_loss":0,"event_name":"WeMeetAgain","floor":37,"gold_loss":140},{"damage_healed":0,"gold_gain":0,"player_choice":"Punched","damage_taken":3,"max_hp_gain":0,"max_hp_loss":0,"event_name":"Designer","floor":47,"gold_loss":0}],"is_beta":false,"boss_relics":[{"not_picked":["SacredBark","Tiny House"],"picked":"Runic Dome"},{"not_picked":["Coffee Dripper","Velvet Choker"],"picked":"hubris:Backtick"}],"items_purged_floors":[2,2,14,20,20,28,36],"is_endless":false,"potions_floor_spawned":[1,3,7,18,19,22,30,44,45],"ascension_level":1}}