{"host":"qj2ynjh122p6ybyd","time":1613308106,"event":{"mods":["AchievementEnabler","Aspiration","BaseMod","Better Match","Better Note","Highlight Path","Infinite Spire","Minty Spire (QoL Compilation)","Quick Restart","Relic Stats","Reliquary","Replay The Spire","StSLib","SuperFastMode","The Blackbeard","The Gatherer"],"gold_per_floor":[111,211,222,222,233,264,279,87,87,87,117,117,129,71,141,141,141],"floor_reached":16,"language":"RUS","playtime":360,"items_purged":[],"score":170,"play_id":"50e964e1-b50c-4c2e-8290-52f234289632","local_time":"20210214150826","is_ascension_mode":true,"campfire_choices":[{"floor":10,"key":"REST"},{"floor":12,"key":"REST"}],"circlet_count":0,"master_deck":["AscendersBane","Strike_B","Strike_B","Strike_B","Strike_B","Defend_B","Defend_B","Defend_B","Zap","Dualcast","Cold Snap","Reprogram+1","Coolheaded","Cold Snap","Violence","Loop+1"],"relics":["Cracked Core","NeowsBlessing","infinitespire:Satchel","Carrot"],"acts_visited":["Exordium"],"potions_floor_usage":[16],"damage_taken":[{"damage":0,"enemies":"2 Louse","floor":1,"turns":1},{"damage":0,"enemies":"Cultist","floor":3,"turns":1},{"damage":0,"enemies":"Small Slimes","floor":5,"turns":1},{"damage":29,"enemies":"Gremlin Nob","floor":6,"turns":5},{"damage":24,"enemies":"Exordium Wildlife","floor":7,"turns":6},{"damage":1,"enemies":"Large Slime","floor":13,"turns":6},{"damage":76,"enemies":"Slime Boss","floor":16,"turns":12}],"seed_played":"1424203558114621394","potions_obtained":[{"floor":5,"key":"Dexterity Potion"},{"floor":6,"key":"FairyPotion"}],"is_trial":false,"path_per_floor":["M","?","M","?","M","E","M","$","T","R","?","R","M","$","R","B"],"character_chosen":"DEFECT","items_purchased":["Violence","Loop+1"],"campfire_rested":2,"item_purchase_floors":[8,14],"current_hp_per_floor":[64,64,64,64,64,35,11,11,11,32,32,53,52,52,52,0,0],"gold":141,"neow_bonus":"THREE_ENEMY_KILL","is_daily":false,"chose_seed":false,"campfire_upgraded":0,"win_rate":0.0,"timestamp":1613308106,"path_taken":["M","?","?","?","M","E","M","?","T","R","?","R","M","$","R","BOSS"],"items_purchased_type":["Card","Card"],"build_version":"2020-12-22","purchased_purges":0,"victory":false,"max_hp_per_floor":[71,71,71,71,71,71,71,71,71,71,71,71,71,71,71,71,71],"relic_stats":{"counters":[7,32],"obtain_stats":[{"Carrot":9,"NeowsBlessing":0,"infinitespire:Satchel":6,"Cracked Core":0},{"Carrot":5,"NeowsBlessing":0,"infinitespire:Satchel":4,"Cracked Core":0},{"Carrot":14,"NeowsBlessing":0,"infinitespire:Satchel":8,"Cracked Core":0}]},"card_choices":[{"not_picked":["Turbo","Streamline"],"picked":"Cold Snap","floor":1},{"not_picked":["Stack","ReplayGash","Leap"],"picked":"SKIP","floor":3},{"not_picked":["Reboot","Reprogram","Beam Cell"],"picked":"SKIP","floor":5},{"not_picked":["Hologram","Leap"],"picked":"Coolheaded","floor":6},{"not_picked":["Reinforced Body","Hologram"],"picked":"Cold Snap","floor":7},{"not_picked":["Conserve Battery","Streamline","Turbo"],"picked":"SKIP","floor":13}],"player_experience":385361,"relics_obtained":[{"floor":6,"key":"infinitespire:Satchel"},{"floor":9,"key":"Carrot"}],"event_choices":[{"damage_healed":0,"gold_gain":100,"player_choice":"Gold","damage_taken":0,"max_hp_gain":0,"max_hp_loss":0,"event_name":"Wheel of Change","floor":2,"gold_loss":0},{"damage_healed":0,"gold_gain":30,"player_choice":"Searched \u00271\u0027 times","damage_taken":0,"max_hp_gain":0,"max_hp_loss":0,"event_name":"Dead Adventurer","floor":11,"gold_loss":0}],"is_beta":false,"boss_relics":[],"items_purged_floors":[],"is_endless":false,"potions_floor_spawned":[5,6,13],"killed_by":"Slime Boss","ascension_level":14}}