{"host":"a70birb7gb03c330","time":1613338087,"event":{"mods":["Act Like it!","BaseMod","Better Vampires","Disable Question Mark Monsters","Minty Spire (QoL Compilation)","Permanent Neow","Shade Mod","StSLib"],"gold_per_floor":[109,15,33,44,55,80,90,90,117,117,143,120,152,164,176,284,296,321,333,220,252,214,214,233,233,233],"floor_reached":25,"language":"ENG","playtime":913,"items_purged":["Shade:CarefulCut"],"score":263,"play_id":"02a8e769-3836-4976-bccd-a3e2c39ce32c","local_time":"20210214132807","is_ascension_mode":false,"campfire_choices":[{"data":"Shade:Bonestorm","floor":8,"key":"SMITH"},{"floor":15,"key":"REST"},{"data":"Shade:Bonestorm","floor":23,"key":"SMITH"}],"circlet_count":0,"master_deck":["Shade:Defend_Shade","Shade:Defend_Shade+1","Shade:Defend_Shade+1","Shade:Defend_Shade","Shade:AnimateDead","Shade:Trample","Shade:FreshBones","Shade:Bonestorm+1","Shade:Bonestorm+1","Shade:CommandSoldier","Shade:OpenGraves","Shade:OpenGraves","Shade:CloudOfShrapnel"],"relics":["Shade:YorickSkull","Singing Bowl","Smiling Mask","MawBank","Empty Cage","MutagenicStrength","Bag of Preparation"],"acts_visited":["Exordium","TheCity"],"potions_floor_usage":[25],"damage_taken":[{"damage":0,"enemies":"Cultist","floor":1,"turns":4},{"damage":2,"enemies":"Jaw Worm","floor":3,"turns":3},{"damage":0,"enemies":"Small Slimes","floor":4,"turns":2},{"damage":6,"enemies":"Looter","floor":5,"turns":2},{"damage":18,"enemies":"3 Sentries","floor":6,"turns":4},{"damage":11,"enemies":"Exordium Thugs","floor":7,"turns":4},{"damage":23,"enemies":"Lagavulin","floor":11,"turns":4},{"damage":1,"enemies":"2 Fungi Beasts","floor":13,"turns":2},{"damage":0,"enemies":"Slime Boss","floor":16,"turns":7},{"damage":0,"enemies":"Chosen","floor":18,"turns":4},{"damage":18,"enemies":"Shell Parasite","floor":21,"turns":6},{"damage":13,"enemies":"Chosen and Byrds","floor":24,"turns":4},{"damage":41,"enemies":"Book of Stabbing","floor":25,"turns":6}],"seed_played":"8480745476059950066","potions_obtained":[{"floor":3,"key":"DistilledChaos"},{"floor":7,"key":"DistilledChaos"},{"floor":11,"key":"SpeedPotion"}],"is_trial":false,"path_per_floor":["M","$","M","M","M","E","M","R","T","?","E","?","M","?","R","B",null,"M","?","?","M","$","R","M","E"],"character_chosen":"SHADE","items_purchased":["Shade:FreshBones","Shade:Bonestorm"],"campfire_rested":1,"item_purchase_floors":[2,2],"current_hp_per_floor":[59,59,57,57,51,35,24,24,24,44,23,38,37,24,42,44,65,67,67,67,51,51,51,40,0,0],"gold":233,"neow_bonus":"REMOVE_TWO","is_daily":false,"chose_seed":false,"campfire_upgraded":2,"win_rate":0.0,"timestamp":1613338087,"path_taken":["M","?","M","M","?","E","M","R","T","?","E","?","M","?","R","BOSS","M","?","?","M","$","R","?","E"],"items_purchased_type":["Card","Card"],"build_version":"2020-12-22","purchased_purges":1,"victory":false,"max_hp_per_floor":[59,59,59,59,59,61,61,61,61,61,63,63,63,63,63,65,65,67,67,67,69,69,69,71,71,71],"card_choices":[{"not_picked":["Shade:Doomsay","Shade:Excise"],"picked":"Shade:Trample","floor":1},{"not_picked":["Shade:FeralStrike","Shade:ClawBack"],"picked":"Shade:Bonestorm","floor":3},{"not_picked":["Shade:WallOfFlesh","Shade:GreyBargain"],"picked":"Shade:CommandSoldier","floor":4},{"not_picked":["Shade:FingerOfDeath","Shade:BoneShards"],"picked":"Shade:OpenGraves","floor":5},{"not_picked":["Shade:BoneShards","Shade:Consume","Shade:CallWraith"],"picked":"Singing Bowl","floor":6},{"not_picked":["Shade:Trample","Shade:TouchOfTheGrave"],"picked":"Shade:OpenGraves","floor":7},{"not_picked":["Shade:Premonition","Shade:PoundOfFlesh","Shade:OpenGraves"],"picked":"Singing Bowl","floor":11},{"not_picked":["Shade:SpontaneousRitual","Shade:SensePrey"],"picked":"Shade:CloudOfShrapnel","floor":13},{"not_picked":["Shade:SoulPierce","Shade:Putrefaction","Shade:Tombstone"],"picked":"Singing Bowl","floor":16},{"not_picked":["Shade:Awaken","Shade:FuneraryArmor","Shade:FeralStrike"],"picked":"Singing Bowl","floor":18},{"not_picked":["Shade:SanguineRitual","Shade:Doomsay","Shade:ClawBack"],"picked":"Singing Bowl","floor":21},{"not_picked":["Shade:WallOfFlesh","Shade:Excise+1","Shade:Carnophage"],"picked":"Singing Bowl","floor":24}],"player_experience":7309,"relics_obtained":[{"floor":6,"key":"Singing Bowl"},{"floor":9,"key":"Smiling Mask"},{"floor":11,"key":"MawBank"}],"event_choices":[{"damage_healed":20,"gold_gain":0,"player_choice":"Banana","damage_taken":0,"max_hp_gain":0,"max_hp_loss":0,"event_name":"Big Fish","floor":10,"gold_loss":0},{"damage_healed":15,"gold_gain":0,"player_choice":"Healed","damage_taken":0,"max_hp_gain":0,"max_hp_loss":0,"event_name":"The Cleric","floor":12,"gold_loss":35},{"damage_healed":0,"gold_gain":0,"player_choice":"Entered Light","damage_taken":13,"max_hp_gain":0,"max_hp_loss":0,"event_name":"Shining Light","floor":14,"gold_loss":0,"cards_upgraded":["Shade:Defend_Shade","Shade:Defend_Shade"]},{"damage_healed":0,"gold_gain":0,"player_choice":"Inject Mutagens","damage_taken":0,"relics_obtained":["MutagenicStrength"],"max_hp_gain":0,"max_hp_loss":0,"event_name":"Drug Dealer","floor":19,"gold_loss":0},{"damage_healed":0,"gold_gain":0,"player_choice":"Paid Gold","damage_taken":0,"relics_obtained":["Bag of Preparation"],"max_hp_gain":0,"max_hp_loss":0,"event_name":"WeMeetAgain","floor":20,"gold_loss":125}],"is_beta":false,"boss_relics":[{"not_picked":["Calling Bell","Black Star"],"picked":"Empty Cage"}],"items_purged_floors":[22],"is_endless":false,"potions_floor_spawned":[3,7,11,16],"killed_by":"Book of Stabbing","ascension_level":0}}