{"host":"8cqz7u612ax6p4mk","time":1613341754,"event":{"mods":["AchievementEnabler","BaseMod","Bestiary","Colored Map","DeckTracker","Highlight Path","Minty Spire (QoL Compilation)","Relic Stats","The Servant 0.9.4"],"gold_per_floor":[117,131,141,161,161,190,208,242,242,242,12,22,37,56,56,155,205,220,232,52,2,12,38,38,49,49,62,72,72,86,113,113,214,214,226,226,226,245,263,295,313,65,118,118,137,150,183,194,194,194],"floor_reached":51,"language":"ENG","playtime":2640,"items_purged":["Defend_S","SpecialFormula","Decay"],"score":1105,"play_id":"2078335d-b7ff-4f61-a519-72ae1aa130b8","local_time":"20210214172914","is_ascension_mode":true,"campfire_choices":[{"data":"Moondial","floor":10,"key":"SMITH"},{"data":"Comet","floor":15,"key":"SMITH"},{"data":"Moondial","floor":24,"key":"SMITH"},{"data":"KidneyShot","floor":29,"key":"SMITH"},{"data":"SoulSculpture","floor":32,"key":"SMITH"},{"floor":44,"key":"REST"},{"floor":49,"key":"RECALL"}],"circlet_count":0,"master_deck":["Strike_S","Strike_S","Strike_S","Defend_S","KidneyShot+1","Exchange","Comet+1","Moondial+1","InstantArmor","Manipulate","BottledTime","Sunlight+1","Advance","Desolation","Moondial+1","SoulSculpture+1","Luminosity","RealityMarble","FloweringNight","BottledTime+1","BottledTime"],"relics":["Uniform","CultistMask","PaperSwan","Meat on the Bone","Ice Cream","Chemical X","Tiny House","Sundial","KneeBrace","Ginger","Fusion Hammer","MealTicket","Art of War","Eternal Feather"],"acts_visited":["Exordium","TheCity","TheBeyond"],"potions_floor_usage":[16,16,23,41],"damage_taken":[{"damage":2,"enemies":"Small Slimes","floor":1,"turns":4},{"damage":0,"enemies":"Cultist","floor":2,"turns":3},{"damage":0,"enemies":"2 Louse","floor":3,"turns":1},{"damage":4,"enemies":"Red Slaver","floor":4,"turns":3},{"damage":19,"enemies":"Gremlin Nob","floor":6,"turns":4},{"damage":12,"enemies":"Blue Slaver","floor":7,"turns":4},{"damage":10,"enemies":"3 Sentries","floor":8,"turns":7},{"damage":6,"enemies":"Large Slime","floor":12,"turns":3},{"damage":0,"enemies":"Exordium Thugs","floor":13,"turns":4},{"damage":0,"enemies":"3 Louse","floor":14,"turns":2},{"damage":0,"enemies":"Slime Boss","floor":16,"turns":6},{"damage":2,"enemies":"Chosen","floor":18,"turns":3},{"damage":30,"enemies":"2 Thieves","floor":19,"turns":4},{"damage":6,"enemies":"Sentry and Sphere","floor":22,"turns":4},{"damage":6,"enemies":"Gremlin Leader","floor":23,"turns":3},{"damage":7,"enemies":"Shelled Parasite and Fungi","floor":25,"turns":2},{"damage":0,"enemies":"Chosen and Byrds","floor":27,"turns":3},{"damage":0,"enemies":"Sentry and Sphere","floor":28,"turns":5},{"damage":4,"enemies":"Snake Plant","floor":30,"turns":4},{"damage":0,"enemies":"Book of Stabbing","floor":31,"turns":3},{"damage":18,"enemies":"Automaton","floor":33,"turns":9},{"damage":0,"enemies":"Orb Walker","floor":35,"turns":2},{"damage":0,"enemies":"3 Darklings","floor":38,"turns":2},{"damage":21,"enemies":"4 Shapes","floor":39,"turns":4},{"damage":0,"enemies":"Reptomancer","floor":40,"turns":3},{"damage":3,"enemies":"Spire Growth","floor":41,"turns":3},{"damage":0,"enemies":"3 Darklings","floor":45,"turns":2},{"damage":14,"enemies":"4 Shapes","floor":46,"turns":4},{"damage":0,"enemies":"Giant Head","floor":47,"turns":5},{"damage":0,"enemies":"Transient","floor":48,"turns":5},{"damage":40,"enemies":"Donu and Deca","floor":50,"turns":5}],"seed_played":"-7906735913819346956","potions_obtained":[{"floor":1,"key":"Ancient Potion"},{"floor":2,"key":"DuplicationPotion"},{"floor":7,"key":"SpeedPotion"},{"floor":12,"key":"DistilledChaos"},{"floor":14,"key":"EntropicBrew"},{"floor":16,"key":"DuplicationPotion"},{"floor":17,"key":"Strength Potion"},{"floor":28,"key":"Swift Potion"},{"floor":40,"key":"EntropicBrew"},{"floor":47,"key":"DistilledChaos"}],"is_trial":false,"path_per_floor":["M","M","M","M","?","E","M","E","T","R","$","M","M","M","R","B",null,"M","M","$","?","M","E","R","M","T","M","M","R","M","E","R","B",null,"M","?","?","M","M","E","M","$","T","R","M","M","E","M","R","B",null],"character_chosen":"THE_SERVANT","items_purchased":["Chemical X","Desolation","FloweringNight","SteroidPotion"],"campfire_rested":1,"item_purchase_floors":[11,20,42,42],"current_hp_per_floor":[59,59,59,55,55,36,24,14,14,14,14,20,37,37,37,37,59,57,39,39,39,33,39,39,44,44,44,44,44,40,40,40,34,57,57,57,57,57,36,36,33,48,48,64,64,50,50,50,62,34],"gold":194,"neow_bonus":"TRANSFORM_TWO_CARDS","is_daily":false,"chose_seed":false,"campfire_upgraded":5,"win_rate":0.0,"timestamp":1613341754,"path_taken":["M","M","M","M","?","E","?","E","T","R","$","M","M","M","R","BOSS","M","M","$","?","M","E","R","?","T","M","M","R","M","E","R","BOSS","M","?","?","M","M","E","M","$","T","R","?","M","E","M","R","BOSS"],"items_purchased_type":["Relic","Card","Card","Potion"],"build_version":"2020-12-22","purchased_purges":3,"victory":true,"max_hp_per_floor":[59,59,59,59,59,59,59,59,59,59,59,59,59,59,59,59,64,64,64,64,64,64,64,64,64,64,64,64,64,64,64,64,64,64,64,64,64,64,64,64,64,64,64,64,64,64,64,64,64,64],"relic_stats":{"counters":[31,116],"Sundial":[10],"MealTicket":15,"Eternal Feather":12,"Art of War":[0],"Chemical X":[24],"Ginger":[3],"obtain_stats":[{"Ice Cream":9,"Tiny House":17,"KneeBrace":26,"Eternal Feather":47,"Uniform":0,"PaperSwan":6,"Ginger":31,"Sundial":23,"MealTicket":40,"CultistMask":5,"Fusion Hammer":34,"Art of War":43,"Chemical X":11,"Meat on the Bone":8},{"Ice Cream":7,"Tiny House":11,"KneeBrace":16,"Eternal Feather":29,"Uniform":0,"PaperSwan":5,"Ginger":20,"Sundial":15,"MealTicket":25,"CultistMask":4,"Fusion Hammer":21,"Art of War":26,"Chemical X":7,"Meat on the Bone":7},{"Ice Cream":26,"Tiny House":41,"KneeBrace":57,"Eternal Feather":106,"Uniform":0,"PaperSwan":15,"Ginger":72,"Sundial":55,"MealTicket":92,"CultistMask":11,"Fusion Hammer":81,"Art of War":95,"Chemical X":26,"Meat on the Bone":26}],"Meat on the Bone":84},"card_choices":[{"not_picked":["Shuttle","TimeWarp"],"picked":"Moondial","floor":1},{"not_picked":["Defy","Deadline"],"picked":"InstantArmor","floor":2},{"not_picked":["Rewind","Rearm","SurpressingFire"],"picked":"SKIP","floor":3},{"not_picked":["ShatteredReality","Desolation","BestPractice"],"picked":"SKIP","floor":4},{"not_picked":["Replace","Duplication","Unruled"],"picked":"SKIP","floor":6},{"not_picked":["Unruled","Snipe","Rearm"],"picked":"SKIP","floor":7},{"not_picked":["Rearm","Replace"],"picked":"Manipulate","floor":8},{"not_picked":["ForgedInTime","Reset","StarChef"],"picked":"SKIP","floor":12},{"not_picked":["MoonPhase","Ricochet"],"picked":"BottledTime","floor":13},{"not_picked":["Revamp","Alleviate","Potential"],"picked":"SKIP","floor":14},{"not_picked":["MurderousAura","TheWorld"],"picked":"Sunlight","floor":16},{"not_picked":["Spin+1","Starlight"],"picked":"Advance","floor":18},{"not_picked":["Ricochet","Spin","Collapse"],"picked":"SKIP","floor":19},{"not_picked":["Revamp","Ricochet+1","Potential+1"],"picked":"SKIP","floor":22},{"not_picked":["Unruled","Spin+1"],"picked":"Moondial","floor":23},{"not_picked":["Collapse","FastForward+1","Deadline+1"],"picked":"SKIP","floor":25},{"not_picked":["Rewind","TimeTheft","FastForward"],"picked":"SKIP","floor":27},{"not_picked":["TimeTheft","DoubleEdge+1","Revamp"],"picked":"SKIP","floor":28},{"not_picked":["Read","FastForward"],"picked":"SoulSculpture","floor":30},{"not_picked":["Replace","Contraction","ShatteredReality+1"],"picked":"SKIP","floor":31},{"not_picked":["Defy+1","MoonPhase+1","DoubleEdge+1"],"picked":"SKIP","floor":35},{"not_picked":["Starlight+1","Initiator"],"picked":"Luminosity","floor":38},{"not_picked":["Ricochet+1","Moonlight+1","Defy+1"],"picked":"SKIP","floor":39},{"not_picked":["Gouge","ShatteredReality","Defy"],"picked":"SKIP","floor":40},{"not_picked":["FastForward+1","Potential+1"],"picked":"RealityMarble","floor":41},{"not_picked":["StarChef","Defy","DoubleEdge+1"],"picked":"SKIP","floor":45},{"not_picked":["Duplication","Alleviate+1","Luminosity"],"picked":"SKIP","floor":46},{"not_picked":["Ricochet+1","Replace"],"picked":"BottledTime+1","floor":47},{"not_picked":["TimeWarp+1","Sabotage+1"],"picked":"BottledTime","floor":48}],"player_experience":196023,"relics_obtained":[{"floor":6,"key":"PaperSwan"},{"floor":8,"key":"Meat on the Bone"},{"floor":9,"key":"Ice Cream"},{"floor":23,"key":"Sundial"},{"floor":26,"key":"KneeBrace"},{"floor":31,"key":"Ginger"},{"floor":40,"key":"MealTicket"},{"floor":43,"key":"Art of War"},{"floor":47,"key":"Eternal Feather"}],"event_choices":[{"damage_healed":0,"gold_gain":0,"player_choice":"Trade","damage_taken":0,"relics_obtained":["CultistMask"],"max_hp_gain":0,"max_hp_loss":0,"event_name":"FaceTrader","floor":5,"gold_loss":0},{"damage_healed":0,"gold_gain":0,"player_choice":"Bet on Owner","damage_taken":0,"max_hp_gain":0,"max_hp_loss":0,"event_name":"The Joust","floor":21,"gold_loss":50},{"cards_removed":["Defend_S"],"damage_healed":0,"gold_gain":0,"player_choice":"Removed Skill","damage_taken":0,"max_hp_gain":0,"max_hp_loss":0,"event_name":"Falling","floor":36,"gold_loss":0},{"damage_healed":0,"gold_gain":0,"player_choice":"Cursed","damage_taken":0,"max_hp_gain":0,"max_hp_loss":0,"event_name":"Wheel of Change","floor":37,"gold_loss":0,"cards_obtained":["Decay"]}],"is_beta":false,"boss_relics":[{"not_picked":["Sozu","Coffee Dripper"],"picked":"Tiny House"},{"not_picked":["Black Star","Busted Crown"],"picked":"Fusion Hammer"}],"items_purged_floors":[11,20,42],"is_endless":false,"potions_floor_spawned":[1,2,7,12,13,14,16,19,22,28,30,31,33,38,39,40,47],"ascension_level":5}}