{"host":"jpzdg3po3tjxdjri","time":1613325877,"event":{"mods":["BaseMod","Better Third Choice","Colored Map","Colored Powertips","Minty Spire (QoL Compilation)","StSLib"],"gold_per_floor":[113,113,134,153,173,207,223,264,264,264,284,284,234,111,111,236,299,269,285,34,34,57,97,97,137,186,209,233,233,267,267,267,388,388,402,9,342,361,373,404,415,415,415,443,443,443,443,471,471,471,471,471,56,82,82,82],"floor_reached":55,"language":"ENG","playtime":2421,"items_purged":["Defend_B","Strike_B"],"score":839,"play_id":"30eee7c5-ad75-401e-95d2-6b2f318d68f7","local_time":"20210214180437","is_ascension_mode":true,"campfire_choices":[{"data":"Static Discharge","floor":10,"key":"SMITH"},{"floor":12,"key":"RECALL"},{"data":"Loop","floor":15,"key":"SMITH"},{"floor":29,"key":"REST"},{"floor":32,"key":"REST"},{"data":"Echo Form","floor":42,"key":"SMITH"},{"data":"Barrage","floor":45,"key":"SMITH"},{"data":"Blizzard","floor":47,"key":"SMITH"},{"data":"Capacitor","floor":49,"key":"SMITH"},{"data":"Redo","floor":52,"key":"SMITH"}],"circlet_count":0,"master_deck":["Strike_B","Strike_B","Defend_B","Defend_B","Defend_B+1","Zap+1","Dualcast","Loop+1","Cold Snap","Redo+1","Conserve Battery+1","Static Discharge+1","Cold Snap","Cold Snap","Blizzard+1","Leap","Echo Form+1","Rebound","Barrage+1","Go for the Eyes+1","FTL","Sweeping Beam","Capacitor+1","Coolheaded","Leap","FTL+1","Leap","Core Surge","Melter+1","Capacitor","Writhe","Ball Lightning+1"],"relics":["Cracked Core","DataDisk","Emotion Chip","Akabeko","Eternal Feather","Tiny House","Ornamental Fan","MutagenicStrength","War Paint","Ginger","Bag of Preparation","Mummified Hand","Nilry\u0027s Codex","Busted Crown","Boot","Anchor","FossilizedHelix","Bird Faced Urn","White Beast Statue","Kunai","HandDrill","Strawberry"],"acts_visited":["Exordium","TheCity","TheBeyond","TheEnding"],"potions_floor_usage":[8,25,28,30,33,40,55,55,55],"damage_taken":[{"damage":2,"enemies":"2 Louse","floor":1,"turns":2},{"damage":5,"enemies":"Small Slimes","floor":3,"turns":3},{"damage":1,"enemies":"Jaw Worm","floor":4,"turns":4},{"damage":0,"enemies":"Looter","floor":5,"turns":3},{"damage":28,"enemies":"Lagavulin","floor":6,"turns":7},{"damage":0,"enemies":"Exordium Wildlife","floor":7,"turns":3},{"damage":8,"enemies":"Gremlin Nob","floor":8,"turns":5},{"damage":0,"enemies":"3 Louse","floor":11,"turns":2},{"damage":1,"enemies":"Slime Boss","floor":16,"turns":10},{"damage":17,"enemies":"2 Thieves","floor":18,"turns":5},{"damage":5,"enemies":"Chosen","floor":19,"turns":4},{"damage":11,"enemies":"Sentry and Sphere","floor":22,"turns":4},{"damage":20,"enemies":"Gremlin Leader","floor":23,"turns":6},{"damage":6,"enemies":"Book of Stabbing","floor":25,"turns":5},{"damage":17,"enemies":"Cultist and Chosen","floor":27,"turns":5},{"damage":0,"enemies":"Chosen and Byrds","floor":28,"turns":5},{"damage":12,"enemies":"Slavers","floor":30,"turns":4},{"damage":12,"enemies":"Automaton","floor":33,"turns":10},{"damage":0,"enemies":"3 Shapes","floor":35,"turns":6},{"damage":4,"enemies":"Orb Walker","floor":38,"turns":3},{"damage":10,"enemies":"Transient","floor":39,"turns":5},{"damage":34,"enemies":"Reptomancer","floor":40,"turns":7},{"damage":0,"enemies":"Sphere and 2 Shapes","floor":41,"turns":3},{"damage":17,"enemies":"Giant Head","floor":44,"turns":10},{"damage":21,"enemies":"Nemesis","floor":48,"turns":6},{"damage":31,"enemies":"Time Eater","floor":50,"turns":8},{"damage":77,"enemies":"Shield and Spear","floor":54,"turns":8},{"damage":25,"enemies":"The Heart","floor":55,"turns":3}],"seed_played":"5345782595075914095","potions_obtained":[{"floor":3,"key":"Block Potion"},{"floor":4,"key":"Dexterity Potion"},{"floor":11,"key":"Block Potion"},{"floor":17,"key":"SteroidPotion"},{"floor":27,"key":"SkillPotion"},{"floor":28,"key":"SkillPotion"},{"floor":30,"key":"Regen Potion"},{"floor":33,"key":"AttackPotion"},{"floor":38,"key":"DuplicationPotion"},{"floor":40,"key":"EssenceOfSteel"}],"is_trial":false,"path_per_floor":["M","?","M","M","M","E","M","E","T","R","M","R","?","$","R","B",null,"M","M","$","?","M","E","?","E","T","M","M","R","E","?","R","B",null,"M","$","?","M","M","E","M","R","T","E","R","?","R","E","R","B",null,"R","$","E","B"],"character_chosen":"DEFECT","items_purchased":["Leap","Ornamental Fan","Boot","Anchor","Kunai","HandDrill"],"campfire_rested":2,"item_purchase_floors":[14,20,36,36,53,53],"current_hp_per_floor":[73,55,50,49,49,21,21,13,13,22,22,31,31,31,40,39,80,63,58,58,58,47,27,27,21,21,4,4,43,31,15,54,57,80,80,80,80,76,66,32,32,50,50,33,51,71,80,75,80,63,80,80,80,18,0,0],"gold":82,"neow_bonus":"RANDOM_COMMON_RELIC","is_daily":false,"chose_seed":false,"campfire_upgraded":7,"win_rate":0.0,"timestamp":1613325877,"path_taken":["M","?","M","M","M","E","M","E","T","R","M","R","?","?","R","BOSS","M","M","$","?","M","E","?","E","T","M","M","R","E","?","R","BOSS","M","$","?","M","M","E","M","R","T","E","R","?","R","E","R","BOSS","R","$","E","BOSS"],"items_purchased_type":["Card","Relic","Relic","Relic","Relic","Relic"],"build_version":"2020-12-22","purchased_purges":2,"victory":false,"max_hp_per_floor":[75,75,75,75,75,75,75,75,75,75,75,75,75,75,75,75,80,80,80,80,80,80,80,80,80,80,80,80,80,80,80,80,80,80,80,80,80,80,80,80,80,80,80,80,80,80,80,80,80,80,80,80,80,87,87,87],"card_choices":[{"not_picked":["Sweeping Beam","Leap"],"picked":"Loop","floor":1},{"not_picked":["Compile Driver","Hologram"],"picked":"Cold Snap","floor":3},{"not_picked":["Turbo","Stack"],"picked":"Redo","floor":4},{"not_picked":["Turbo","Reboot"],"picked":"Conserve Battery","floor":5},{"not_picked":["Rebound","Streamline"],"picked":"Static Discharge","floor":6},{"not_picked":["Scrape","Doom and Gloom"],"picked":"Cold Snap","floor":7},{"not_picked":["Double Energy","Heatsinks"],"picked":"Cold Snap","floor":8},{"not_picked":["Barrage","Conserve Battery"],"picked":"Blizzard","floor":11},{"not_picked":["Biased Cognition","Buffer"],"picked":"Echo Form","floor":16},{"not_picked":["Hologram","Redo"],"picked":"Rebound","floor":17},{"not_picked":["Biased Cognition","Self Repair"],"picked":"Barrage","floor":18},{"not_picked":["Recycle","Gash"],"picked":"Go for the Eyes+1","floor":19},{"not_picked":["Sweeping Beam","Hologram"],"picked":"FTL","floor":22},{"not_picked":["Amplify","Barrage"],"picked":"Sweeping Beam","floor":23},{"not_picked":["Hologram","Hyperbeam"],"picked":"Coolheaded","floor":25},{"not_picked":["Storm","Steam Power"],"picked":"Leap","floor":27},{"not_picked":["White Noise","Sunder"],"picked":"FTL+1","floor":28},{"not_picked":["Redo","Steam+1"],"picked":"Leap","floor":30},{"not_picked":["Fission","Thunder Strike"],"picked":"Core Surge","floor":33},{"not_picked":["Beam Cell"],"picked":"SKIP","floor":35},{"not_picked":[],"picked":"Melter+1","floor":38},{"not_picked":[],"picked":"Capacitor","floor":39},{"not_picked":["Compile Driver"],"picked":"SKIP","floor":40},{"not_picked":["Doom and Gloom+1"],"picked":"SKIP","floor":41},{"not_picked":["Hello World"],"picked":"SKIP","floor":44},{"not_picked":["Reinforced Body+1"],"picked":"SKIP","floor":48},{"not_picked":[],"picked":"Ball Lightning+1","floor":54}],"player_experience":905455,"relics_obtained":[{"floor":6,"key":"Emotion Chip"},{"floor":8,"key":"Akabeko"},{"floor":9,"key":"Eternal Feather"},{"floor":23,"key":"War Paint"},{"floor":25,"key":"Ginger"},{"floor":26,"key":"Bag of Preparation"},{"floor":30,"key":"Mummified Hand"},{"floor":31,"key":"Nilry\u0027s Codex"},{"floor":40,"key":"FossilizedHelix"},{"floor":44,"key":"Bird Faced Urn"},{"floor":48,"key":"White Beast Statue"},{"floor":54,"key":"Strawberry"}],"event_choices":[{"damage_healed":0,"gold_gain":0,"player_choice":"Take Damage","damage_taken":18,"relics_obtained":["Golden Idol"],"max_hp_gain":0,"max_hp_loss":0,"event_name":"Golden Idol","floor":2,"gold_loss":0},{"cards_removed":["Strike_B"],"damage_healed":0,"gold_gain":0,"player_choice":"Card Removal","damage_taken":0,"max_hp_gain":0,"max_hp_loss":0,"event_name":"The Cleric","floor":13,"gold_loss":50},{"damage_healed":0,"gold_gain":0,"player_choice":"Inject Mutagens","damage_taken":0,"relics_obtained":["MutagenicStrength"],"max_hp_gain":0,"max_hp_loss":0,"event_name":"Drug Dealer","floor":21,"gold_loss":0},{"damage_healed":0,"gold_gain":0,"player_choice":"Read","damage_taken":0,"max_hp_gain":0,"max_hp_loss":0,"event_name":"The Library","floor":24,"gold_loss":0,"cards_obtained":["Capacitor"]},{"damage_healed":0,"gold_gain":0,"player_choice":"Obtained Book","damage_taken":16,"max_hp_gain":0,"max_hp_loss":0,"event_name":"Cursed Tome","floor":31,"gold_loss":0},{"damage_healed":0,"gold_gain":333,"player_choice":"Gave Idol","damage_taken":0,"max_hp_gain":0,"max_hp_loss":0,"event_name":"The Moai Head","floor":37,"relics_lost":["Golden Idol"],"gold_loss":0},{"damage_healed":20,"gold_gain":0,"player_choice":"Writhe","damage_taken":0,"max_hp_gain":0,"max_hp_loss":0,"event_name":"Winding Halls","floor":46,"gold_loss":0,"cards_obtained":["Writhe"]}],"is_beta":false,"boss_relics":[{"not_picked":["Ectoplasm","Velvet Choker"],"picked":"Tiny House"},{"not_picked":["Runic Pyramid","Nuclear Battery"],"picked":"Busted Crown"}],"items_purged_floors":[14,36],"is_endless":false,"potions_floor_spawned":[3,4,11,18,19,27,28,30,33,38,39,40,48,54],"killed_by":"The Heart","ascension_level":1}}