{"host":"aapp7ew3jk5k1bvd","time":1613312275,"event":{"mods":["AchievementEnabler","BaseMod","Colored Map","Custom Start","Keyboard Shortcuts","Minty Spire (QoL Compilation)","Permanent Neow","Quick Restart","StSLib","SuperFastMode"],"gold_per_floor":[116,116,46,46,46,46,46,75,75,75,0,13,27,1,1,1,1],"floor_reached":16,"language":"KOR","playtime":1181,"items_purged":["Strike_G"],"score":158,"play_id":"526960ca-4380-4539-a45d-0b2b965597d0","local_time":"20210214231755","is_ascension_mode":true,"campfire_choices":[{"data":"Footwork","floor":6.0,"key":"SMITH"},{"data":"After Image","floor":10.0,"key":"SMITH"},{"floor":15.0,"key":"REST"}],"circlet_count":0,"master_deck":["AscendersBane","Strike_G","Strike_G","Strike_G","Defend_G","Defend_G","Defend_G","Defend_G","Defend_G","Survivor","Neutralize","Cloak And Dagger","Footwork+1","After Image+1","Escape Plan","Cloak And Dagger"],"relics":["Ring of the Snake","Prayer Wheel","Orichalcum","White Beast Statue"],"acts_visited":["Exordium"],"potions_floor_usage":[],"damage_taken":[{"damage":0.0,"enemies":"Cultist","floor":1.0,"turns":4.0},{"damage":24.0,"enemies":"3 Sentries","floor":8.0,"turns":16.0},{"damage":0.0,"enemies":"Jaw Worm","floor":12.0,"turns":6.0},{"damage":4.0,"enemies":"Small Slimes","floor":13.0,"turns":7.0},{"damage":10,"enemies":"The Guardian","floor":16,"turns":9}],"seed_played":"8428667139530898550","potions_obtained":[{"floor":12.0,"key":"EntropicBrew"}],"is_trial":false,"path_per_floor":["M","?","$","?","$","R","?","E","T","R","$","M","M","$","R","B"],"character_chosen":"THE_SILENT","items_purchased":["Footwork","Cloak And Dagger"],"campfire_rested":1,"item_purchase_floors":[3,14],"current_hp_per_floor":[63,63,63,56,56,56,56,32,32,32,32,32,28,28,49,39,39],"gold":1,"neow_bonus":"ONE_RARE_RELIC","is_daily":false,"chose_seed":false,"campfire_upgraded":2,"win_rate":0.0,"timestamp":1613312275,"path_taken":["M","?","$","?","$","R","?","E","T","R","?","M","M","$","R","BOSS"],"items_purchased_type":["Card","Card"],"build_version":"2020-12-22","purchased_purges":1,"victory":false,"max_hp_per_floor":[70,70,70,70,70,70,70,70,70,70,70,70,70,70,70,70,70],"card_choices":[{"not_picked":["PiercingWail","Quick Slash"],"picked":"Cloak And Dagger","floor":1.0},{"not_picked":["Skewer","Dagger Throw","Poisoned Stab"],"picked":"SKIP","floor":1.0},{"not_picked":["Acrobatics","Deadly Poison"],"picked":"After Image","floor":8.0},{"not_picked":["Outmaneuver","Catalyst"],"picked":"Escape Plan","floor":12.0},{"not_picked":["Deflect","Dodge and Roll","Flechettes"],"picked":"SKIP","floor":12.0},{"not_picked":["Deflect","Calculated Gamble","Flechettes"],"picked":"SKIP","floor":13.0},{"not_picked":["Sucker Punch","Dagger Throw","Underhanded Strike"],"picked":"SKIP","floor":13.0}],"player_experience":1363795,"relics_obtained":[{"floor":8.0,"key":"Orichalcum"},{"floor":9.0,"key":"White Beast Statue"}],"event_choices":[{"cards_removed":["Clumsy"],"damage_healed":0.0,"max_hp_gain":0.0,"max_hp_loss":0.0,"gold_gain":0.0,"event_name":"Living Wall","player_choice":"Forget","floor":2.0,"gold_loss":0.0,"damage_taken":0.0},{"cards_removed":["Strike_G"],"damage_healed":0.0,"max_hp_gain":0.0,"max_hp_loss":0.0,"gold_gain":0.0,"event_name":"Golden Wing","player_choice":"Card Removal","floor":4.0,"gold_loss":0.0,"damage_taken":7.0},{"damage_healed":0.0,"max_hp_gain":0.0,"max_hp_loss":0.0,"gold_gain":0.0,"event_name":"Golden Idol","player_choice":"Ignored","floor":7.0,"gold_loss":0.0,"damage_taken":0.0}],"is_beta":false,"boss_relics":[],"items_purged_floors":[11],"is_endless":false,"potions_floor_spawned":[12,13],"killed_by":"The Guardian","ascension_level":13}}