{"host":"z8k0b1oqxoiri7b9","time":1613304331,"event":{"mods":["AchievementEnabler","BaseMod","Downfall","Minty Spire (QoL Compilation)","Quick Restart","StSLib"],"gold_per_floor":[0,0,0,0,0,29,29,29,41,41,26,126,126,187,204,204,204,204],"floor_reached":16,"language":"ENG","playtime":1991,"items_purged":[],"score":244,"play_id":"2108daad-c9f2-428c-991d-199a4589a4b9","local_time":"20210214200531","is_ascension_mode":false,"campfire_choices":[{"data":"Slimebound:Split","floor":1,"key":"SMITH"},{"data":"Slimebound:SplitMire","floor":10,"key":"SMITH"},{"data":"Slimebound:DuplicatedForm","floor":13,"key":"SMITH"}],"circlet_count":0,"master_deck":["Slimebound:Strike_Slimebound+1","Slimebound:Tackle","Slimebound:Defend_Slimebound","Slimebound:Defend_Slimebound+1","Slimebound:Defend_Slimebound+1","Slimebound:Defend_Slimebound","Slimebound:Split+1","downfall:Malfunctioning","Slimebound:SplitMire+1","Slimebound:DuplicatedForm+1","downfall:Haunted","downfall:Haunted","Doubt","Slimebound:Overexert","Parasite","downfall:Bewildered","Slimebound:Repurpose"],"relics":["Slimebound:AbsorbEndCombat","Blue Candle","InkBottle","Darkstone Periapt","Du-Vu Doll","FossilizedHelix"],"acts_visited":["Exordium"],"potions_floor_usage":[15],"damage_taken":[{"damage":5,"enemies":"downfall:FleeingMerchant","floor":4,"turns":4},{"damage":22,"enemies":"Lagavulin","floor":6,"turns":7},{"damage":5,"enemies":"2 Louse","floor":9,"turns":2},{"damage":11,"enemies":"downfall:FleeingMerchant","floor":11,"turns":4},{"damage":25,"enemies":"3 Sentries","floor":14,"turns":8},{"damage":37,"enemies":"Jaw Worm","floor":15,"turns":8},{"damage":39,"enemies":"DF_ARCHETYPE_STREAMLINE","floor":16,"turns":9}],"seed_played":"5997472769885581335","potions_obtained":[{"floor":9,"key":"AttackPotion"},{"floor":14,"key":"bronze:BurnAndBuffPotion"}],"is_trial":false,"path_per_floor":["R","?","?","$","?","E","T","?","M","R","$","?","R","?","M","B"],"character_chosen":"SLIMEBOUND","items_purchased":[],"campfire_rested":0,"item_purchase_floors":[],"current_hp_per_floor":[65,65,65,64,64,50,50,50,49,49,44,79,79,54,32,0,0,0],"gold":204,"neow_bonus":"REMOVE_TWO","is_daily":false,"chose_seed":false,"campfire_upgraded":3,"win_rate":0.0,"timestamp":1613304331,"path_taken":["R","?","?","$","?","E","T","?","?","R","$","?","R","?","M","BOSS"],"items_purchased_type":[],"build_version":"2020-12-22","purchased_purges":0,"victory":false,"max_hp_per_floor":[65,65,65,65,65,65,65,65,65,65,65,100,100,100,100,100,100,100],"card_choices":[{"not_picked":["Slimebound:RollThrough","Slimebound:Replication"],"picked":"Slimebound:SplitMire","floor":4},{"not_picked":["Slimebound:DivideAndConquer","Slimebound:RollThrough","Slimebound:RejuvenatingLick"],"picked":"SKIP","floor":6},{"not_picked":["Slimebound:AcidTongue","Slimebound:FormOfPuddle","Slimebound:GoopTackle"],"picked":"SKIP","floor":9},{"not_picked":["Slimebound:FlameTackle","Slimebound:SamplingLick"],"picked":"Slimebound:DuplicatedForm","floor":11},{"not_picked":["Slimebound:FormOfPuddle","Slimebound:PressTheAttack"],"picked":"Slimebound:Repurpose","floor":15}],"player_experience":247141,"relics_obtained":[{"floor":6,"key":"InkBottle"},{"floor":7,"key":"Darkstone Periapt"}],"event_choices":[{"cards_removed":["Slimebound:CorrosiveSpit"],"damage_healed":0,"gold_gain":0,"player_choice":"Card Removal","damage_taken":0,"max_hp_gain":0,"max_hp_loss":0,"event_name":"The Cleric","floor":2,"gold_loss":0},{"damage_healed":0,"gold_gain":0,"player_choice":"Box","damage_taken":0,"relics_obtained":["Blue Candle"],"max_hp_gain":0,"max_hp_loss":0,"event_name":"Big Fish","floor":5,"gold_loss":0,"cards_obtained":["Regret"]},{"cards_removed":["Regret"],"damage_healed":0,"gold_gain":0,"player_choice":"Forget","damage_taken":0,"max_hp_gain":0,"max_hp_loss":0,"event_name":"Living Wall","floor":8,"gold_loss":0}],"is_beta":false,"boss_relics":[],"items_purged_floors":[],"is_endless":false,"potions_floor_spawned":[9,14],"killed_by":"DF_ARCHETYPE_STREAMLINE","ascension_level":0}}