{"host":"tf5skwcwe0vlu2md","time":1613310613,"event":{"mods":["BaseMod","Downfall","Highlight Path","Minty Spire (QoL Compilation)","Quick Restart","StSLib","The Hierophant"],"gold_per_floor":[119,131,149,224,224,255,255,289,289,307,324,324,356,371,371,371,371],"floor_reached":16,"playtime":618,"items_purged":[],"score":134,"play_id":"cc29ed52-a326-42cc-9729-2c5589cb4049","local_time":"20210215005013","is_ascension_mode":true,"campfire_choices":[{"data":"Caltrops","floor":7,"key":"SMITH"},{"floor":12,"key":"REST"},{"floor":15,"key":"REST"}],"circlet_count":0,"master_deck":["Strike_G","Strike_G","Strike_G","Strike_G","Strike_G","Defend_G","Defend_G","Defend_G","Survivor","Neutralize","All Out Attack","Caltrops+1","Quick Slash+1","Quick Slash+1","Dash+1","Sucker Punch+1"],"relics":["Ring of the Snake","Paper Crane","Molten Egg 2","Bottled Flame","Toxic Egg 2"],"acts_visited":["Exordium"],"potions_floor_usage":[6,16,16],"damage_taken":[{"damage":0,"enemies":"Cultist","floor":1,"turns":3},{"damage":0,"enemies":"2 Louse","floor":2,"turns":3},{"damage":2,"enemies":"Small Slimes","floor":3,"turns":3},{"damage":29,"enemies":"Lagavulin","floor":6,"turns":6},{"damage":27,"enemies":"3 Sentries","floor":8,"turns":5},{"damage":6,"enemies":"Red Slaver","floor":10,"turns":3},{"damage":3,"enemies":"Exordium Thugs","floor":11,"turns":3},{"damage":8,"enemies":"Gremlin Nob","floor":13,"turns":3},{"damage":11,"enemies":"Large Slime","floor":14,"turns":5},{"damage":26,"enemies":"The Guardian","floor":16,"turns":9}],"seed_played":"8796593714174240663","potions_obtained":[{"floor":1,"key":"DistilledChaos"},{"floor":8,"key":"BlessingOfTheForge"},{"floor":14,"key":"SkillPotion"}],"is_trial":false,"path_per_floor":["M","M","M","?","?","E","R","E","T","M","M","R","E","M","R","B"],"character_chosen":"THE_SILENT","items_purchased":[],"campfire_rested":2,"item_purchase_floors":[],"current_hp_per_floor":[70,70,68,68,68,39,39,12,12,6,3,24,16,5,26,0,0],"gold":371,"neow_bonus":"REMOVE_CARD","is_daily":false,"chose_seed":false,"campfire_upgraded":1,"win_rate":0.0,"timestamp":1613310613,"path_taken":["M","?","M","?","?","E","R","E","T","?","M","R","E","M","R","BOSS"],"items_purchased_type":[],"build_version":"2020-12-13","purchased_purges":0,"victory":false,"max_hp_per_floor":[70,70,70,70,70,70,70,70,70,70,70,70,70,70,70,70,70],"card_choices":[{"not_picked":["Tactician","Eviscerate","Heel Hook"],"picked":"SKIP","floor":1},{"not_picked":["Dagger Throw","Cloak And Dagger"],"picked":"All Out Attack","floor":2},{"not_picked":["Distraction","Deadly Poison","Prepared"],"picked":"SKIP","floor":3},{"not_picked":["Dash","Acrobatics"],"picked":"Caltrops","floor":6},{"not_picked":["Sucker Punch+1","Crippling Poison"],"picked":"Quick Slash+1","floor":8},{"not_picked":["Choke+1","Expertise"],"picked":"Quick Slash+1","floor":10},{"not_picked":["Tools of the Trade","Dodge and Roll","Well Laid Plans"],"picked":"SKIP","floor":11},{"not_picked":["Flying Knee+1","Caltrops"],"picked":"Dash+1","floor":13},{"not_picked":["Underhanded Strike+1","Noxious Fumes"],"picked":"Sucker Punch+1","floor":14}],"player_experience":242736,"relics_obtained":[{"floor":6,"key":"Paper Crane"},{"floor":8,"key":"Molten Egg 2"},{"floor":9,"key":"Bottled Flame"},{"floor":13,"key":"Toxic Egg 2"}],"event_choices":[{"damage_healed":0,"gold_gain":75,"player_choice":"Gained Gold","damage_taken":0,"max_hp_gain":0,"max_hp_loss":0,"event_name":"Golden Wing","floor":4,"gold_loss":0},{"cards_removed":["Defend_G"],"damage_healed":0,"gold_gain":0,"player_choice":"Offered Basic","damage_taken":0,"max_hp_gain":0,"max_hp_loss":0,"event_name":"Bonfire Elementals","floor":5,"gold_loss":0}],"is_beta":false,"boss_relics":[],"items_purged_floors":[],"is_endless":false,"potions_floor_spawned":[1,8,14],"killed_by":"The Guardian","ascension_level":2}}