{"host":"0ueeacaatm8t6jyh","time":1613304313,"event":{"mods":["AchievementEnabler","BaseMod","Colored Powertips","Minty Spire (QoL Compilation)","Quick Restart","Rare Cards Sparkle","Shop Mod","StSLib"],"gold_per_floor":[113,113,38,113,113,139,2,2,27,54,54,72,72,91,91,166,166,183,183,83,93,192,192,226,226,226,239,239,256,269,269,269],"floor_reached":31,"language":"ZHS","playtime":689,"items_purged":["Strike_B","Regret","Zap"],"score":513,"play_id":"432b36b6-de5b-4f5d-8bab-33ad14469005","local_time":"20210214200513","is_ascension_mode":true,"campfire_choices":[{"data":"Hyperbeam","floor":8.0,"key":"SMITH"},{"data":"Skim","floor":11.0,"key":"SMITH"},{"data":"Seek","floor":13.0,"key":"SMITH"},{"data":"Recycle","floor":15.0,"key":"SMITH"},{"data":"Reboot","floor":23.0,"key":"SMITH"}],"circlet_count":0,"master_deck":["AscendersBane","Strike_B","Strike_B","Defend_B","Defend_B","Defend_B","Defend_B","Dualcast","Hyperbeam+1","Skim+1","Recycle+1","Reboot+1","Fusion","BootSequence"],"relics":["Cracked Core","NeowsBlessing","Torii","The Courier","Art of War","InkBottle","Busted Crown","Ancient Tea Set","Nilry\u0027s Codex","Gremlin Horn"],"acts_visited":["Exordium","TheCity"],"potions_floor_usage":[30],"damage_taken":[{"damage":0.0,"enemies":"Cultist","floor":1.0,"turns":1.0},{"damage":0.0,"enemies":"Gremlin Nob","floor":6.0,"turns":1.0},{"damage":0.0,"enemies":"Lagavulin","floor":10.0,"turns":1.0},{"damage":7.0,"enemies":"Jaw Worm","floor":12.0,"turns":2.0},{"damage":0.0,"enemies":"Small Slimes","floor":14.0,"turns":1.0},{"damage":21.0,"enemies":"The Guardian","floor":16.0,"turns":9.0},{"damage":14.0,"enemies":"Shell Parasite","floor":18.0,"turns":4.0},{"damage":7.0,"enemies":"3 Byrds","floor":21.0,"turns":2.0},{"damage":14.0,"enemies":"Gremlin Leader","floor":24.0,"turns":4.0},{"damage":1.0,"enemies":"Snecko","floor":27.0,"turns":3.0},{"damage":8.0,"enemies":"Centurion and Healer","floor":29.0,"turns":4.0},{"damage":0,"enemies":"Shelled Parasite and Fungi","floor":30,"turns":3},{"damage":8,"enemies":"Book of Stabbing","floor":31,"turns":2}],"seed_played":"7475442352178342838","potions_obtained":[{"floor":1.0,"key":"BlessingOfTheForge"},{"floor":6.0,"key":"Strength Potion"},{"floor":14.0,"key":"PowerPotion"}],"is_trial":false,"path_per_floor":["M","?","$","?","?","E","$","R","T","E","R","M","R","M","R","B",null,"M","?","$","M","?","R","E","?","T","M","?","M","M","E"],"character_chosen":"DEFECT","items_purchased":["Skim"],"campfire_rested":0,"item_purchase_floors":[7],"current_hp_per_floor":[68,68,68,57,57,57,57,57,57,57,57,50,50,50,50,29,64,50,50,50,43,43,43,29,13,13,12,12,4,4,0,0],"gold":269,"neow_bonus":"THREE_ENEMY_KILL","is_daily":false,"chose_seed":false,"campfire_upgraded":5,"win_rate":0.0,"timestamp":1613304313,"path_taken":["M","?","$","?","?","E","$","R","T","E","R","M","R","M","R","BOSS","M","?","$","M","?","R","E","?","T","M","?","M","M","E"],"items_purchased_type":["Card"],"build_version":"2020-12-22","purchased_purges":3,"victory":false,"max_hp_per_floor":[75,75,75,75,75,75,75,75,75,75,75,75,75,75,75,75,75,75,75,75,75,75,75,75,75,75,75,75,75,75,75,75],"card_choices":[{"not_picked":["Tempest","Streamline","Chaos"],"picked":"SKIP","floor":1.0},{"not_picked":["Melter","BootSequence","Hello World"],"picked":"SKIP","floor":6.0},{"not_picked":["Amplify","Loop"],"picked":"Seek","floor":10.0},{"not_picked":["Loop","Stack","Steam"],"picked":"SKIP","floor":12.0},{"not_picked":["Sweeping Beam","Barrage"],"picked":"Recycle","floor":14.0},{"not_picked":["Machine Learning","Hyperbeam"],"picked":"Reboot","floor":16.0},{"not_picked":["Turbo"],"picked":"SKIP","floor":18.0},{"not_picked":["Conserve Battery"],"picked":"SKIP","floor":21.0},{"not_picked":["Force Field"],"picked":"SKIP","floor":24.0},{"not_picked":["Steam Power+1"],"picked":"SKIP","floor":27.0},{"not_picked":[],"picked":"BootSequence","floor":29.0},{"not_picked":["Heatsinks"],"picked":"SKIP","floor":30}],"player_experience":535747,"relics_obtained":[{"floor":6.0,"key":"The Courier"},{"floor":9.0,"key":"Art of War"},{"floor":10.0,"key":"InkBottle"},{"floor":24.0,"key":"Ancient Tea Set"},{"floor":25.0,"key":"Nilry\u0027s Codex"},{"floor":26.0,"key":"Gremlin Horn"}],"event_choices":[{"damage_healed":0.0,"max_hp_gain":0.0,"max_hp_loss":0.0,"gold_gain":0.0,"cards_transformed":["Strike_B"],"event_name":"Living Wall","player_choice":"Change","floor":2.0,"gold_loss":0.0,"damage_taken":0.0,"cards_obtained":["Hyperbeam"]},{"damage_healed":0.0,"max_hp_gain":0.0,"max_hp_loss":0.0,"gold_gain":75.0,"event_name":"World of Goop","player_choice":"Gather Gold","floor":4.0,"gold_loss":0.0,"damage_taken":11.0},{"damage_healed":0.0,"max_hp_gain":0.0,"max_hp_loss":0.0,"gold_gain":0.0,"event_name":"Big Fish","player_choice":"Box","floor":5.0,"gold_loss":0.0,"damage_taken":0.0,"relics_obtained":["Torii"],"cards_obtained":["Regret"]},{"damage_healed":0.0,"max_hp_gain":0.0,"max_hp_loss":0.0,"gold_gain":0.0,"event_name":"The Mausoleum","player_choice":"Ignored","floor":19.0,"gold_loss":0.0,"damage_taken":0.0},{"damage_healed":0.0,"max_hp_gain":0.0,"max_hp_loss":0.0,"gold_gain":99.0,"event_name":"Nest","player_choice":"Stole From Cult","floor":22.0,"gold_loss":0.0,"damage_taken":0.0},{"damage_healed":0.0,"max_hp_gain":0.0,"max_hp_loss":0.0,"gold_gain":0.0,"event_name":"Cursed Tome","player_choice":"Obtained Book","floor":25.0,"gold_loss":0.0,"damage_taken":16.0},{"damage_healed":0.0,"max_hp_gain":0.0,"max_hp_loss":0.0,"gold_gain":0.0,"cards_transformed":["Seek"],"event_name":"Transmorgrifier","player_choice":"Transformed","floor":28.0,"gold_loss":0.0,"damage_taken":0.0,"cards_obtained":["Fusion"]}],"is_beta":false,"boss_relics":[{"not_picked":["Coffee Dripper","Inserter"],"picked":"Busted Crown"}],"items_purged_floors":[3,7,20],"is_endless":false,"potions_floor_spawned":[1,6,12,14,16,18,27,29],"killed_by":"Book of Stabbing","ascension_level":13}}