{"host":"6he3f0ic6yesrium","time":1613345708,"event":{"mods":["BaseMod","Better Altar","Better Match","Better Note","Better Sensory Stone","Better Skull","Better Third Choice","Colored Map","Conspire","Duelist Mod","Hermit","Hubris","Marisa????????","Mimic Mod","Minty Spire (QoL Compilation)","Replay The Spire","Shade Mod","Somnambulant","Spire Arcade","Spire Birthday Party","StSLib","The Alterego","The Disciple","The Forsaken","The Hierophant","The Mystic","The Necromancer","The Runesmith","The Servant 0.9.4","The Valiant","TheVacant"],"gold_per_floor":[140,215,229,229,18,18,53,71,71,71,102,113,113,124,124,220,220,237,237,237,237,262,262,262],"floor_reached":23,"language":"ENG","playtime":1435,"items_purged":[],"score":255,"play_id":"3bf5f8bc-6fba-41ec-b572-6222d530e9d4","local_time":"20210214183508","is_ascension_mode":true,"campfire_choices":[{"data":"theDuelist:SpiritReaper","floor":6,"key":"SMITH"},{"floor":13,"key":"REST"},{"data":"theDuelist:BookTaiyou","floor":15,"key":"SMITH"}],"circlet_count":0,"master_deck":["theDuelist:ZombieCorpse","theDuelist:ZombieCorpse","theDuelist:ZombieCorpse","theDuelist:ArchfiendZombieSkull","theDuelist:ArmoredZombie","theDuelist:ArmoredZombie","theDuelist:ArmoredZombie","theDuelist:ClownZombie","theDuelist:ClownZombie","theDuelist:ShallowGrave","theDuelist:TutanMask","theDuelist:SpiritReaper+1","theDuelist:GhostrickGhoul","theDuelist:BookTaiyou+1","theDuelist:GhostReaper","theDuelist:OboroGuruma","theDuelist:GhostSister","theDuelist:ForbiddenLance","theDuelist:Polymerization+1","theDuelist:DecayedCommander","theDuelist:VampireScarletScourge+1"],"relics":["theDuelist:MillenniumPuzzle","theDuelist:CardPoolRelic","theDuelist:CardPoolBasicRelic","theDuelist:BoosterPackPoolRelic","theDuelist:CardPoolAddRelic","theDuelist:CardPoolMinusRelic","theDuelist:CardPoolSaveRelic","theDuelist:CardPoolOptionsRelic","hubris:Towel","theDuelist:DuelistTeaSet","Toxic Egg 2","Omamori","theDuelist:BoosterBetterBoostersRelic","hubris:TerracottaHorce","Blood Vial","Vajra"],"acts_visited":["Exordium","TheCity"],"potions_floor_usage":[3,7,11,12,23,23],"damage_taken":[{"damage":12,"enemies":"Jaw Worm","floor":1,"turns":6},{"damage":0,"enemies":"Cultist","floor":3,"turns":1},{"damage":27,"enemies":"3 Sentries","floor":7,"turns":5},{"damage":0,"enemies":"Small Slimes","floor":8,"turns":3},{"damage":0,"enemies":"Lagavulin","floor":11,"turns":8},{"damage":6,"enemies":"Exordium Wildlife","floor":12,"turns":3},{"damage":0,"enemies":"3 Louse","floor":14,"turns":2},{"damage":15,"enemies":"Fading Forest","floor":16,"turns":11},{"damage":15,"enemies":"Shell Parasite","floor":18,"turns":5},{"damage":39,"enemies":"Gremlin Leader","floor":23,"turns":6}],"seed_played":"5593249354145652035","potions_obtained":[{"floor":1,"key":"ColorlessPotion"},{"floor":3,"key":"theDuelist:TokenPotion"},{"floor":7,"key":"Energy Potion"},{"floor":11,"key":"theDuelist:StunPotion"},{"floor":16,"key":"EssenceOfDarkness"},{"floor":18,"key":"SpeedPotion"}],"is_trial":false,"path_per_floor":["M","?","M","?","$","R","E","M","T","?","E","M","R","M","R","B",null,"M","?","?","?","T","E"],"character_chosen":"THE_DUELIST","items_purchased":["theDuelist:BookTaiyou","theDuelist:GhostReaper","theDuelist:OboroGuruma"],"campfire_rested":1,"item_purchase_floors":[5,5,5],"current_hp_per_floor":[76,68,68,68,68,68,41,41,41,17,17,11,37,37,37,30,74,59,59,59,36,36,0,0],"gold":262,"neow_bonus":"TEN_PERCENT_HP_BONUS","is_daily":false,"chose_seed":false,"campfire_upgraded":2,"win_rate":0.0,"timestamp":1613345708,"path_taken":["M","?","?","?","?","R","E","M","T","?","E","M","R","M","R","BOSS","M","?","?","?","?","E"],"items_purchased_type":["Card","Card","Card"],"build_version":"2020-12-22","purchased_purges":0,"victory":false,"max_hp_per_floor":[88,88,88,88,88,88,88,88,88,88,88,88,88,88,88,88,88,88,88,88,88,88,88,88],"card_choices":[{"not_picked":["theDuelist:VendreadCore","theDuelist:NecroworldBanshee","theDuelist:GhostrickMummy","theDuelist:GhostrickAlucard"],"picked":"theDuelist:SpiritReaper","floor":1},{"not_picked":["theDuelist:VendreadCore","theDuelist:DesLacooda","theDuelist:WightLady","theDuelist:CallMummy"],"picked":"theDuelist:GhostrickGhoul","floor":3},{"not_picked":["theDuelist:VampireLady","theDuelist:OniTankT34","theDuelist:PainPainter","theDuelist:Pumpking"],"picked":"theDuelist:GhostSister","floor":7},{"not_picked":["theDuelist:FlameGhost","theDuelist:ShiranuiSwordmaster","theDuelist:SkullFlame","theDuelist:PMCaptor"],"picked":"theDuelist:ForbiddenLance","floor":8},{"not_picked":["theDuelist:VampireLady","theDuelist:GhostrickJackfrost","theDuelist:IlBlud+1","theDuelist:BattleFusion+1","theDuelist:SpiritReaper"],"picked":"SKIP","floor":11},{"not_picked":["theDuelist:VampireGrimson","theDuelist:DarkDustSpirit+1","theDuelist:VampireBaby+1","theDuelist:GhostrickBreak+1"],"picked":"theDuelist:Polymerization+1","floor":12},{"not_picked":["theDuelist:GhostSister+1","theDuelist:OboroGuruma"],"picked":"theDuelist:SpiritReaper","floor":14},{"not_picked":["theDuelist:ZombieMaster","theDuelist:VampireGrace","theDuelist:UltraPolymerization+1","theDuelist:RobbinZombie"],"picked":"theDuelist:DecayedCommander","floor":16},{"not_picked":["theDuelist:TributeDoomed+1","theDuelist:SuperPolymerization+1","theDuelist:PrematureBurial+1","theDuelist:InstantFusion+1"],"picked":"theDuelist:VampireScarletScourge+1","floor":18}],"player_experience":384940,"relics_obtained":[{"floor":7,"key":"theDuelist:DuelistTeaSet"},{"floor":9,"key":"Toxic Egg 2"},{"floor":11,"key":"theDuelist:BoosterBetterBoostersRelic"},{"floor":22,"key":"Vajra"}],"event_choices":[{"damage_healed":0,"gold_gain":75,"player_choice":"Touch","damage_taken":8,"max_hp_gain":0,"max_hp_loss":0,"event_name":"FaceTrader","floor":2,"gold_loss":0},{"damage_healed":0,"gold_gain":1,"player_choice":"Relic ","damage_taken":24,"max_hp_gain":0,"max_hp_loss":0,"event_name":"betterThird:BetterScrap","floor":10,"gold_loss":0,"cards_obtained":["ReplayTheSpireMod:The Works"]},{"damage_healed":0,"gold_gain":0,"player_choice":"Leave","duelist":true,"damage_taken":0,"max_hp_gain":0,"max_hp_loss":0,"event_name":"Card Trader","floor":19,"gold_loss":0},{"damage_healed":0,"gold_gain":0,"player_choice":"Leave","duelist":true,"damage_taken":0,"max_hp_gain":0,"max_hp_loss":0,"event_name":"Egyptian Village","floor":20,"gold_loss":0},{"damage_healed":0,"gold_gain":0,"player_choice":" Vial ","damage_taken":23,"relics_obtained":["Blood Vial"],"max_hp_gain":59,"max_hp_loss":36,"event_name":"betterAltar:BetterAltar","floor":21,"potions_obtained":[],"relics_lost":[],"gold_loss":0}],"is_beta":false,"boss_relics":[{"not_picked":["Runic Dome","hubris:CrackedHourglass"],"picked":"hubris:TerracottaHorce"}],"items_purged_floors":[],"is_endless":false,"potions_floor_spawned":[1,3,7,11,16,18],"killed_by":"Gremlin Leader","ascension_level":3}}