{"host":"6xnetdfutjfdr70g","time":1613323022,"event":{"mods":["BaseMod","Colored Powertips","Highlight Path","Minty Spire (QoL Compilation)","Relic Stats"],"gold_per_floor":[113,188,199,215,227,227,227,227,274,305,21,21,40,68,68,142,142,156,138,138,152,170,200,200,200,200],"floor_reached":25,"language":"ENG","playtime":1326,"items_purged":[],"score":396,"play_id":"2c4a07b5-8b89-4ab4-921b-b9eaafd3e3f2","local_time":"20210214111702","is_ascension_mode":true,"campfire_choices":[{"data":"Trip","floor":6.0,"key":"SMITH"},{"floor":8.0,"key":"REST"},{"data":"Apotheosis","floor":12.0,"key":"SMITH"},{"floor":15.0,"key":"REST"},{"floor":24.0,"key":"REST"}],"circlet_count":0,"master_deck":["AscendersBane","Strike_P","Strike_P","Strike_P+1","Strike_P","Defend_P","Defend_P","Defend_P","Defend_P","Eruption","Vigilance","Trip+1","SandsOfTime+1","MentalFortress","CrushJoints","TalkToTheHand","Apotheosis+1","ThirdEye","Vault","EmptyBody","InnerPeace+1","Worship+1","FlurryOfBlows"],"relics":["PureWater","Happy Flower","Bag of Marbles","Membership Card","Meat on the Bone","Fusion Hammer","Whetstone"],"acts_visited":["Exordium","TheCity"],"potions_floor_usage":[],"damage_taken":[{"damage":4.0,"enemies":"Jaw Worm","floor":1.0,"turns":4.0},{"damage":0.0,"enemies":"Small Slimes","floor":3.0,"turns":3.0},{"damage":6.0,"enemies":"2 Louse","floor":4.0,"turns":4.0},{"damage":8.0,"enemies":"Exordium Thugs","floor":5.0,"turns":6.0},{"damage":43.0,"enemies":"Gremlin Nob","floor":10.0,"turns":6.0},{"damage":13.0,"enemies":"Large Slime","floor":13.0,"turns":3.0},{"damage":5.0,"enemies":"3 Sentries","floor":14.0,"turns":4.0},{"damage":20.0,"enemies":"Slime Boss","floor":16.0,"turns":5.0},{"damage":37.0,"enemies":"3 Byrds","floor":18.0,"turns":6.0},{"damage":7.0,"enemies":"2 Thieves","floor":19.0,"turns":5.0},{"damage":23.0,"enemies":"Snake Plant","floor":21.0,"turns":4.0},{"damage":6.0,"enemies":"Cultist and Chosen","floor":22.0,"turns":7.0},{"damage":38.0,"enemies":"Slavers","floor":23.0,"turns":10.0},{"damage":45,"enemies":"Book of Stabbing","floor":25,"turns":4}],"seed_played":"-6087629932764757553","potions_obtained":[{"floor":10.0,"key":"ColorlessPotion"},{"floor":13.0,"key":"BottledMiracle"},{"floor":19.0,"key":"SpeedPotion"},{"floor":21.0,"key":"SneckoOil"}],"is_trial":false,"path_per_floor":["M","?","M","M","M","R","?","R","T","E","$","R","M","E","R","B",null,"M","M","?","M","M","E","R","E"],"character_chosen":"WATCHER","items_purchased":["Membership Card","Apotheosis","FairyPotion"],"campfire_rested":3,"item_purchase_floors":[11,11,11],"current_hp_per_floor":[57,46,46,40,32,32,32,52,52,9,9,9,20,15,35,27,58,33,38,60,37,43,17,37,0,0],"gold":200,"neow_bonus":"RANDOM_COLORLESS","is_daily":false,"chose_seed":false,"campfire_upgraded":2,"win_rate":0.0,"timestamp":1613323022,"path_taken":["M","?","M","M","M","R","?","R","T","E","?","R","?","E","R","BOSS","M","M","?","M","M","E","R","E"],"items_purchased_type":["Relic","Card","Potion"],"build_version":"2020-12-22","purchased_purges":0,"victory":false,"max_hp_per_floor":[68,68,68,68,68,68,68,68,68,68,68,68,68,68,68,68,68,68,68,68,68,68,68,68,68,68],"relic_stats":{"Happy Flower":[18],"counters":[14,71],"Whetstone":["Strike_P","SandsOfTime"],"obtain_stats":[{"Happy Flower":9,"Fusion Hammer":17,"Bag of Marbles":10,"Membership Card":11,"Whetstone":23,"PureWater":0,"Meat on the Bone":14},{"Happy Flower":4,"Fusion Hammer":8,"Bag of Marbles":5,"Membership Card":5,"Whetstone":13,"PureWater":0,"Meat on the Bone":7},{"Happy Flower":17,"Fusion Hammer":35,"Bag of Marbles":23,"Membership Card":23,"Whetstone":67,"PureWater":0,"Meat on the Bone":30}],"Meat on the Bone":60},"card_choices":[{"not_picked":["Deep Breath","Bandage Up"],"picked":"Trip","floor":0.0},{"not_picked":["PathToVictory","Wireheading"],"picked":"SandsOfTime","floor":1.0},{"not_picked":["CutThroughFate","Fasting2"],"picked":"MentalFortress","floor":3.0},{"not_picked":["Consecrate","WreathOfFlame"],"picked":"CrushJoints","floor":4.0},{"not_picked":["Meditate","Protect"],"picked":"TalkToTheHand","floor":5.0},{"not_picked":["CutThroughFate","Evaluate","SpiritShield"],"picked":"SKIP","floor":10.0},{"not_picked":["CarveReality","ClearTheMind","CutThroughFate"],"picked":"SKIP","floor":13.0},{"not_picked":["ForeignInfluence","SignatureMove"],"picked":"ThirdEye","floor":14.0},{"not_picked":["DeusExMachina","Wish"],"picked":"Vault","floor":16.0},{"not_picked":["Swivel","CutThroughFate"],"picked":"EmptyBody","floor":18.0},{"not_picked":["Evaluate","EmptyFist"],"picked":"InnerPeace+1","floor":19.0},{"not_picked":["ConjureBlade","Nirvana","CutThroughFate"],"picked":"SKIP","floor":21.0},{"not_picked":["ThirdEye","FollowUp"],"picked":"Worship+1","floor":22.0},{"not_picked":["CarveReality","Nirvana"],"picked":"FlurryOfBlows","floor":23.0}],"player_experience":458029,"relics_obtained":[{"floor":9.0,"key":"Happy Flower"},{"floor":10.0,"key":"Bag of Marbles"},{"floor":14.0,"key":"Meat on the Bone"},{"floor":23.0,"key":"Whetstone"}],"event_choices":[{"damage_healed":0.0,"max_hp_gain":0.0,"max_hp_loss":0.0,"gold_gain":75.0,"event_name":"World of Goop","player_choice":"Gather Gold","floor":2.0,"gold_loss":0.0,"damage_taken":11.0},{"damage_healed":0.0,"max_hp_gain":0.0,"max_hp_loss":0.0,"gold_gain":0.0,"event_name":"Liars Game","player_choice":"Ignored","floor":7.0,"gold_loss":0.0,"damage_taken":0.0},{"damage_healed":22.0,"max_hp_gain":0.0,"max_hp_loss":0.0,"gold_gain":0.0,"event_name":"The Library","player_choice":"Heal","floor":20.0,"gold_loss":0.0,"damage_taken":0.0}],"is_beta":false,"boss_relics":[{"not_picked":["Coffee Dripper","Ectoplasm"],"picked":"Fusion Hammer"}],"items_purged_floors":[],"is_endless":false,"potions_floor_spawned":[10,13,19,21],"killed_by":"Book of Stabbing","ascension_level":14}}