{"host":"8vqkh0x3c7vpgzzm","time":1613314311,"event":{"mods":["AchievementEnabler","BaseMod","Colored Map","Colored Powertips","Curses Come First","DeckTracker","Highlight Path","Minty Spire (QoL Compilation)","Permanent Neow","Quick Restart","Random Character Mod","Rare Cards Sparkle","Relic Sorter","Relic Stats","StSLib","SuperFastMode","Unceasing Turn Reminder","egg","everything is the same but u backflip on backflip"],"gold_per_floor":[116,116,132,57,69,69,69,88,88,88,88,88,88,105,105,209,209,225,225,145,133,11,11],"floor_reached":22,"language":"ENG","playtime":389,"items_purged":["Strike_R","Strike_R"],"score":174,"play_id":"19567024-70e4-4958-9298-bdbab294ab46","local_time":"20210214155151","is_ascension_mode":false,"campfire_choices":[{"data":"Bash","floor":6,"key":"SMITH"},{"data":"Strike_R","floor":13,"key":"SMITH"},{"data":"Defend_R","floor":15,"key":"SMITH"}],"circlet_count":0,"master_deck":["Strike_R","Strike_R+1","Defend_R+1","Defend_R","Defend_R","Defend_R","Bash+1","Heavy Blade","Feed"],"relics":["Burning Blood","Ginger","Bag of Marbles","The Courier","Mummified Hand","Orichalcum","Sozu","Orrery"],"acts_visited":["Exordium","TheCity"],"potions_floor_usage":[16,16,16],"damage_taken":[{"damage":7,"enemies":"2 Louse","floor":1,"turns":2},{"damage":1,"enemies":"Cultist","floor":3,"turns":3},{"damage":3,"enemies":"Small Slimes","floor":5,"turns":4},{"damage":24,"enemies":"Exordium Wildlife","floor":8,"turns":7},{"damage":0,"enemies":"Large Slime","floor":14,"turns":4},{"damage":7,"enemies":"Slime Boss","floor":16,"turns":7},{"damage":16,"enemies":"Spheric Guardian","floor":18,"turns":4},{"damage":17,"enemies":"2 Thieves","floor":21,"turns":4}],"seed_played":"-3667553569994336526","potions_obtained":[{"floor":5,"key":"DuplicationPotion"},{"floor":14,"key":"PowerPotion"},{"floor":16,"key":"Fruit Juice"}],"is_trial":false,"path_per_floor":["M","?","M","$","M","R","?","M","T","T","?","?","R","M","R","B",null,"M","?","$","M","$"],"character_chosen":"IRONCLAD","items_purchased":["Orrery"],"campfire_rested":0,"item_purchase_floors":[22],"current_hp_per_floor":[71,71,72,72,72,72,69,51,51,51,51,51,51,57,57,61,77,67,53,53,45,45,45],"gold":11,"neow_bonus":"ONE_RARE_RELIC","is_daily":false,"chose_seed":false,"campfire_upgraded":3,"win_rate":0.0,"timestamp":1613314311,"path_taken":["M","?","?","$","?","R","?","M","T","?","?","?","R","M","R","BOSS","M","?","$","M","$"],"items_purchased_type":["Relic"],"build_version":"2020-12-22","purchased_purges":2,"victory":false,"max_hp_per_floor":[72,72,72,72,72,72,72,72,72,72,72,72,72,72,72,77,77,77,82,82,85,85,85],"relic_stats":{"Sozu":0,"counters":[8,35],"Mummified Hand":[1],"Ginger":[0],"Orichalcum":[72],"obtain_stats":[{"Sozu":17,"Mummified Hand":10,"Orrery":22,"The Courier":9,"Bag of Marbles":7,"Ginger":0,"Orichalcum":11,"Burning Blood":0},{"Sozu":6,"Mummified Hand":4,"Orrery":8,"The Courier":4,"Bag of Marbles":3,"Ginger":0,"Orichalcum":4,"Burning Blood":0},{"Sozu":27,"Mummified Hand":16,"Orrery":35,"The Courier":16,"Bag of Marbles":9,"Ginger":0,"Orichalcum":16,"Burning Blood":0}],"Burning Blood":41},"card_choices":[{"not_picked":["Heavy Blade","Clash","Pommel Strike"],"picked":"SKIP","floor":1},{"not_picked":["Havoc","Twin Strike","Cleave"],"picked":"SKIP","floor":3},{"not_picked":["Exhume","Combust","Shrug It Off"],"picked":"SKIP","floor":5},{"not_picked":["Pommel Strike","Body Slam","Inflame"],"picked":"SKIP","floor":8},{"not_picked":["Blood for Blood","Second Wind","Pommel Strike"],"picked":"SKIP","floor":14},{"not_picked":["Bludgeon","Limit Break"],"picked":"Feed","floor":16},{"not_picked":["Inflame","Perfected Strike","Havoc"],"picked":"SKIP","floor":18},{"not_picked":["Whirlwind","Twin Strike","Searing Blow"],"picked":"SKIP","floor":21}],"player_experience":561646,"relics_obtained":[{"floor":9,"key":"The Courier"},{"floor":10,"key":"Mummified Hand"}],"event_choices":[{"damage_healed":0,"gold_gain":0,"cards_transformed":["Strike_R"],"player_choice":"Transformed","damage_taken":0,"max_hp_gain":0,"max_hp_loss":0,"event_name":"Transmorgrifier","floor":2,"gold_loss":0,"cards_obtained":["Heavy Blade"]},{"damage_healed":0,"gold_gain":0,"player_choice":"Success","damage_taken":3,"relics_obtained":["Bag of Marbles"],"max_hp_gain":0,"max_hp_loss":0,"event_name":"Scrap Ooze","floor":7,"gold_loss":0},{"damage_healed":0,"gold_gain":0,"player_choice":"Searched \u00271\u0027 times","damage_taken":0,"relics_obtained":["Orichalcum"],"max_hp_gain":0,"max_hp_loss":0,"event_name":"Dead Adventurer","floor":11,"gold_loss":0},{"damage_healed":0,"gold_gain":0,"player_choice":"Ignored","damage_taken":0,"max_hp_gain":0,"max_hp_loss":0,"event_name":"Liars Game","floor":12,"gold_loss":0},{"damage_healed":0,"gold_gain":0,"player_choice":"Shed Blood","damage_taken":19,"max_hp_gain":5,"max_hp_loss":0,"event_name":"Forgotten Altar","floor":19,"gold_loss":0}],"is_beta":false,"boss_relics":[{"not_picked":["Runic Dome","Black Blood"],"picked":"Sozu"}],"items_purged_floors":[4,20],"is_endless":false,"potions_floor_spawned":[5,14,16],"ascension_level":0}}