{"host":"x05n69rv5q9mps34","time":1613262721,"event":{"mods":["AchievementEnabler","BaseMod","Colored Map","Minty Spire (QoL Compilation)","SuperFastMode"],"gold_per_floor":[112,112,112,112,133,133,172,172,242,242,261,295,308,333,333,459,459,472,486,158,183,183,183,224,249,275,275,300,318,357,382,382,502,502,517,15,15,38,61,61,74,93,119,152,152,22,22,42,42,42,42,42,4,38,38,38],"floor_reached":55,"language":"ENG","playtime":5366,"items_purged":[],"score":1114,"play_id":"eb42f542-2158-4d3f-8cc0-866c3b496f0e","local_time":"20210213223201","is_ascension_mode":true,"campfire_choices":[{"data":"Scrape","floor":6,"key":"SMITH"},{"data":"Dualcast","floor":8,"key":"SMITH"},{"data":"Zap","floor":10,"key":"SMITH"},{"floor":15,"key":"REST"},{"data":"Compile Driver","floor":23,"key":"SMITH"},{"data":"Redo","floor":27,"key":"SMITH"},{"data":"Gash","floor":32,"key":"SMITH"},{"data":"Apotheosis","floor":40,"key":"SMITH"},{"floor":49,"key":"RECALL"},{"floor":52,"key":"REST"}],"circlet_count":0,"master_deck":["AscendersBane","Strike_B","Strike_B","Strike_B","Strike_B","Defend_B","Defend_B","Defend_B","Zap+1","Dualcast+1","Scrape+1","Chaos","Cold Snap","Stack","Compile Driver+1","Chill","Core Surge","Go for the Eyes","Beam Cell","Self Repair","Ball Lightning+1","Darkness+1","Redo+1","Gash+1","Reinforced Body+1","Steam+1","Core Surge","Reboot","CurseOfTheBell","Streamline+1","Apotheosis+1","Electrodynamics","Turbo+1","White Noise+1","Sunder","Self Repair","Coolheaded","Barrage+1"],"relics":["Busted Crown","Golden Idol","Letter Opener","Thread and Needle","Cables","Tiny Chest","SacredBark","Ornamental Fan","Toy Ornithopter","White Beast Statue","Calling Bell","Smiling Mask","Pantograph","Du-Vu Doll","Bottled Lightning","Matryoshka","Sundial","PreservedInsect","Bag of Marbles","The Courier","Ice Cream","Incense Burner"],"acts_visited":["Exordium","TheCity","TheBeyond","TheEnding"],"potions_floor_usage":[7,12,24,42,44,50,50,50,50,50,50,55,55],"damage_taken":[{"damage":0,"enemies":"Small Slimes","floor":1,"turns":3},{"damage":11,"enemies":"2 Louse","floor":5,"turns":2},{"damage":15,"enemies":"3 Sentries","floor":7,"turns":7},{"damage":3,"enemies":"Jaw Worm","floor":11,"turns":2},{"damage":2,"enemies":"Gremlin Nob","floor":12,"turns":3},{"damage":0,"enemies":"Exordium Wildlife","floor":13,"turns":2},{"damage":0,"enemies":"Gremlin Gang","floor":14,"turns":3},{"damage":18,"enemies":"Slime Boss","floor":16,"turns":8},{"damage":0,"enemies":"3 Byrds","floor":18,"turns":5},{"damage":0,"enemies":"Spheric Guardian","floor":19,"turns":3},{"damage":4,"enemies":"Centurion and Healer","floor":21,"turns":7},{"damage":12,"enemies":"Gremlin Leader","floor":24,"turns":11},{"damage":2,"enemies":"Shelled Parasite and Fungi","floor":25,"turns":4},{"damage":0,"enemies":"Sentry and Sphere","floor":28,"turns":4},{"damage":15,"enemies":"Cultist and Chosen","floor":29,"turns":6},{"damage":5,"enemies":"Book of Stabbing","floor":30,"turns":6},{"damage":0,"enemies":"Snecko","floor":31,"turns":5},{"damage":64,"enemies":"Champ","floor":33,"turns":13},{"damage":5,"enemies":"3 Shapes","floor":35,"turns":5},{"damage":16,"enemies":"Orb Walker","floor":38,"turns":4},{"damage":11,"enemies":"Writhing Mass","floor":39,"turns":6},{"damage":4,"enemies":"Transient","floor":41,"turns":5},{"damage":8,"enemies":"Maw","floor":42,"turns":5},{"damage":0,"enemies":"Giant Head","floor":44,"turns":5},{"damage":9,"enemies":"3 Darklings","floor":48,"turns":3},{"damage":96,"enemies":"Awakened One","floor":50,"turns":10},{"damage":36,"enemies":"Shield and Spear","floor":54,"turns":5},{"damage":109,"enemies":"The Heart","floor":55,"turns":5}],"seed_played":"649196943549739699","potions_obtained":[{"floor":1,"key":"FearPotion"},{"floor":5,"key":"SteroidPotion"},{"floor":11,"key":"FearPotion"},{"floor":14,"key":"FairyPotion"},{"floor":18,"key":"SpeedPotion"},{"floor":30,"key":"DistilledChaos"},{"floor":31,"key":"DuplicationPotion"},{"floor":33,"key":"FocusPotion"},{"floor":35,"key":"SteroidPotion"},{"floor":42,"key":"Swift Potion"},{"floor":44,"key":"EntropicBrew"},{"floor":54,"key":"Block Potion"}],"is_trial":false,"path_per_floor":["M","?","?","T","M","R","E","R","T","R","M","E","M","M","R","B",null,"M","M","$","M","?","R","E","M","T","R","M","M","E","M","R","B",null,"M","$","T","M","M","R","M","M","T","E","?","$","T","M","R","B",null,"R","$","E","B"],"character_chosen":"DEFECT","items_purchased":["Ornamental Fan","Self Repair","Apotheosis","Bottled Lightning","Electrodynamics","Self Repair","Coolheaded","SteroidPotion"],"campfire_rested":2,"item_purchase_floors":[20,20,36,36,36,46,46,53],"current_hp_per_floor":[68,68,68,68,57,57,42,42,42,42,39,37,37,37,57,39,62,62,62,62,65,65,65,60,58,58,58,58,50,52,59,59,48,64,59,59,59,53,52,52,58,65,65,69,69,69,69,60,60,23,58,69,69,53,0,0],"gold":38,"neow_bonus":"BOSS_RELIC","is_daily":false,"chose_seed":false,"campfire_upgraded":7,"win_rate":0.0,"timestamp":1613262721,"path_taken":["M","?","?","?","?","R","E","R","T","R","M","E","?","M","R","BOSS","M","M","$","M","?","R","E","M","T","R","?","M","E","M","R","BOSS","M","$","?","M","?","R","M","M","T","E","?","?","?","M","R","BOSS","R","$","E","BOSS"],"items_purchased_type":["Relic","Card","Card","Relic","Card","Card","Card","Potion"],"build_version":"2020-12-22","purchased_purges":0,"victory":false,"max_hp_per_floor":[75,69,69,69,69,69,69,69,69,69,69,69,69,69,69,69,69,69,69,69,69,69,69,69,69,69,69,69,69,69,69,69,69,69,69,69,69,69,69,69,69,69,69,69,69,69,69,69,69,69,69,69,69,69,69,69],"card_choices":[{"not_picked":[],"picked":"Scrape","floor":1},{"not_picked":[],"picked":"Chaos","floor":5},{"not_picked":[],"picked":"Cold Snap","floor":7},{"not_picked":[],"picked":"Stack","floor":11},{"not_picked":[],"picked":"Compile Driver","floor":12},{"not_picked":[],"picked":"Chill","floor":13},{"not_picked":["Recycle"],"picked":"SKIP","floor":14},{"not_picked":[],"picked":"Core Surge","floor":16},{"not_picked":[],"picked":"Go for the Eyes","floor":18},{"not_picked":[],"picked":"Beam Cell","floor":19},{"not_picked":[],"picked":"Ball Lightning","floor":21},{"not_picked":[],"picked":"Darkness+1","floor":24},{"not_picked":[],"picked":"Redo","floor":25},{"not_picked":[],"picked":"Gash","floor":28},{"not_picked":[],"picked":"Reinforced Body+1","floor":29},{"not_picked":[],"picked":"Steam+1","floor":30},{"not_picked":[],"picked":"Core Surge","floor":31},{"not_picked":[],"picked":"Reboot","floor":33},{"not_picked":[],"picked":"Streamline+1","floor":35},{"not_picked":[],"picked":"Turbo+1","floor":38},{"not_picked":["Doom and Gloom+1"],"picked":"SKIP","floor":39},{"not_picked":["Ball Lightning"],"picked":"SKIP","floor":41},{"not_picked":["Lockon+1"],"picked":"SKIP","floor":42},{"not_picked":[],"picked":"White Noise+1","floor":44},{"not_picked":["Melter"],"picked":"SKIP","floor":48},{"not_picked":[],"picked":"Barrage+1","floor":54}],"player_experience":984726,"relics_obtained":[{"floor":4,"key":"Letter Opener"},{"floor":7,"key":"Thread and Needle"},{"floor":9,"key":"Cables"},{"floor":12,"key":"Tiny Chest"},{"floor":24,"key":"Toy Ornithopter"},{"floor":30,"key":"White Beast Statue"},{"floor":34,"key":"Smiling Mask"},{"floor":34,"key":"Pantograph"},{"floor":34,"key":"Du-Vu Doll"},{"floor":37,"key":"Matryoshka"},{"floor":43,"key":"Sundial"},{"floor":43,"key":"PreservedInsect"},{"floor":44,"key":"Bag of Marbles"},{"floor":47,"key":"The Courier"},{"floor":47,"key":"Ice Cream"},{"floor":54,"key":"Incense Burner"}],"event_choices":[{"damage_healed":0,"gold_gain":0,"player_choice":"Lose Max HP","damage_taken":0,"relics_obtained":["Golden Idol"],"max_hp_gain":0,"max_hp_loss":6,"event_name":"Golden Idol","floor":2,"gold_loss":0},{"damage_healed":0,"gold_gain":0,"player_choice":"Leave","damage_taken":0,"max_hp_gain":0,"max_hp_loss":0,"event_name":"The Cleric","floor":3,"gold_loss":0},{"damage_healed":0,"gold_gain":0,"player_choice":"Upgraded","damage_taken":0,"max_hp_gain":0,"max_hp_loss":0,"event_name":"Upgrade Shrine","floor":22,"gold_loss":0,"cards_upgraded":["Ball Lightning"]},{"damage_healed":0,"gold_gain":0,"cards_transformed":["Defend_B"],"player_choice":"Transformed","damage_taken":0,"max_hp_gain":0,"max_hp_loss":0,"event_name":"Transmorgrifier","floor":45,"gold_loss":0,"cards_obtained":["Sunder"]}],"is_beta":false,"boss_relics":[{"not_picked":["Nuclear Battery","Empty Cage"],"picked":"SacredBark"},{"not_picked":["Snecko Eye","Coffee Dripper"],"picked":"Calling Bell"}],"items_purged_floors":[],"is_endless":false,"potions_floor_spawned":[1,5,11,14,18,21,30,31,33,35,38,39,41,42,44,48,54],"killed_by":"The Heart","ascension_level":10}}