{"host":"hrvs05np4ys7itky","time":1613345286,"event":{"mods":["BaseMod","Colored Map","Colored Powertips","Downfall","Emptier Cage","Hermit","Highlight Path","Minty Spire (QoL Compilation)","Permanent Neow","Rare Cards Sparkle","Relic Stats","Replay The Spire","StSLib","everything is the same but u backflip on backflip"],"gold_per_floor":[109,12,26,26,45,45,74,74,126,126,136,167,242,269,269,342,342,356,356,375,375,375],"floor_reached":21,"language":"ENG","playtime":1067,"items_purged":["Strike_R"],"score":325,"play_id":"13e1906c-3dd8-4fdd-a753-8c9ddb9611c2","local_time":"20210214182806","is_ascension_mode":true,"campfire_choices":[{"data":"Limit Break","floor":6,"key":"SMITH"},{"data":"Clothesline","floor":8,"key":"SMITH"},{"data":"Inflame","floor":10,"key":"SMITH"},{"data":"Sword Boomerang","floor":15,"key":"SMITH"}],"circlet_count":0,"master_deck":["AscendersBane","Defend_R","Defend_R","Defend_R","Bash","Limit Break+1","Power Through","Thunderclap","Inflame+1","Sword Boomerang","Clothesline+1","Shrug It Off","Sword Boomerang+1","Parasite","downfall:Malfunctioning","Cleave","Limit Break+1"],"relics":["Burning Blood","Blue Doll","Bronze Scales","ReplayFunnel","Centennial Puzzle","Kintsugi"],"acts_visited":["Exordium","TheCity"],"potions_floor_usage":[12,14,14,16],"damage_taken":[{"damage":1,"enemies":"Cultist","floor":1,"turns":3},{"damage":0,"enemies":"2 Louse","floor":3,"turns":3},{"damage":12,"enemies":"Jaw Worm","floor":5,"turns":5},{"damage":21,"enemies":"Gremlin Nob","floor":7,"turns":4},{"damage":13,"enemies":"Exordium Thugs","floor":11,"turns":4},{"damage":16,"enemies":"3 Sentries","floor":12,"turns":7},{"damage":8,"enemies":"Gremlin Nob","floor":14,"turns":3},{"damage":12,"enemies":"Hexaghost","floor":16,"turns":6},{"damage":4,"enemies":"3 Byrds","floor":18,"turns":4},{"damage":20,"enemies":"Shell Parasite","floor":20,"turns":7},{"damage":32,"enemies":"Shelled Parasite and Fungi","floor":21,"turns":5}],"seed_played":"7134387697273417843","potions_obtained":[{"floor":5,"key":"Dexterity Potion"},{"floor":11,"key":"BlessingOfTheForge"},{"floor":12,"key":"AttackPotion"},{"floor":14,"key":"LifebloodPotion"}],"is_trial":false,"path_per_floor":["M","$","M","?","M","R","E","R","T","R","M","E","?","E","R","B",null,"M","?","M","M"],"character_chosen":"IRONCLAD","items_purchased":["Thunderclap"],"campfire_rested":0,"item_purchase_floors":[2],"current_hp_per_floor":[77,77,80,85,79,79,64,64,64,64,57,47,36,34,34,28,71,73,73,59,27,27],"gold":375,"neow_bonus":"ONE_RANDOM_RARE_CARD","is_daily":false,"chose_seed":false,"campfire_upgraded":4,"win_rate":0.0,"timestamp":1613345286,"path_taken":["M","$","?","?","M","R","E","R","T","R","M","E","?","E","R","BOSS","M","?","M","?"],"items_purchased_type":["Card"],"build_version":"2020-12-22","purchased_purges":1,"victory":false,"max_hp_per_floor":[80,80,80,85,85,85,85,85,85,85,85,85,85,85,85,85,85,85,85,85,85,85],"relic_stats":{"Centennial Puzzle":[12],"counters":[11,51],"Bronze Scales":[145],"obtain_stats":[{"ReplayFunnel":12,"Centennial Puzzle":14,"Bronze Scales":9,"Blue Doll":7,"Kintsugi":17,"Burning Blood":0},{"ReplayFunnel":6,"Centennial Puzzle":7,"Bronze Scales":4,"Blue Doll":4,"Kintsugi":8,"Burning Blood":0},{"ReplayFunnel":26,"Centennial Puzzle":29,"Bronze Scales":15,"Blue Doll":15,"Kintsugi":35,"Burning Blood":0}],"Burning Blood":57},"card_choices":[{"not_picked":["Havoc","Run Through"],"picked":"Power Through","floor":1},{"not_picked":["Combust","Heavy Blade"],"picked":"Inflame","floor":3},{"not_picked":["Perfected Strike","Iron Wave"],"picked":"Sword Boomerang","floor":5},{"not_picked":["Hemogenesis","Dual Wield"],"picked":"Clothesline","floor":7},{"not_picked":["Perfected Strike","Headbutt"],"picked":"Shrug It Off","floor":11},{"not_picked":["Run Through","Anger"],"picked":"Sword Boomerang","floor":12},{"not_picked":["Iron Wave","Combust","Replay:Undeath\u0027s Touch"],"picked":"SKIP","floor":14},{"not_picked":["Life Link","Clash"],"picked":"Cleave","floor":18},{"not_picked":["Twin Strike+1","Flex+1","Heavy Blade"],"picked":"SKIP","floor":20}],"player_experience":1079477,"relics_obtained":[{"floor":7,"key":"Blue Doll"},{"floor":9,"key":"Bronze Scales"},{"floor":12,"key":"ReplayFunnel"},{"floor":14,"key":"Centennial Puzzle"}],"event_choices":[{"damage_healed":0,"gold_gain":0,"player_choice":"Donut","damage_taken":0,"max_hp_gain":5,"max_hp_loss":0,"event_name":"Big Fish","floor":4,"gold_loss":0},{"damage_healed":0,"gold_gain":75,"player_choice":"Gather Gold","damage_taken":11,"max_hp_gain":0,"max_hp_loss":0,"event_name":"World of Goop","floor":13,"gold_loss":0},{"damage_healed":0,"gold_gain":0,"player_choice":"Copied","damage_taken":0,"max_hp_gain":0,"max_hp_loss":0,"event_name":"Duplicator","floor":19,"gold_loss":0,"cards_obtained":["Limit Break"]}],"is_beta":false,"boss_relics":[{"not_picked":["Ring of Chaos","Tiny House"],"picked":"Kintsugi"}],"items_purged_floors":[2],"is_endless":false,"potions_floor_spawned":[5,11,12,14],"killed_by":"Shelled Parasite and Fungi","ascension_level":13}}