{"host":"2qyxu97h6u4ukicb","time":1613346516,"event":{"mods":["AchievementEnabler","BaseMod","BetterRewards","Colored Map","Colored Powertips","Minty Spire (QoL Compilation)","Replay The Spire","Shop Mod","StSLib"],"gold_per_floor":[112,112,112,112,124,124,140,157,182,182,217,217,217,425,425,425,425],"floor_reached":16,"language":"ENG","playtime":452,"items_purged":[],"score":98,"play_id":"1bb7ddba-4749-4cbb-8dfc-2222c533d3e1","local_time":"20210214174836","is_ascension_mode":false,"campfire_choices":[{"data":"Flying Knee","floor":6,"key":"SMITH"},{"floor":12,"key":"REST"},{"floor":15,"key":"REST"}],"circlet_count":0,"master_deck":["Strike_G","Strike_G+1","Strike_G","Strike_G","Strike_G","Defend_G","Defend_G","Defend_G","Defend_G","Defend_G","Survivor","Neutralize","Flying Knee+1","Catalyst"],"relics":["NeowsBlessing","Sizzling Blood","Snake Skull","CeramicFish","Matryoshka"],"acts_visited":["Exordium"],"potions_floor_usage":[11],"damage_taken":[{"damage":0,"enemies":"2 Louse","floor":1,"turns":1},{"damage":0,"enemies":"Small Slimes","floor":5,"turns":1},{"damage":0,"enemies":"Cultist","floor":7,"turns":1},{"damage":0,"enemies":"Looter","floor":8,"turns":4},{"damage":36,"enemies":"3 Sentries","floor":11,"turns":10},{"damage":0,"enemies":"The Guardian","floor":16,"turns":1}],"seed_played":"-2426462788595735700","potions_obtained":[{"floor":1,"key":"EssenceOfSteel"}],"is_trial":false,"path_per_floor":["M","?","?","?","M","R","M","M","T","?","E","R","$","?","R","B"],"character_chosen":"THE_SILENT","items_purchased":[],"campfire_rested":2,"item_purchase_floors":[],"current_hp_per_floor":[70,56,60,74,74,74,74,74,74,62,30,52,52,23,45,45,45],"gold":425,"neow_bonus":"THREE_ENEMY_KILL","is_daily":false,"chose_seed":false,"campfire_upgraded":1,"win_rate":0.0,"timestamp":1613346516,"path_taken":["M","?","?","?","?","R","M","M","T","?","E","R","$","?","R","BOSS"],"items_purchased_type":[],"build_version":"2020-12-22","purchased_purges":0,"victory":false,"max_hp_per_floor":[70,70,74,74,74,74,74,74,74,74,74,74,74,74,74,74,74],"card_choices":[{"not_picked":["ReplayTheSpireMod:The Works","Underhanded Strike"],"picked":"Choke","floor":1},{"not_picked":["PiercingWail","Dodge and Roll"],"picked":"Flying Knee","floor":5},{"not_picked":["Dodge and Roll","Underhanded Strike","Well Laid Plans"],"picked":"SKIP","floor":7},{"not_picked":["Bane","Backflip","ReplayTheSpireMod:The Works"],"picked":"SKIP","floor":8},{"not_picked":["Dagger Throw","Masterful Stab"],"picked":"Catalyst","floor":11}],"player_experience":818389,"relics_obtained":[{"floor":9,"key":"Snake Skull"},{"floor":11,"key":"Matryoshka"}],"event_choices":[{"damage_healed":0,"gold_gain":0,"player_choice":"Entered Light","damage_taken":14,"max_hp_gain":0,"max_hp_loss":0,"event_name":"Shining Light","floor":2,"gold_loss":0,"cards_upgraded":["Choke","Strike_G"]},{"cards_removed":["Choke"],"damage_healed":14,"gold_gain":0,"player_choice":"Offered Uncommon","damage_taken":0,"max_hp_gain":0,"max_hp_loss":0,"event_name":"Bonfire Elementals","floor":4,"gold_loss":0},{"damage_healed":0,"gold_gain":0,"player_choice":"Success","damage_taken":12,"relics_obtained":["CeramicFish"],"max_hp_gain":0,"max_hp_loss":0,"event_name":"Scrap Ooze","floor":10,"gold_loss":0}],"is_beta":false,"boss_relics":[],"items_purged_floors":[],"is_endless":false,"potions_floor_spawned":[1],"killed_by":"The Guardian","ascension_level":0}}