{"host":"i8x3uekhioq8aaet","time":1613294757,"event":{"mods":["AchievementEnabler","BaseMod","Colored Map","Colored Powertips","DeckTracker","Minty Spire (QoL Compilation)","Relic Sorter","StSLib"],"gold_per_floor":[116,29,29,40,40,40,115,115,115,170,170,192,192,211,211,325,352,372,342,356,356,377,377,18,38,87,117,143,166,178,29,29,138,138,165,17,17,17,44,44,44],"floor_reached":40,"language":"ZHT","playtime":1264,"items_purged":[],"score":436,"play_id":"6737cf5f-6fd9-43ef-bbe9-be0c4c2c5ab9","local_time":"20210214172557","is_ascension_mode":true,"campfire_choices":[{"floor":6,"key":"REST"},{"floor":13,"key":"REST"},{"data":"Distraction","floor":15,"key":"SMITH"},{"floor":23,"key":"REST"},{"floor":30,"key":"REST"},{"floor":32,"key":"REST"}],"circlet_count":0,"master_deck":["Strike_G+1","Strike_G+1","Defend_G","Defend_G","Defend_G","Defend_G+1","Survivor","CurseOfTheBell","Slice","Distraction+1","Poisoned Stab+1","Cloak And Dagger","Cloak And Dagger","Terror","Corpse Explosion","Malaise+1","Slice+1","Poisoned Stab+1","Dodge and Roll+1","Backflip","Deflect","Dash","Corpse Explosion","PiercingWail","Tools of the Trade","Dagger Throw","Poisoned Stab","Storm of Steel","Poisoned Stab+1","Blade Dance+1"],"relics":["Calling Bell","Juzu Bracelet","HornCleat","Ginger","CeramicFish","Whetstone","Astrolabe","Anchor","DollysMirror","MawBank","Snake Skull","OrangePellets"],"acts_visited":["Exordium","TheCity","TheBeyond"],"potions_floor_usage":[16,16,22,25,33,39,40],"damage_taken":[{"damage":7,"enemies":"2 Louse","floor":1,"turns":2},{"damage":2,"enemies":"Jaw Worm","floor":4,"turns":5},{"damage":9,"enemies":"Small Slimes","floor":12,"turns":4},{"damage":8,"enemies":"2 Fungi Beasts","floor":14,"turns":4},{"damage":28,"enemies":"Slime Boss","floor":16,"turns":13},{"damage":24,"enemies":"Spheric Guardian","floor":18,"turns":5},{"damage":14,"enemies":"Chosen","floor":20,"turns":5},{"damage":20,"enemies":"Centurion and Healer","floor":22,"turns":6},{"damage":6,"enemies":"Snake Plant","floor":25,"turns":4},{"damage":7,"enemies":"Snecko","floor":28,"turns":5},{"damage":0,"enemies":"Centurion and Healer","floor":29,"turns":4},{"damage":51,"enemies":"Automaton","floor":33,"turns":11},{"damage":16,"enemies":"Orb Walker","floor":35,"turns":5},{"damage":5,"enemies":"3 Shapes","floor":39,"turns":8},{"damage":62,"enemies":"Giant Head","floor":40,"turns":8}],"seed_played":"8412919558338392455","potions_obtained":[{"floor":12,"key":"Strength Potion"},{"floor":14,"key":"Dexterity Potion"},{"floor":16,"key":"Regen Potion"},{"floor":19,"key":"GamblersBrew"},{"floor":19,"key":"Swift Potion"},{"floor":22,"key":"SneckoOil"},{"floor":25,"key":"LiquidBronze"}],"is_trial":false,"path_per_floor":["M","$","?","M","?","R","?","?","T","T","?","M","R","M","R","B",null,"M","?","M","?","M","R","$","M","T","?","M","M","R","$","R","B",null,"M","$","?","$","M","E"],"character_chosen":"THE_SILENT","items_purchased":["Distraction","Poisoned Stab","Deflect","Dash","Anchor","DollysMirror","Snake Skull","Poisoned Stab","OrangePellets"],"campfire_rested":5,"item_purchase_floors":[2,2,24,24,24,24,31,31,36],"current_hp_per_floor":[63,63,49,47,47,68,57,57,57,57,57,48,69,61,61,33,70,46,46,32,19,14,36,36,30,30,30,23,23,45,45,67,16,75,59,59,59,59,54,0,0],"gold":44,"neow_bonus":"BOSS_RELIC","is_daily":false,"chose_seed":false,"campfire_upgraded":1,"win_rate":0.0,"timestamp":1613294757,"path_taken":["M","$","?","M","?","R","?","?","T","?","?","M","R","M","R","BOSS","M","?","M","?","M","R","$","M","T","?","M","M","R","?","R","BOSS","M","$","?","$","M","E"],"items_purchased_type":["Card","Card","Card","Card","Relic","Relic","Relic","Card","Relic"],"build_version":"2020-12-22","purchased_purges":0,"victory":false,"max_hp_per_floor":[70,70,70,70,70,70,70,70,70,70,70,70,70,70,70,70,70,70,70,70,75,75,75,75,75,75,75,75,75,75,75,75,75,75,75,75,75,75,75,75,75],"card_choices":[{"not_picked":["Flechettes","Backflip"],"picked":"Slice","floor":1},{"not_picked":["Expertise","Underhanded Strike"],"picked":"Cloak And Dagger","floor":4},{"not_picked":["Distraction","Sucker Punch"],"picked":"Cloak And Dagger","floor":12},{"not_picked":["Quick Slash","Slice"],"picked":"Terror","floor":14},{"not_picked":["Burst","Phantasmal Killer"],"picked":"Corpse Explosion","floor":16},{"not_picked":["Quick Slash","Dagger Spray"],"picked":"Dodge and Roll+1","floor":18},{"not_picked":["Underhanded Strike","Reflex","Quick Slash"],"picked":"SKIP","floor":20},{"not_picked":["Blur","All Out Attack"],"picked":"Backflip","floor":22},{"not_picked":["Quick Slash","Underhanded Strike"],"picked":"PiercingWail","floor":25},{"not_picked":["Skewer+1","Choke","Prepared+1"],"picked":"SKIP","floor":28},{"not_picked":["Underhanded Strike","Well Laid Plans","Prepared"],"picked":"SKIP","floor":29},{"not_picked":["Tools of the Trade","Malaise"],"picked":"Storm of Steel","floor":33},{"not_picked":["Underhanded Strike+1","Dodge and Roll"],"picked":"Poisoned Stab+1","floor":35},{"not_picked":["Acrobatics","After Image"],"picked":"Blade Dance+1","floor":39}],"player_experience":334473,"relics_obtained":[{"floor":0,"key":"Juzu Bracelet"},{"floor":0,"key":"HornCleat"},{"floor":0,"key":"Ginger"},{"floor":9,"key":"CeramicFish"},{"floor":10,"key":"Whetstone"},{"floor":26,"key":"MawBank"}],"event_choices":[{"damage_healed":0,"gold_gain":0,"player_choice":"Entered Light","damage_taken":14,"max_hp_gain":0,"max_hp_loss":0,"event_name":"Shining Light","floor":3,"gold_loss":0,"cards_upgraded":["Defend_G","Strike_G"]},{"damage_healed":0,"gold_gain":0,"player_choice":"Ignored","damage_taken":0,"max_hp_gain":0,"max_hp_loss":0,"event_name":"Golden Wing","floor":5,"gold_loss":0},{"damage_healed":0,"gold_gain":75,"player_choice":"Gather Gold","damage_taken":11,"max_hp_gain":0,"max_hp_loss":0,"event_name":"World of Goop","floor":7,"gold_loss":0},{"damage_healed":0,"gold_gain":0,"player_choice":"Ignored","damage_taken":0,"max_hp_gain":0,"max_hp_loss":0,"event_name":"Golden Idol","floor":8,"gold_loss":0},{"damage_healed":0,"gold_gain":0,"player_choice":"Searched \u00270\u0027 times","damage_taken":0,"max_hp_gain":0,"max_hp_loss":0,"event_name":"Dead Adventurer","floor":11,"gold_loss":0},{"damage_healed":0,"gold_gain":0,"player_choice":"Bought 2 Potions","damage_taken":0,"max_hp_gain":0,"max_hp_loss":0,"event_name":"The Woman in Blue","floor":19,"gold_loss":0},{"damage_healed":0,"gold_gain":0,"player_choice":"Shed Blood","damage_taken":18,"max_hp_gain":5,"max_hp_loss":0,"event_name":"Forgotten Altar","floor":21,"gold_loss":0},{"damage_healed":0,"gold_gain":0,"cards_transformed":["Defend_G","Neutralize"],"player_choice":"Became Test Subject","damage_taken":0,"max_hp_gain":0,"max_hp_loss":0,"event_name":"Drug Dealer","floor":27,"gold_loss":0,"cards_obtained":["Tools of the Trade","Dagger Throw"]},{"damage_healed":0,"gold_gain":0,"player_choice":"Ignored","damage_taken":0,"max_hp_gain":0,"max_hp_loss":0,"event_name":"Mysterious Sphere","floor":37,"gold_loss":0}],"is_beta":false,"boss_relics":[{"not_picked":["SlaversCollar","Runic Dome"],"picked":"Astrolabe"},{"not_picked":["Velvet Choker","Snecko Eye","Coffee Dripper"]}],"items_purged_floors":[],"is_endless":false,"potions_floor_spawned":[12,14,16,22,25],"killed_by":"Giant Head","ascension_level":2}}