{"host":"yml0ux6c8lqydjlc","time":1613275092,"event":{"mods":["Aspiration","BaseMod","Conspire","Downfall","Hermit","Jedi Mod","Minty Spire (QoL Compilation)","Robot Space Explorer","StSLib"],"gold_per_floor":[114,114,133,33,54,93,93,67,117,17,17,42,42,42,42,163,163,186,36,36,60,80,80,119,119,119,94,0,0,21,36,36,160,160,175,238,39,63,82,82,82],"floor_reached":40,"language":"ENG","playtime":2722,"items_purged":["Strike_G","Strike_G","Strike_G","Strike_G"],"score":404,"play_id":"caf2f95b-a32a-46ae-a18c-9a27e657f932","local_time":"20210213225812","is_ascension_mode":false,"campfire_choices":[{"floor":7,"key":"REST"},{"floor":11,"key":"REST"},{"floor":13,"key":"REST"},{"floor":15,"key":"REST"},{"data":"Deflect","floor":23,"key":"SMITH"},{"floor":25,"key":"REST"},{"data":"After Image","floor":32,"key":"SMITH"}],"circlet_count":0,"master_deck":["Defend_G","Defend_G","Defend_G","Defend_G","Survivor","Neutralize","After Image+1","Deadly Poison","Slice","Flying Knee","Deadly Poison","jedi:pocketpoison+1","jedi:pocketpoison+1","Dagger Throw","Adrenaline","Crippling Poison+1","Sucker Punch","Backstab","Deflect+1","Flying Knee+1","Poisoned Stab","Bane","Backflip","Envenom","Flying Knee+1","Deadly Poison","Outmaneuver","Quick Slash+1"],"relics":["Ring of the Snake","Golden Idol","Incense Burner","PreservedInsect","jedi:firstaidkit","Ancient Tea Set","Bottled Flame","Empty Cage","conspire:Boomerang"],"acts_visited":["Exordium","TheCity","TheBeyond"],"potions_floor_usage":[16,16,21,33,33,39,40,40],"damage_taken":[{"damage":0,"enemies":"2 Louse","floor":1,"turns":3},{"damage":1,"enemies":"Jaw Worm","floor":3,"turns":5},{"damage":0,"enemies":"Small Slimes","floor":5,"turns":3},{"damage":40,"enemies":"Gremlin Nob","floor":6,"turns":5},{"damage":1,"enemies":"Blue Slaver","floor":12,"turns":3},{"damage":27,"enemies":"Hexaghost","floor":16,"turns":10},{"damage":4,"enemies":"Shell Parasite","floor":18,"turns":5},{"damage":5,"enemies":"2 Thieves","floor":21,"turns":4},{"damage":10,"enemies":"Cultist and Chosen","floor":22,"turns":6},{"damage":2,"enemies":"Book of Stabbing","floor":24,"turns":5},{"damage":10,"enemies":"Shelled Parasite and Fungi","floor":30,"turns":5},{"damage":15,"enemies":"Centurion and Healer","floor":31,"turns":7},{"damage":19,"enemies":"conspire:MysteriousRune","floor":33,"turns":10},{"damage":8,"enemies":"Orb Walker","floor":35,"turns":4},{"damage":6,"enemies":"Mind Bloom Boss Battle","floor":36,"turns":8},{"damage":7,"enemies":"3 Shapes","floor":38,"turns":5},{"damage":37,"enemies":"Sphere and 2 Shapes","floor":39,"turns":6},{"damage":57,"enemies":"Reptomancer","floor":40,"turns":2}],"seed_played":"3257283631656709031","potions_obtained":[{"floor":1,"key":"GamblersBrew"},{"floor":12,"key":"BlessingOfTheForge"},{"floor":16,"key":"DistilledChaos"},{"floor":24,"key":"Swift Potion"},{"floor":30,"key":"sneckomod:MuddlingPotion"},{"floor":31,"key":"hexamod:SoulburnPotion"},{"floor":38,"key":"SkillPotion"},{"floor":39,"key":"EntropicBrew"}],"is_trial":false,"path_per_floor":["M","?","M","$","M","E","R","$","T","$","R","M","R","?","R","B",null,"M","$","?","M","M","R","E","R","T","$","?","T","M","M","R","B",null,"M","?","$","M","M","E"],"character_chosen":"THE_SILENT","items_purchased":["Flying Knee","jedi:pocketpoison","Sucker Punch","Poisoned Stab","Outmaneuver"],"campfire_rested":5,"item_purchase_floors":[4,8,19,27,37],"current_hp_per_floor":[70,53,52,52,52,12,33,33,33,33,54,53,70,56,70,43,70,66,66,66,61,51,51,49,70,70,70,70,70,70,62,62,51,70,69,65,65,58,41,0,0],"gold":82,"neow_bonus":"ONE_RANDOM_RARE_CARD","is_daily":false,"chose_seed":false,"campfire_upgraded":2,"win_rate":0.0,"timestamp":1613275092,"path_taken":["M","?","M","$","M","E","R","?","T","?","R","M","R","?","R","BOSS","M","$","?","M","M","R","E","R","T","$","?","?","M","M","R","BOSS","M","?","$","M","M","E"],"items_purchased_type":["Card","Card","Card","Card","Card"],"build_version":"2020-12-22","purchased_purges":4,"victory":false,"max_hp_per_floor":[70,70,70,70,70,70,70,70,70,70,70,70,70,70,70,70,70,70,70,70,70,70,70,70,70,70,70,70,70,70,70,70,70,70,70,70,70,70,70,70,70],"card_choices":[{"not_picked":["Outmaneuver","PiercingWail"],"picked":"Deadly Poison","floor":1},{"not_picked":["Dagger Spray","Dodge and Roll"],"picked":"Slice","floor":3},{"not_picked":["Footwork","Outmaneuver"],"picked":"Deadly Poison","floor":5},{"not_picked":["Masterful Stab","Slice"],"picked":"jedi:pocketpoison","floor":6},{"not_picked":["Slice","Escape Plan"],"picked":"Dagger Throw","floor":12},{"not_picked":["Phantasmal Killer","Malaise"],"picked":"Adrenaline","floor":16},{"not_picked":["Quick Slash+1","conspire:PoisonWeapons"],"picked":"Crippling Poison+1","floor":18},{"not_picked":["Flying Knee","Blade Dance"],"picked":"Backstab","floor":21},{"not_picked":["Acrobatics","conspire:PoisonWeapons"],"picked":"Deflect","floor":22},{"not_picked":["Bane","jedi:pocketpoison"],"picked":"Flying Knee+1","floor":24},{"not_picked":["Corpse Explosion","Reflex"],"picked":"Bane","floor":30},{"not_picked":["Finisher","Reflex+1"],"picked":"Backflip","floor":31},{"not_picked":["Bullet Time","Glass Knife"],"picked":"Envenom","floor":33},{"not_picked":["Reflex","Calculated Gamble"],"picked":"Flying Knee+1","floor":35},{"not_picked":["Cloak And Dagger+1","Eviscerate+1"],"picked":"Deadly Poison","floor":36},{"not_picked":["Outmaneuver","Calculated Gamble+1","Distraction+1"],"picked":"SKIP","floor":38},{"not_picked":["Deflect+1","Outmaneuver"],"picked":"Quick Slash+1","floor":39}],"player_experience":83514,"relics_obtained":[{"floor":6,"key":"Incense Burner"},{"floor":9,"key":"PreservedInsect"},{"floor":24,"key":"jedi:firstaidkit"},{"floor":26,"key":"Ancient Tea Set"},{"floor":29,"key":"Bottled Flame"},{"floor":36,"key":"conspire:Boomerang"}],"event_choices":[{"damage_healed":0,"gold_gain":0,"player_choice":"Take Damage","damage_taken":17,"relics_obtained":["Golden Idol"],"max_hp_gain":0,"max_hp_loss":0,"event_name":"Golden Idol","floor":2,"gold_loss":0},{"damage_healed":0,"gold_gain":0,"player_choice":"Entered Light","damage_taken":14,"max_hp_gain":0,"max_hp_loss":0,"event_name":"Shining Light","floor":14,"gold_loss":0,"cards_upgraded":["jedi:pocketpoison","jedi:pocketpoison"]},{"damage_healed":0,"gold_gain":0,"player_choice":"Ignored","damage_taken":0,"max_hp_gain":0,"max_hp_loss":0,"event_name":"Ghosts","floor":20,"gold_loss":0},{"damage_healed":0,"gold_gain":0,"player_choice":"Paid Fearfully","damage_taken":0,"max_hp_gain":0,"max_hp_loss":0,"event_name":"Masked Bandits","floor":28,"gold_loss":94},{"damage_healed":0,"gold_gain":0,"player_choice":"Fight","damage_taken":0,"max_hp_gain":0,"max_hp_loss":0,"event_name":"MindBloom","floor":36,"gold_loss":0}],"is_beta":false,"boss_relics":[{"not_picked":["aspiration:FutureDiary","Ectoplasm","conspire:SpecialSausage"]},{"not_picked":["HoveringKite","aspiration:RitualDagger"],"picked":"Empty Cage"}],"items_purged_floors":[4,10,19,37],"is_endless":false,"potions_floor_spawned":[1,12,16,24,30,31,38,39],"killed_by":"Reptomancer","ascension_level":0}}