{"host":"c97twqu0op5dg8i4","time":1613263654,"event":{"mods":["AchievementEnabler","BaseMod","Colored Map","Minty Spire (QoL Compilation)","Permanent Neow"],"gold_per_floor":[111,130,130,150,150,150,166,201,201,376,394,394,3,18,18,18,120,120,140,140,152,172,24,24,58,58,58],"floor_reached":26,"language":"ENG","playtime":740,"items_purged":["Doubt"],"score":365,"play_id":"8549cc71-f90b-48e0-b71c-ab0726ca185f","local_time":"20210213194734","is_ascension_mode":true,"campfire_choices":[{"data":"Static Discharge","floor":6.0,"key":"SMITH"},{"floor":12.0,"key":"REST"},{"floor":15,"key":"REST"},{"data":"Capacitor","floor":16,"key":"SMITH"},{"data":"Creative AI","floor":24,"key":"SMITH"}],"circlet_count":0,"master_deck":["AscendersBane","Strike_B","Strike_B","Strike_B","Strike_B","Defend_B","Defend_B","Defend_B","Defend_B","Zap+1","Dualcast","Static Discharge+1","Capacitor+1","Leap+1","White Noise+1","Reinforced Body+1","Capacitor","Reboot+1","Creative AI+1","Coolheaded+1","Tempest+1","Skim+1","Loop"],"relics":["Cracked Core","FaceOfCleric","Toxic Egg 2","White Beast Statue","Ancient Tea Set","Chemical X","Philosopher\u0027s Stone","Bag of Preparation","Symbiotic Virus"],"acts_visited":["Exordium","TheCity"],"potions_floor_usage":[21,25],"damage_taken":[{"damage":0.0,"enemies":"Small Slimes","floor":1.0,"turns":3.0},{"damage":0.0,"enemies":"Cultist","floor":2.0,"turns":4.0},{"damage":1.0,"enemies":"2 Louse","floor":4.0,"turns":2.0},{"damage":10.0,"enemies":"Gremlin Gang","floor":7.0,"turns":5.0},{"damage":38.0,"enemies":"Lagavulin","floor":8.0,"turns":5.0},{"damage":6.0,"enemies":"Looter","floor":11.0,"turns":4.0},{"damage":14,"enemies":"Exordium Wildlife","floor":14,"turns":5},{"damage":50,"enemies":"The Guardian","floor":17,"turns":8},{"damage":1,"enemies":"Chosen","floor":19,"turns":4},{"damage":0,"enemies":"2 Thieves","floor":21,"turns":4},{"damage":27,"enemies":"Snecko","floor":22,"turns":5},{"damage":37,"enemies":"Slavers","floor":25,"turns":6},{"damage":10,"enemies":"Cultist and Chosen","floor":26,"turns":4}],"seed_played":"-527439865982731603","potions_obtained":[{"floor":1.0,"key":"LiquidBronze"},{"floor":7.0,"key":"LiquidBronze"},{"floor":11.0,"key":"DistilledChaos"},{"floor":21,"key":"Swift Potion"},{"floor":25,"key":"Strength Potion"}],"is_trial":false,"path_per_floor":["M","M","?","M","T","R","M","E","T","?","M","R","$","M","R","R","B",null,"M","?","M","M","$","R","E","M"],"character_chosen":"DEFECT","items_purchased":["Reinforced Body+1","Chemical X","Capacitor","Bag of Preparation"],"campfire_rested":2,"item_purchase_floors":[13,13,13,23],"current_hp_per_floor":[68,68,68,68,68,68,59,22,22,22,17,40,40,27,51,51,2,61,61,66,67,41,41,41,5,15,15],"gold":58,"neow_bonus":"UPGRADE_CARD","is_daily":false,"chose_seed":false,"campfire_upgraded":3,"win_rate":0.0,"timestamp":1613263654,"path_taken":["M","M","?","?","?","R","M","E","T","?","M","R","$","M","R","R","BOSS","M","?","M","?","$","R","E","M"],"items_purchased_type":["Card","Relic","Card","Relic"],"build_version":"2020-12-22","purchased_purges":1,"victory":false,"max_hp_per_floor":[75,75,75,76,76,76,77,78,78,78,79,79,79,80,80,80,81,81,82,82,83,84,84,84,85,85,85],"card_choices":[{"not_picked":["Glacier","Conserve Battery"],"picked":"Gash","floor":1.0},{"not_picked":["Force Field","Cold Snap"],"picked":"Static Discharge","floor":2.0},{"not_picked":["Turbo","Rip and Tear"],"picked":"Capacitor","floor":4.0},{"not_picked":["Cold Snap","Force Field+1","Reprogram+1"],"picked":"SKIP","floor":7.0},{"not_picked":["Sunder","Beam Cell"],"picked":"Leap+1","floor":8.0},{"not_picked":["Rip and Tear","Beam Cell"],"picked":"White Noise+1","floor":11.0},{"not_picked":["White Noise+1","Redo+1"],"picked":"Reboot+1","floor":14},{"not_picked":["Fission+1","Core Surge"],"picked":"Creative AI","floor":17},{"not_picked":["Gash","Scrape"],"picked":"Coolheaded+1","floor":19},{"not_picked":["Loop","Cold Snap"],"picked":"Tempest+1","floor":21},{"not_picked":["Hologram+1","Genetic Algorithm+1"],"picked":"Skim+1","floor":22},{"not_picked":["White Noise+1","Beam Cell"],"picked":"Loop","floor":25}],"player_experience":407514,"relics_obtained":[{"floor":5.0,"key":"Toxic Egg 2"},{"floor":8.0,"key":"White Beast Statue"},{"floor":9.0,"key":"Ancient Tea Set"},{"floor":25,"key":"Symbiotic Virus"}],"event_choices":[{"damage_healed":0.0,"max_hp_gain":0.0,"max_hp_loss":0.0,"gold_gain":0.0,"event_name":"FaceTrader","player_choice":"Trade","floor":3.0,"gold_loss":0.0,"damage_taken":0.0,"relics_obtained":["FaceOfCleric"]},{"damage_healed":0.0,"max_hp_gain":0.0,"max_hp_loss":0.0,"gold_gain":175.0,"event_name":"Liars Game","player_choice":"AGREE","floor":10.0,"gold_loss":0.0,"damage_taken":0.0,"cards_obtained":["Doubt"]},{"cards_removed":["Gash"],"damage_healed":5,"gold_gain":0,"player_choice":"Offered Common","damage_taken":0,"max_hp_gain":0,"max_hp_loss":0,"event_name":"Bonfire Elementals","floor":20,"gold_loss":0},{"cards_removed":["Gash"],"damage_healed":5,"gold_gain":0,"player_choice":"Offered Special","damage_taken":0,"max_hp_gain":0,"max_hp_loss":0,"event_name":"Bonfire Elementals","floor":20,"gold_loss":0}],"is_beta":false,"boss_relics":[{"not_picked":["Astrolabe","Sozu"],"picked":"Philosopher\u0027s Stone"}],"items_purged_floors":[13],"is_endless":false,"potions_floor_spawned":[1,7,11,14,17,19,21,22,25],"killed_by":"Cultist and Chosen","ascension_level":12}}