{"host":"85rg8sallz0lemh6","time":1613291917,"event":{"mods":["BaseMod","Bestiary","Colored Powertips","Highlight Path","Minty Spire (QoL Compilation)","Quick Restart"],"gold_per_floor":[113,131,231,245,256,289,289,317,343,343,375,375,391,391,391,488,488,498,498,186,196,213,242,242,242,242],"floor_reached":25,"language":"ENG","playtime":616,"items_purged":[],"score":277,"play_id":"b261adf5-17de-4110-8b90-1d6c671f3f57","local_time":"20210214023837","is_ascension_mode":true,"campfire_choices":[{"data":"Dualcast","floor":7,"key":"SMITH"},{"data":"Zap","floor":10,"key":"SMITH"},{"data":"Self Repair","floor":12,"key":"SMITH"},{"data":"Seek","floor":15,"key":"SMITH"},{"data":"Electrodynamics","floor":24,"key":"SMITH"}],"circlet_count":0,"master_deck":["Strike_B","Strike_B","Strike_B","Defend_B","Defend_B","Defend_B","Defend_B","Zap+1","Dualcast+1","Melter","Reinforced Body","Ball Lightning","Sweeping Beam","Self Repair+1","Seek+1","Electrodynamics+1"],"relics":["Cracked Core","NeowsBlessing","Smiling Mask","Strawberry","Vajra","Bronze Scales","Inserter","Incense Burner","Gremlin Horn"],"acts_visited":["Exordium","TheCity"],"potions_floor_usage":[5,8,25,25,25],"damage_taken":[{"damage":0,"enemies":"Cultist","floor":1,"turns":1},{"damage":0,"enemies":"2 Louse","floor":2,"turns":1},{"damage":0,"enemies":"Jaw Worm","floor":4,"turns":1},{"damage":0,"enemies":"Red Slaver","floor":5,"turns":3},{"damage":15,"enemies":"Lagavulin","floor":6,"turns":6},{"damage":25,"enemies":"3 Sentries","floor":8,"turns":5},{"damage":26,"enemies":"Gremlin Nob","floor":11,"turns":4},{"damage":3,"enemies":"Exordium Wildlife","floor":13,"turns":2},{"damage":28,"enemies":"The Guardian","floor":16,"turns":11},{"damage":21,"enemies":"2 Thieves","floor":18,"turns":3},{"damage":0,"enemies":"3 Byrds","floor":21,"turns":2},{"damage":15,"enemies":"Centurion and Healer","floor":22,"turns":5},{"damage":42,"enemies":"Slavers","floor":23,"turns":2},{"damage":14,"enemies":"Book of Stabbing","floor":25,"turns":2}],"seed_played":"8767033089066049045","potions_obtained":[{"floor":1,"key":"SneckoOil"},{"floor":4,"key":"EntropicBrew"},{"floor":5,"key":"Strength Potion"},{"floor":6,"key":"Strength Potion"},{"floor":23,"key":"Explosive Potion"}],"is_trial":false,"path_per_floor":["M","M","?","M","M","E","R","E","T","R","E","R","M","?","R","B",null,"M","?","$","M","M","E","R","E"],"character_chosen":"DEFECT","items_purchased":["Incense Burner"],"campfire_rested":0,"item_purchase_floors":[20],"current_hp_per_floor":[75,75,75,75,75,60,60,42,42,42,23,23,30,30,30,12,82,71,71,71,71,66,24,24,10,10],"gold":242,"neow_bonus":"THREE_ENEMY_KILL","is_daily":false,"chose_seed":false,"campfire_upgraded":5,"win_rate":0.0,"timestamp":1613291917,"path_taken":["M","?","?","?","M","E","R","E","T","R","E","R","M","?","R","BOSS","M","?","$","M","M","E","R","E"],"items_purchased_type":["Relic"],"build_version":"2020-12-22","purchased_purges":0,"victory":false,"max_hp_per_floor":[75,75,75,75,75,75,75,82,82,82,82,82,82,82,82,82,82,82,82,82,82,82,82,82,82,82],"card_choices":[{"not_picked":["Barrage","Static Discharge"],"picked":"Melter","floor":1},{"not_picked":["Rip and Tear","Rebound"],"picked":"Reinforced Body","floor":2},{"not_picked":["Beam Cell","Chill","Genetic Algorithm"],"picked":"SKIP","floor":4},{"not_picked":["Reinforced Body","Stack"],"picked":"Ball Lightning","floor":5},{"not_picked":["Coolheaded","All For One"],"picked":"Sweeping Beam","floor":6},{"not_picked":["Redo","Streamline"],"picked":"Self Repair","floor":8},{"not_picked":["Turbo","Melter"],"picked":"Seek","floor":11},{"not_picked":["Streamline","Blizzard","Genetic Algorithm"],"picked":"SKIP","floor":13},{"not_picked":["Echo Form","Fission"],"picked":"Electrodynamics","floor":16},{"not_picked":["Double Energy","Coolheaded+1","Gash+1"],"picked":"SKIP","floor":18},{"not_picked":["Genetic Algorithm","Hologram","Skim"],"picked":"SKIP","floor":21},{"not_picked":["Sweeping Beam","Blizzard+1","Hologram"],"picked":"SKIP","floor":22},{"not_picked":["Stack","FTL","Hologram"],"picked":"SKIP","floor":23}],"player_experience":99380,"relics_obtained":[{"floor":6,"key":"Smiling Mask"},{"floor":8,"key":"Strawberry"},{"floor":9,"key":"Vajra"},{"floor":11,"key":"Bronze Scales"},{"floor":23,"key":"Gremlin Horn"}],"event_choices":[{"damage_healed":0,"gold_gain":100,"player_choice":"Gold","damage_taken":0,"max_hp_gain":0,"max_hp_loss":0,"event_name":"Wheel of Change","floor":3,"gold_loss":0},{"cards_removed":["Strike_B"],"damage_healed":0,"gold_gain":0,"player_choice":"Purged","damage_taken":0,"max_hp_gain":0,"max_hp_loss":0,"event_name":"Purifier","floor":14,"gold_loss":0},{"damage_healed":0,"gold_gain":0,"player_choice":"Ignored","damage_taken":0,"max_hp_gain":0,"max_hp_loss":0,"event_name":"Ghosts","floor":19,"gold_loss":0}],"is_beta":false,"boss_relics":[{"not_picked":["Black Star","Philosopher\u0027s Stone"],"picked":"Inserter"}],"items_purged_floors":[],"is_endless":false,"potions_floor_spawned":[1,4,5,6,23],"killed_by":"Book of Stabbing","ascension_level":3}}