{"host":"7t8rqoeeopyy0nh0","time":1613272413,"event":{"mods":["AchievementEnabler","Aspiration","BaseMod","Better Third Choice","BetterRewards","Colored Map","Colored Powertips","Conspire","Hubris","Minty Spire (QoL Compilation)","Permanent Neow","Quick Restart","Rare Cards Sparkle","Replay The Spire","StSLib"],"gold_per_floor":[113,124,141,141,157,157,190,190,190,222,235,235,248,261,261,363,363,382,365,365,384,394,394,394],"floor_reached":23,"language":"ENG","playtime":1194,"items_purged":[],"score":313,"play_id":"07fbf966-a5e0-4145-a272-45c82fe6f36f","local_time":"20210213221333","is_ascension_mode":true,"campfire_choices":[{"floor":6,"key":"REST"},{"data":"Eruption","floor":8,"key":"SMITH"},{"data":"Devotion","floor":12,"key":"SMITH"},{"data":"EmptyFist","floor":15,"key":"SMITH"}],"circlet_count":0,"master_deck":["Strike_P","Strike_P","Strike_P","Strike_P","Defend_P","Defend_P","Defend_P","Defend_P","Eruption+1","Vigilance","Wallop","ThirdEye+1","Protect+1","EmptyFist+1","Consecrate","PathToVictory+1","EmptyBody+1","Sanctity+1","ClearTheMind+1","CutThroughFate","Devotion+1","JustLucky","Omniscience+1","Prostrate+1","PathToVictory+1","Evaluate+1"],"relics":["HolyWater","Toxic Egg 2","TeardropLocket","BargainBundle","Thread and Needle","Incense Burner","Simple Rune"],"acts_visited":["Exordium","TheCity"],"potions_floor_usage":[7,13,16,23,23,23],"damage_taken":[{"damage":0,"enemies":"Cultist","floor":1,"turns":3},{"damage":0,"enemies":"2 Louse","floor":2,"turns":2},{"damage":3,"enemies":"Small Slimes","floor":3,"turns":3},{"damage":2,"enemies":"Looter","floor":5,"turns":4},{"damage":3,"enemies":"Lagavulin","floor":7,"turns":9},{"damage":0,"enemies":"3 Sentries","floor":10,"turns":8},{"damage":0,"enemies":"Blue Slaver","floor":11,"turns":4},{"damage":1,"enemies":"Large Slime","floor":13,"turns":4},{"damage":0,"enemies":"3 Louse","floor":14,"turns":4},{"damage":13,"enemies":"Hexaghost","floor":16,"turns":10},{"damage":11,"enemies":"Chosen","floor":18,"turns":5},{"damage":2,"enemies":"2 Thieves","floor":19,"turns":4},{"damage":3,"enemies":"Centurion and Healer","floor":21,"turns":5},{"damage":0,"enemies":"conspire:HollyBat","floor":22,"turns":6},{"damage":69,"enemies":"Gremlin Leader","floor":23,"turns":9}],"seed_played":"-8662203930987413926","potions_obtained":[{"floor":1,"key":"Dexterity Potion"},{"floor":3,"key":"EssenceOfSteel"},{"floor":7,"key":"Milkshake"},{"floor":19,"key":"Regen Potion"},{"floor":20,"key":"StancePotion"},{"floor":20,"key":"ColorlessPotion"},{"floor":21,"key":"Explosive Potion"}],"is_trial":false,"path_per_floor":["M","M","M","?","M","R","E","R","T","E","M","R","M","M","R","B",null,"M","M","?","M","M","E"],"character_chosen":"WATCHER","items_purchased":["Toxic Egg 2","TeardropLocket","BargainBundle","Wallop","ThirdEye+1","Protect+1","EmptyFist","Consecrate"],"campfire_rested":1,"item_purchase_floors":[0,0,0,0,0,0,0,0],"current_hp_per_floor":[25,25,22,22,20,41,38,38,38,38,38,38,37,37,37,24,60,49,47,47,44,44,0,0],"gold":394,"neow_bonus":"","is_daily":false,"chose_seed":false,"campfire_upgraded":3,"win_rate":0.0,"timestamp":1613272413,"path_taken":["M","M","M","?","M","R","E","R","T","E","M","R","M","M","R","BOSS","M","M","?","?","M","E"],"items_purchased_type":["Relic","Relic","Relic","Card","Card","Card","Card","Card"],"build_version":"2020-12-22","purchased_purges":0,"victory":false,"max_hp_per_floor":[72,72,72,72,72,72,72,72,72,72,72,72,72,72,72,72,72,72,72,72,72,72,72,72],"card_choices":[{"not_picked":["Evaluate+1","Replay:Vibes+1"],"picked":"PathToVictory+1","floor":1},{"not_picked":["CarveReality","Consecrate"],"picked":"EmptyBody+1","floor":2},{"not_picked":["SashWhip","EmptyMind+1"],"picked":"Sanctity+1","floor":3},{"not_picked":["Adaptation","FlurryOfBlows"],"picked":"ClearTheMind+1","floor":5},{"not_picked":["FlyingSleeves","Study"],"picked":"CutThroughFate","floor":7},{"not_picked":["Consecrate","WreathOfFlame+1","Weave"],"picked":"SKIP","floor":10},{"not_picked":["Replay:AtTheReady+1","Wireheading"],"picked":"Devotion","floor":11},{"not_picked":["Replay:ManipulateFuture+1","FollowUp","Collect+1"],"picked":"SKIP","floor":13},{"not_picked":["Evaluate+1","Replay:ManipulateFuture+1"],"picked":"JustLucky","floor":14},{"not_picked":["DeusExMachina+1","Vault+1"],"picked":"Omniscience+1","floor":16},{"not_picked":["ForeignInfluence+1","SashWhip"],"picked":"Prostrate+1","floor":18},{"not_picked":["CutThroughFate","BattleHymn+1"],"picked":"PathToVictory+1","floor":19},{"not_picked":["Study","SashWhip"],"picked":"Evaluate+1","floor":21},{"not_picked":["Conclude+1","Replay:BluntJabs","BowlingBash"],"picked":"SKIP","floor":22}],"player_experience":409630,"relics_obtained":[{"floor":7,"key":"Thread and Needle"},{"floor":9,"key":"Incense Burner"},{"floor":10,"key":"Simple Rune"}],"event_choices":[{"damage_healed":0,"gold_gain":0,"player_choice":"Disagree","damage_taken":0,"max_hp_gain":0,"max_hp_loss":0,"event_name":"conspire:LoneGhost","floor":4,"gold_loss":0},{"damage_healed":0,"gold_gain":0,"player_choice":"Got Potions","damage_taken":0,"max_hp_gain":0,"max_hp_loss":0,"event_name":"Lab","floor":20,"gold_loss":0}],"is_beta":false,"boss_relics":[{"not_picked":["Busted Crown","hubris:BlackHole"],"picked":"HolyWater"}],"items_purged_floors":[],"is_endless":false,"potions_floor_spawned":[1,3,7,19,21],"killed_by":"Gremlin Leader","ascension_level":7}}