{"host":"3y2rtlgteqp2nuo3","time":1613302331,"event":{"mods":["2.2 Compatiblity","AchievementEnabler","BaseMod","Colored Map","DeckTracker","Highlight Path","Keyboard Shortcuts","Minty Spire (QoL Compilation)","Permanent Neow","Quick Restart","StSLib","SuperFastMode","everything is the same but u backflip on backflip"],"gold_per_floor":[113,13,32,48,67,67,67,86,86,86,99,99,109,127,127,127,127],"floor_reached":16,"language":"KOR","playtime":274,"items_purged":["Strike_R"],"score":158,"play_id":"184988cd-713a-41d4-8e14-9b0686005b0b","local_time":"20210214203211","is_ascension_mode":true,"campfire_choices":[{"data":"Clothesline","floor":6.0,"key":"SMITH"},{"data":"Shockwave","floor":10.0,"key":"SMITH"},{"data":"Armaments","floor":12.0,"key":"SMITH"},{"floor":15,"key":"REST"}],"circlet_count":0,"master_deck":["AscendersBane","Strike_R","Strike_R","Strike_R","Strike_R","Defend_R","Defend_R","Defend_R","Defend_R","Bash","Sword Boomerang","Pommel Strike","Armaments+1","Shockwave+1","Clothesline+1","Dark Embrace","Evolve","Bloodletting","Heavy Blade"],"relics":["Burning Blood","Darkstone Periapt"],"acts_visited":["Exordium"],"potions_floor_usage":[],"damage_taken":[{"damage":1.0,"enemies":"Cultist","floor":1.0,"turns":3.0},{"damage":9.0,"enemies":"2 Louse","floor":3.0,"turns":2.0},{"damage":7.0,"enemies":"Jaw Worm","floor":4.0,"turns":3.0},{"damage":35.0,"enemies":"Exordium Thugs","floor":5.0,"turns":4.0},{"damage":18.0,"enemies":"Lots of Slimes","floor":8.0,"turns":5.0},{"damage":17.0,"enemies":"Exordium Wildlife","floor":11.0,"turns":5.0},{"damage":7.0,"enemies":"Blue Slaver","floor":13.0,"turns":4.0},{"damage":19,"enemies":"3 Louse","floor":14,"turns":5},{"damage":31,"enemies":"The Guardian","floor":16,"turns":6}],"seed_played":"1749303826430731286","potions_obtained":[{"floor":3.0,"key":"CultistPotion"},{"floor":5.0,"key":"PowerPotion"},{"floor":13,"key":"DuplicationPotion"}],"is_trial":false,"path_per_floor":["M","$","M","M","M","R","$","M","T","R","M","R","M","M","R","B"],"character_chosen":"IRONCLAD","items_purchased":["Armaments"],"campfire_rested":1,"item_purchase_floors":[2],"current_hp_per_floor":[77,77,74,73,44,44,44,32,32,32,21,21,20,7,31,0,0],"gold":127,"neow_bonus":"THREE_CARDS","is_daily":false,"chose_seed":false,"campfire_upgraded":3,"win_rate":0.0,"timestamp":1613302331,"path_taken":["M","$","M","M","M","R","$","M","T","R","M","R","M","M","R","BOSS"],"items_purchased_type":["Card"],"build_version":"2020-12-22","purchased_purges":1,"victory":false,"max_hp_per_floor":[80,80,80,80,80,80,80,80,80,80,80,80,80,80,80,80,80],"card_choices":[{"not_picked":["Sentinel","Twin Strike"],"picked":"Sword Boomerang","floor":0.0},{"not_picked":["Wild Strike","Headbutt"],"picked":"Pommel Strike","floor":1.0},{"not_picked":["Uppercut","Cleave"],"picked":"Shockwave","floor":3.0},{"not_picked":["Reckless Charge","Headbutt"],"picked":"Clothesline","floor":4.0},{"not_picked":["Headbutt","Clash"],"picked":"Dark Embrace","floor":5.0},{"not_picked":["Perfected Strike","Warcry"],"picked":"Evolve","floor":8.0},{"not_picked":["Rampage","True Grit"],"picked":"Bloodletting","floor":11.0},{"not_picked":["Sword Boomerang","Havoc"],"picked":"Heavy Blade","floor":13},{"not_picked":["Searing Blow","Metallicize","Headbutt"],"picked":"SKIP","floor":14}],"player_experience":787265,"relics_obtained":[{"floor":9.0,"key":"Darkstone Periapt"}],"event_choices":[],"is_beta":false,"boss_relics":[],"items_purged_floors":[2],"is_endless":false,"potions_floor_spawned":[3,5,13,14],"killed_by":"The Guardian","ascension_level":13}}