{"host":"0rn20prxkpuv2e47","time":1613297017,"event":{"mods":["100% Spire Juice","ATMod(阿瑾Mod)","Act Like it!","Arknights","Aspiration","BaseMod","Challenge The Spire","Downfall","Friendly Minions","Gensokyo","Hermit","Koishi","KomeijiMod","Marisa（F雨　魔理沙）","Minty Spire (QoL Compilation)","Prisma Mod","Quick Restart","Reimu（博丽灵梦）","Relic Filter Mod","Remilia（蕾米莉亚）","Robot Space Explorer","StSLib","The Alterego","The Animator","The Construct","The Cursed","The Jungle","The Mystic","The Runesmith","The Senshi","The Servant 0.9.4","Wide Potions","Youmu（魂魄妖梦）","Yuyuko","[GremlinLeader]The Maniac","[功能]功能增强和修复MOD","noobMod","【功能Mod】聪明的最终Boss","【遗物卡牌】REMEMod"],"gold_per_floor":[109,109,69,69,89,118,118,93,140,140,140,140,140,135,135,332,332,345,345,345,345,2,2,2,2,29,29,29,161,156,156,156,355,355,374,374,339,339,309,435,435,435,458,458,458,458,448,448,448,548],"floor_reached":51,"language":"ZHS","playtime":2076,"items_purged":["TheCursedMod:Strike_TheCursed","TheCursedMod:Strike_TheCursed","TheCursedMod:Defend_TheCursed","TheCursedMod:Defend_TheCursed","TheCursedMod:Defend_TheCursed","TheCursedMod:Defend_TheCursed","TheCursedMod:Strike_TheCursed","TheCursedMod:Strike_TheCursed","maniac:Remorse","TheCursedMod:Dregs","animator:QuestionMark","AT_WindRun","TheCursedMod:SpreadPlague","TheCursedMod:CursedAmulet","TheCursedMod:SaltUponWound","TheCursedMod:LuckyCharm","TheCursedMod:CircleOfBlood","TheCursedMod:ManaBullet","TheCursedMod:Hemoplague","TheCursedMod:Stigma","TheCursedMod:StingEye","TheCursedMod:UltimatePain","REME_MawOfCthun","TheCursedMod:VitalStrike+1","TheCursedMod:SmokeScreen","TheCursedMod:DoubleShield","TheCursedMod:LuckyCharm","TheCursedMod:CursedShiv","TheCursedMod:SpitefulPlan+1","TheCursedMod:CircleOfFocus+1"],"score":998,"play_id":"41c614e3-a9b1-44fc-84db-75f94f58076f","local_time":"20210214180337","is_ascension_mode":false,"campfire_choices":[{"data":"TheCursedMod:CircleOfAbyss","floor":7,"key":"SMITH"},{"data":"REME_ShortnessOfBreath","floor":10,"key":"SMITH"},{"data":"TheCursedMod:SpitefulPlan","floor":13,"key":"SMITH"},{"data":"REME_TwoStrings","floor":23,"key":"SMITH"},{"data":"Enlightenment","floor":24,"key":"SMITH"},{"data":"TheCursedMod:EmpowerCircles","floor":25,"key":"SMITH"},{"data":"TheCursedMod:NeowsMight","floor":27,"key":"SMITH"},{"data":"TheCursedMod:SpitefulPlan","floor":28,"key":"SMITH"},{"data":"TheCursedMod:CleanUpWorkshop","floor":32,"key":"SMITH"},{"data":"TheCursedMod:CircleOfCorruption","floor":41,"key":"SMITH"},{"data":"TheCursedMod:CursedAmulet","floor":46,"key":"SMITH"},{"floor":49,"key":"REST"}],"circlet_count":0,"master_deck":["TheCursedMod:CleanUpWorkshop+1","TheCursedMod:CircleOfAbyss+1","TheCursedMod:HellsGateOpen+1","TheCursedMod:SpitefulStrike+1","TheCursedMod:CursedAmulet+1","TheCursedMod:RapidMovement+1","TheCursedMod:CursedBoomerang+1","REME_ShortnessOfBreath+1","TheCursedMod:EmpowerCircles+1","TheCursedMod:Wield+1","TheCursedMod:CursedBlade+1","TheCursedMod:SpitefulPlan+1","Enlightenment+1","TheCursedMod:SurpriseAttack+1","TheCursedMod:NeowsMight+1","REME_TwoStrings+1","TheCursedMod:SpitefulPray+1","TheCursedMod:SpitefulPray+1","TheCursedMod:Mangle+1","TheCursedMod:Wield+1","TheCursedMod:AshesToAshes+1","RobotSpaceExplorer:FranticSearch+1","TheCursedMod:OutForBlood+1","REME_MagicPocketWatch+1","TheCursedMod:CursedShiv+1","TheCursedMod:CircleOfCorruption+1","TheCursedMod:CircleOfWindfury+1","TheCursedMod:SurpriseAttack+1"],"relics":["TheCursedMod:BlackMagic101","ice","AT_ATBox","REME_ComplimentaryCards","Happy Flower","AT_EbonyIvory","Frozen Eye","CaptainsWheel","WingedGreaves","AT_LudenTempest","Bag of Preparation","Strange Spoon","Juzu Bracelet","AT_TheCollector","Calipers","HandDrill","Orichalcum","aspiration:AnachronicSnailShell","Pantograph","TheAbacus","bronze:MakeshiftBattery","Du-Vu Doll","AT_TimeSand","Orrery","Mastiff:ReiMu","Medical Kit","Chemical X","Sling","Whetstone","Centennial Puzzle","DollysMirror","Molten Egg 2","AT_SunfireAegis","Oddly Smooth Stone","aspiration:SecretTechniqueScroll","Lee\u0027s Waffle","Question Card","Boot","REME_CardOfGreed","Runesmith:AutoHammer","AT_SilvercatRing","TheCursedMod:DemonicMark","Pen Nib","Gensokyo:EmptyGrave","TentaclePot:ReiMu","Prayer Wheel","AntiCross"],"acts_visited":["Gensokyo:Gensokyo","Gensokyo:Gensokyoer","Gensokyo:Gensokyoest"],"potions_floor_usage":[],"damage_taken":[{"damage":1,"enemies":"Gensokyo:2_Kodama","floor":1,"turns":3},{"damage":4,"enemies":"Gensokyo:3_Fairies","floor":5,"turns":4},{"damage":8,"enemies":"Gensokyo:Aya","floor":6,"turns":5},{"damage":0,"enemies":"Gensokyo:Yukari","floor":16,"turns":4},{"damage":0,"enemies":"Gensokyo:2_Gloops","floor":18,"turns":2},{"damage":0,"enemies":"Gensokyo:Reisen","floor":29,"turns":2},{"damage":0,"enemies":"Gensokyo:Eiki","floor":33,"turns":2},{"damage":0,"enemies":"Gensokyo:AncientGuardian","floor":35,"turns":1},{"damage":0,"enemies":"Gensokyo:Kasen","floor":40,"turns":1},{"damage":0,"enemies":"Gensokyo:Scarlet_Devils","floor":50,"turns":1}],"seed_played":"118833608128026556","potions_obtained":[{"floor":5,"key":"BlessingOfTheForge"},{"floor":35,"key":"REME_GoldPotion"}],"is_trial":false,"path_per_floor":["M","?","$","?","M","E","R","$","T","R","$","T","R","$","R","B",null,"M","$","?","$","COS","R","R","R","T","R","R","E","$","?","R","B",null,"M","?","$","?","$","E","R","?","T","?","?","R","$","?","R","B",null],"character_chosen":"THE_CURSED","items_purchased":["AT_EbonyIvory","Frozen Eye","CaptainsWheel","TheCursedMod:HellsGateOpen","TheCursedMod:SpitefulStrike","TheCursedMod:StingEye","TheCursedMod:SaltUponWound","AT_LudenTempest","Bag of Preparation","Strange Spoon","TheCursedMod:RapidMovement","TheCursedMod:CursedBoomerang","TheCursedMod:SpreadPlague","TheCursedMod:Hemoplague","REME_ShortnessOfBreath","AT_TheCollector","Calipers","HandDrill","TheCursedMod:EmpowerCircles","TheCursedMod:Wield","TheCursedMod:CircleOfBlood","aspiration:AnachronicSnailShell","Pantograph","TheAbacus","TheCursedMod:CursedBlade","TheCursedMod:CursedAmulet","Du-Vu Doll","AT_TimeSand","TheCursedMod:SpitefulPlan","Enlightenment","Orrery","Mastiff:ReiMu","Medical Kit","REME_TwoStrings","TheCursedMod:ManaBullet","DollysMirror","Molten Egg 2","AT_SunfireAegis","TheCursedMod:Mangle+1","TheCursedMod:Wield+1","TheCursedMod:LuckyCharm","TheCursedMod:AshesToAshes","Lee\u0027s Waffle","Question Card","Boot","REME_CardOfGreed","Runesmith:AutoHammer","AT_SilvercatRing","REME_MagicPocketWatch","REME_MawOfCthun","TheCursedMod:LuckyCharm","TheCursedMod:DoubleShield","TheCursedMod:SmokeScreen","TheCursedMod:CursedShiv+1","TheCursedMod:VitalStrike+1","TentaclePot:ReiMu","Prayer Wheel","AntiCross","TheCursedMod:CircleOfWindfury","TheCursedMod:SurpriseAttack+1"],"campfire_rested":1,"item_purchase_floors":[3,3,3,3,3,3,3,8,8,8,8,8,8,8,8,11,11,11,11,11,11,14,14,14,14,14,19,19,19,19,19,21,21,21,21,30,30,30,30,30,30,30,37,37,37,39,39,39,39,39,39,39,39,39,39,47,47,47,47,47],"current_hp_per_floor":[74,74,74,74,70,62,62,62,62,62,62,62,62,62,62,75,75,75,75,75,75,75,75,75,75,75,75,75,75,75,75,75,75,75,75,64,82,82,82,82,82,82,82,76,76,76,76,76,76,76],"gold":548,"neow_bonus":"THREE_RARE_CARDS","is_daily":false,"chose_seed":false,"campfire_upgraded":11,"win_rate":0.0,"timestamp":1613297017,"path_taken":["M","?","$","?","M","E","R","?","T","R","$","?","R","$","R","BOSS","M","$","?","$","COS","R","R","R","T","R","R","E","$","?","R","BOSS","M","?","$","?","$","E","R","?","T","?","?","R","$","?","R","BOSS"],"items_purchased_type":["Relic","Relic","Relic","Card","Card","Card","Card","Relic","Relic","Relic","Card","Card","Card","Card","Card","Relic","Relic","Relic","Card","Card","Card","Relic","Relic","Relic","Card","Card","Relic","Relic","Card","Card","Relic","Relic","Relic","Card","Card","Relic","Relic","Relic","Card","Card","Card","Card","Relic","Relic","Relic","Relic","Relic","Relic","Card","Card","Card","Card","Card","Card","Card","Relic","Relic","Relic","Card","Card"],"build_version":"2020-12-22","purchased_purges":30,"victory":true,"max_hp_per_floor":[75,75,75,75,75,75,75,75,75,75,75,75,75,75,75,75,75,75,75,75,75,75,75,75,75,75,75,75,75,75,75,75,75,75,75,75,82,82,82,82,82,82,82,76,76,76,76,76,76,76],"card_choices":[{"not_picked":["TheCursedMod:ForbiddenAlchemy","TheCursedMod:AntiAging"],"picked":"TheCursedMod:CircleOfAbyss","floor":0},{"not_picked":["TheCursedMod:CursedMace","TheCursedMod:CursedBlade"],"picked":"TheCursedMod:SpitefulPlan","floor":1},{"not_picked":["TheCursedMod:CursedMace","TheCursedMod:Obscuration"],"picked":"TheCursedMod:Stigma","floor":5},{"not_picked":["TheCursedMod:CircleOfCorruption","TheCursedMod:SpreadPlague"],"picked":"TheCursedMod:CursedAmulet","floor":6},{"not_picked":["TheCursedMod:DarkBarrier","TheCursedMod:ForbiddenAlchemy"],"picked":"TheCursedMod:UltimatePain","floor":16},{"not_picked":["TheCursedMod:Obscuration+1","TheCursedMod:Wield"],"picked":"TheCursedMod:TacticalStrike","floor":18},{"not_picked":["TheCursedMod:Torture","TheCursedMod:CursedAmulet"],"picked":"TheCursedMod:SurpriseAttack","floor":19},{"not_picked":["TheCursedMod:Obscuration","TheCursedMod:SurpriseAttack"],"picked":"TheCursedMod:NeowsMight","floor":19},{"not_picked":["TheCursedMod:VitalStrike+1","TheCursedMod:SmokeScreen"],"picked":"TheCursedMod:CursedShiv","floor":19},{"not_picked":["TheCursedMod:Grudge","TheCursedMod:ForbiddenAlchemy"],"picked":"TheCursedMod:SpitefulPray+1","floor":29},{"not_picked":["TheCursedMod:Neurasthenia","TheCursedMod:ShockAndAwe+1"],"picked":"TheCursedMod:OutForBlood","floor":33},{"not_picked":["TheCursedMod:CircleOfFlame","TheCursedMod:RapidMovement"],"picked":"TheCursedMod:CircleOfFocus+1","floor":35},{"not_picked":["TheCursedMod:CircleOfFocus+1","TheCursedMod:LuckyCharm","TheCursedMod:Torture"],"picked":"TheCursedMod:CircleOfCorruption","floor":40}],"player_experience":184377,"relics_obtained":[{"floor":6,"key":"WingedGreaves"},{"floor":9,"key":"Juzu Bracelet"},{"floor":12,"key":"Orichalcum"},{"floor":26,"key":"Whetstone"},{"floor":29,"key":"Centennial Puzzle"},{"floor":40,"key":"TheCursedMod:DemonicMark"},{"floor":43,"key":"Pen Nib"}],"event_choices":[],"is_beta":false,"boss_relics":[{"not_picked":["TheCursedMod:FourLeafCloverCharm","Cursed Key"],"picked":"bronze:MakeshiftBattery"},{"not_picked":["aspiration:WatcherSkillbook","aspiration:RunesmithSkillbook"],"picked":"aspiration:SecretTechniqueScroll"}],"items_purged_floors":[3,3,3,3,3,3,3,3,8,8,8,8,8,14,30,37,37,37,37,37,37,37,39,39,39,39,39,39,47,47],"is_endless":false,"potions_floor_spawned":[5,6,6,16,29,29,29,33,35,40,40],"ascension_level":0}}