{"host":"4epvxsx6d4oxmc67","time":1613330254,"event":{"mods":["AchievementEnabler","BaseMod","Colored Map","Highlight Path","Minty Spire (QoL Compilation)"],"gold_per_floor":[209,226,226,226,246,246,246,278,278,298,198,228,228,246,246,348,348,368,380,174,187,200,200,200],"floor_reached":23,"language":"ENG","playtime":1011,"items_purged":["Strike_R","Hemokinesis+1"],"score":264,"play_id":"bcef7b89-512a-483f-912b-dd8c5ff470d8","local_time":"20210214191734","is_ascension_mode":true,"campfire_choices":[{"data":"Sword Boomerang","floor":6.0,"key":"SMITH"},{"data":"Armaments","floor":13.0,"key":"SMITH"},{"data":"Bash","floor":15.0,"key":"SMITH"}],"circlet_count":0,"master_deck":["Strike_R+1","Strike_R+1","Defend_R","Defend_R","Defend_R","Bash+1","Cleave","Sword Boomerang+1","Power Through","Shrug It Off","Flex","Armaments+1","Corruption","Hemokinesis+1","Berserk+1","Clothesline+1","Pummel","Rupture","Thunderclap+1"],"relics":["Burning Blood","Darkstone Periapt","Anchor","Potion Belt","Astrolabe"],"acts_visited":["Exordium","TheCity"],"potions_floor_usage":[19,19,21],"damage_taken":[{"damage":0.0,"enemies":"Small Slimes","floor":1.0,"turns":3.0},{"damage":8.0,"enemies":"2 Louse","floor":2.0,"turns":2.0},{"damage":9.0,"enemies":"Jaw Worm","floor":5.0,"turns":3.0},{"damage":32.0,"enemies":"Gremlin Nob","floor":8.0,"turns":4.0},{"damage":1.0,"enemies":"Looter","floor":10.0,"turns":2.0},{"damage":15.0,"enemies":"3 Sentries","floor":12.0,"turns":8.0},{"damage":0.0,"enemies":"Red Slaver","floor":14.0,"turns":4.0},{"damage":12.0,"enemies":"Slime Boss","floor":16.0,"turns":5.0},{"damage":15.0,"enemies":"Spheric Guardian","floor":18.0,"turns":4.0},{"damage":6,"enemies":"Chosen","floor":19,"turns":6},{"damage":21,"enemies":"Centurion and Healer","floor":21,"turns":7},{"damage":15,"enemies":"Snecko","floor":22,"turns":5},{"damage":77,"enemies":"Gremlin Leader","floor":23,"turns":8}],"seed_played":"-5669479633439285412","potions_obtained":[{"floor":2.0,"key":"BlessingOfTheForge"},{"floor":10.0,"key":"FairyPotion"},{"floor":12.0,"key":"AttackPotion"},{"floor":14.0,"key":"Block Potion"},{"floor":16.0,"key":"SpeedPotion"},{"floor":19,"key":"LiquidMemories"}],"is_trial":false,"path_per_floor":["M","M","?","?","M","R","?","E","T","M","$","E","R","M","R","B",null,"M","M","$","M","M","E"],"character_chosen":"IRONCLAD","items_purchased":["Flex","Pummel","Rupture"],"campfire_rested":0,"item_purchase_floors":[11,20,20],"current_hp_per_floor":[78,76,60,60,57,57,62,36,36,41,41,32,32,38,38,32,72,63,63,63,48,39,0,0],"gold":200,"neow_bonus":"HUNDRED_GOLD","is_daily":false,"chose_seed":false,"campfire_upgraded":3,"win_rate":0.0,"timestamp":1613330254,"path_taken":["M","M","?","?","M","R","?","E","T","M","$","E","R","M","R","BOSS","M","M","$","M","M","E"],"items_purchased_type":["Card","Card","Card"],"build_version":"2020-12-22","purchased_purges":2,"victory":false,"max_hp_per_floor":[80,80,80,80,80,80,85,85,85,85,85,85,85,85,85,85,85,85,85,85,85,85,85,85],"card_choices":[{"not_picked":["Iron Wave","Clothesline"],"picked":"Cleave","floor":1.0},{"not_picked":["Anger","Second Wind"],"picked":"Sword Boomerang","floor":2.0},{"not_picked":["Burning Pact","Sever Soul","Dark Embrace"],"picked":"SKIP","floor":5.0},{"not_picked":["Wild Strike","Sword Boomerang"],"picked":"Power Through","floor":8.0},{"not_picked":["True Grit","Havoc"],"picked":"Shrug It Off","floor":10.0},{"not_picked":["Whirlwind","Clash"],"picked":"Armaments","floor":12.0},{"not_picked":["Shrug It Off","Clash","Twin Strike"],"picked":"SKIP","floor":14.0},{"not_picked":["Reaper","Feed"],"picked":"Corruption","floor":16.0},{"not_picked":["Shrug It Off","Armaments+1","Sword Boomerang"],"picked":"SKIP","floor":18.0},{"not_picked":["Warcry","Shrug It Off"],"picked":"Clothesline+1","floor":19},{"not_picked":["Cleave","Havoc"],"picked":"Thunderclap+1","floor":21},{"not_picked":["Pommel Strike","Clothesline","Flex"],"picked":"SKIP","floor":22}],"player_experience":124196,"relics_obtained":[{"floor":8.0,"key":"Darkstone Periapt"},{"floor":9.0,"key":"Anchor"},{"floor":12.0,"key":"Potion Belt"}],"event_choices":[{"damage_healed":0.0,"max_hp_gain":0.0,"max_hp_loss":0.0,"gold_gain":0.0,"event_name":"Shining Light","player_choice":"Entered Light","floor":3.0,"gold_loss":0.0,"damage_taken":16.0,"cards_upgraded":["Strike_R","Strike_R"]},{"damage_healed":0.0,"max_hp_gain":0.0,"max_hp_loss":0.0,"gold_gain":0.0,"event_name":"Liars Game","player_choice":"Ignored","floor":4.0,"gold_loss":0.0,"damage_taken":0.0},{"damage_healed":0.0,"max_hp_gain":5.0,"max_hp_loss":0.0,"gold_gain":0.0,"event_name":"Big Fish","player_choice":"Donut","floor":7.0,"gold_loss":0.0,"damage_taken":0.0}],"is_beta":false,"boss_relics":[{"not_picked":["Velvet Choker","Empty Cage"],"picked":"Astrolabe"}],"items_purged_floors":[11,20],"is_endless":false,"potions_floor_spawned":[2,10,12,14,16,19],"killed_by":"Gremlin Leader","ascension_level":6}}