{"host":"4gkev1dtxxhiue3x","time":1613296382,"event":{"mods":["AchievementEnabler","BaseMod","Colored Powertips","Minty Spire (QoL Compilation)","Relic Stats","StSLib"],"gold_per_floor":[117,117,127,145,220,250,250,268,291,325,339,224,224,224,224,323,323,278,98,98,98,98,98,98,98,98,98,98,98,98,98,98,98,98,98,98,98,98,78,78,78,26,26,26,26,26,26,26,26,26,26],"floor_reached":50,"language":"ENG","playtime":4598,"items_purged":["Strike_R","Strike_R"],"score":698,"play_id":"ebcedd63-f2f5-4933-b109-99454a1ec615","local_time":"20210214105302","is_ascension_mode":true,"campfire_choices":[{"floor":7.0,"key":"REST"},{"floor":13.0,"key":"REST"},{"data":"Heavy Blade","floor":15.0,"key":"SMITH"},{"floor":23.0,"key":"REST"},{"data":"Double Tap","floor":32.0,"key":"SMITH"},{"data":"Heavy Blade","floor":41,"key":"SMITH"},{"floor":46,"key":"REST"},{"floor":49,"key":"REST"}],"circlet_count":0,"master_deck":["Defend_R+1","Defend_R+1","Defend_R+1","Defend_R+1","Bash","Impervious","Heavy Blade+1","Rupture+1","Spot Weakness","Shrug It Off","Combust+1","Uppercut","Double Tap+1","Inflame+1","Headbutt","Berserk+1","Warcry","Flex","Bludgeon","Offering","Heavy Blade+1","Dual Wield+1","Heavy Blade+1","Heavy Blade","Hemokinesis+1"],"relics":["Burning Blood","Frozen Egg 2","Toy Ornithopter","Blood Vial","Ectoplasm","Nloth\u0027s Gift","Red Skull","Ornamental Fan","Happy Flower","Empty Cage","Nunchaku","Strawberry","Bottled Flame","Magic Flower","Dream Catcher"],"acts_visited":["TheCity","TheBeyond"],"potions_floor_usage":[35,38,40,44,45,48,48,50,50],"damage_taken":[{"damage":6.0,"enemies":"Cultist","floor":1.0,"turns":4.0},{"damage":16.0,"enemies":"Jaw Worm","floor":3.0,"turns":4.0},{"damage":5.0,"enemies":"2 Louse","floor":4.0,"turns":4.0},{"damage":24.0,"enemies":"Gremlin Nob","floor":6.0,"turns":4.0},{"damage":1.0,"enemies":"Lots of Slimes","floor":8.0,"turns":2.0},{"damage":49.0,"enemies":"3 Sentries","floor":10.0,"turns":9.0},{"damage":6.0,"enemies":"3 Louse","floor":11.0,"turns":4.0},{"damage":32.0,"enemies":"The Guardian","floor":16.0,"turns":8.0},{"damage":23.0,"enemies":"2 Thieves","floor":18.0,"turns":3.0},{"damage":3.0,"enemies":"3 Byrds","floor":21.0,"turns":4.0},{"damage":18.0,"enemies":"Snake Plant","floor":22.0,"turns":4.0},{"damage":17.0,"enemies":"Shelled Parasite and Fungi","floor":24.0,"turns":5.0},{"damage":50.0,"enemies":"Gremlin Leader","floor":25.0,"turns":4.0},{"damage":0.0,"enemies":"Snecko","floor":29.0,"turns":2.0},{"damage":6.0,"enemies":"3 Cultists","floor":31.0,"turns":5.0},{"damage":49.0,"enemies":"Automaton","floor":33.0,"turns":7.0},{"damage":16,"enemies":"Orb Walker","floor":35,"turns":2},{"damage":12,"enemies":"3 Shapes","floor":36,"turns":5},{"damage":10,"enemies":"Transient","floor":38,"turns":5},{"damage":10,"enemies":"Giant Head","floor":40,"turns":6},{"damage":32,"enemies":"Jaw Worm Horde","floor":44,"turns":4},{"damage":52,"enemies":"Nemesis","floor":45,"turns":5},{"damage":19,"enemies":"4 Shapes","floor":47,"turns":4},{"damage":50,"enemies":"Reptomancer","floor":48,"turns":6},{"damage":89,"enemies":"Donu and Deca","floor":50,"turns":6}],"seed_played":"4586447462509150490","potions_obtained":[{"floor":1.0,"key":"SkillPotion"},{"floor":4.0,"key":"Explosive Potion"},{"floor":11.0,"key":"Energy Potion"},{"floor":16.0,"key":"FearPotion"},{"floor":25.0,"key":"GamblersBrew"},{"floor":31.0,"key":"Dexterity Potion"},{"floor":33.0,"key":"Fire Potion"},{"floor":35,"key":"SpeedPotion"},{"floor":36,"key":"AttackPotion"},{"floor":39,"key":"Fruit Juice"},{"floor":45,"key":"ColorlessPotion"},{"floor":47,"key":"BlessingOfTheForge"},{"floor":48,"key":"EssenceOfSteel"}],"is_trial":false,"path_per_floor":["M","T","M","M","?","E","R","M","T","E","M","$","R","?","R","B",null,"M","$","?","M","M","R","M","E","T","?","?","M","T","M","R","B",null,"M","M","?","M","?","E","R","$","T","M","E","R","M","E","R","B"],"character_chosen":"IRONCLAD","items_purchased":["Combust+1","Inflame+1","BloodPotion"],"campfire_rested":5,"item_purchase_floors":[12,19,42],"current_hp_per_floor":[80,80,70,71,60,42,66,76,76,35,37,37,61,61,61,37,80,63,63,63,68,58,80,69,32,32,32,58,66,66,68,68,32,80,75,71,71,74,74,89,89,89,89,66,45,72,65,43,70,0,0],"gold":26,"neow_bonus":"ONE_RANDOM_RARE_CARD","is_daily":false,"chose_seed":false,"campfire_upgraded":3,"win_rate":0.0,"timestamp":1613296382,"path_taken":["M","?","M","?","?","E","R","M","T","E","M","$","R","?","R","BOSS","M","$","?","M","?","R","M","E","T","?","?","M","?","?","R","BOSS","M","M","?","?","?","E","R","$","T","?","E","R","M","E","R","BOSS"],"items_purchased_type":["Card","Card","Potion"],"build_version":"2020-12-22","purchased_purges":2,"victory":false,"max_hp_per_floor":[80,80,80,80,80,80,80,80,80,80,80,80,80,80,80,80,80,80,80,80,80,80,80,80,80,80,80,80,80,80,80,80,80,80,80,80,80,80,80,92,92,92,92,92,92,92,92,92,92,92,92],"relic_stats":{"Blood Vial":37,"Nunchaku":[5],"Dream Catcher":1,"Happy Flower":[18],"counters":[25,116],"Ornamental Fan":[36],"Magic Flower":[21],"Ectoplasm":458,"Nloth\u0027s Gift":4,"obtain_stats":[{"Happy Flower":30,"Magic Flower":45,"Omamori":10,"Frozen Egg 2":2,"Empty Cage":34,"Burning Blood":0,"Blood Vial":9,"Nunchaku":37,"Bottled Flame":43,"Dream Catcher":48,"Ornamental Fan":26,"Strawberry":40,"Ectoplasm":17,"Nloth\u0027s Gift":20,"Toy Ornithopter":6,"Red Skull":25},{"Happy Flower":14,"Magic Flower":22,"Omamori":6,"Frozen Egg 2":1,"Empty Cage":16,"Burning Blood":0,"Blood Vial":5,"Nunchaku":18,"Bottled Flame":20,"Dream Catcher":24,"Ornamental Fan":13,"Strawberry":20,"Ectoplasm":8,"Nloth\u0027s Gift":9,"Toy Ornithopter":4,"Red Skull":13},{"Happy Flower":61,"Magic Flower":100,"Omamori":27,"Frozen Egg 2":4,"Empty Cage":73,"Burning Blood":0,"Blood Vial":18,"Nunchaku":80,"Bottled Flame":91,"Dream Catcher":110,"Ornamental Fan":59,"Strawberry":91,"Ectoplasm":39,"Nloth\u0027s Gift":42,"Toy Ornithopter":16,"Red Skull":59}],"Burning Blood":150,"Toy Ornithopter":68},"card_choices":[{"not_picked":["Sentinel","Hemokinesis"],"picked":"Heavy Blade","floor":1.0},{"not_picked":["Clothesline","Searing Blow"],"picked":"Rupture+1","floor":3.0},{"not_picked":["Wild Strike","Infernal Blade"],"picked":"Spot Weakness","floor":4.0},{"not_picked":["Burning Pact","Havoc","Feel No Pain+1"],"picked":"SKIP","floor":6.0},{"not_picked":["Clash","Body Slam"],"picked":"Shrug It Off","floor":8.0},{"not_picked":["Clothesline","Sever Soul","Battle Trance"],"picked":"SKIP","floor":10.0},{"not_picked":["Wild Strike","Body Slam","Pummel"],"picked":"SKIP","floor":11.0},{"not_picked":["Fiend Fire","Brutality+1"],"picked":"Double Tap","floor":16.0},{"not_picked":["Havoc","Dropkick"],"picked":"Rampage","floor":18.0},{"not_picked":["Carnage","Thunderclap"],"picked":"Headbutt","floor":21.0},{"not_picked":["Uppercut","Anger","Body Slam"],"picked":"SKIP","floor":22.0},{"not_picked":["Iron Wave+1","Sever Soul","Havoc"],"picked":"SKIP","floor":24.0},{"not_picked":["Juggernaut+1","Uppercut"],"picked":"Berserk+1","floor":25.0},{"not_picked":["Reckless Charge","Rage+1"],"picked":"Warcry","floor":29.0},{"not_picked":["Thunderclap","Clothesline"],"picked":"Flex","floor":31.0},{"not_picked":["Juggernaut+1","Feed"],"picked":"Bludgeon","floor":33.0},{"not_picked":["Whirlwind+1","Fire Breathing+1"],"picked":"Offering","floor":35},{"not_picked":["Metallicize+1","Offering"],"picked":"Heavy Blade+1","floor":36},{"not_picked":["Thunderclap","Ghostly Armor"],"picked":"Dual Wield+1","floor":38},{"not_picked":["Offering","Headbutt"],"picked":"Heavy Blade","floor":40},{"not_picked":["Reckless Charge+1","Blood for Blood","Body Slam"],"picked":"SKIP","floor":44},{"not_picked":["Warcry","Armaments","Searing Blow"],"picked":"SKIP","floor":45},{"not_picked":["Headbutt+1","Armaments+1"],"picked":"Heavy Blade","floor":47},{"not_picked":["Dropkick","Sentinel+1","Burning Pact"],"picked":"SKIP","floor":48},{"not_picked":["Perfected Strike+1","Anger"],"picked":"Hemokinesis+1","floor":49}],"player_experience":143735,"relics_obtained":[{"floor":2.0,"key":"Frozen Egg 2"},{"floor":6.0,"key":"Toy Ornithopter"},{"floor":9.0,"key":"Blood Vial"},{"floor":10.0,"key":"Omamori"},{"floor":25.0,"key":"Red Skull"},{"floor":26.0,"key":"Ornamental Fan"},{"floor":30.0,"key":"Happy Flower"},{"floor":40,"key":"Strawberry"},{"floor":43,"key":"Bottled Flame"},{"floor":45,"key":"Magic Flower"},{"floor":48,"key":"Dream Catcher"}],"event_choices":[{"damage_healed":0.0,"max_hp_gain":0.0,"max_hp_loss":0.0,"gold_gain":75.0,"event_name":"World of Goop","player_choice":"Gather Gold","floor":5.0,"gold_loss":0.0,"damage_taken":11.0},{"damage_healed":0.0,"max_hp_gain":0.0,"max_hp_loss":0.0,"gold_gain":0.0,"cards_transformed":["Strike_R"],"event_name":"Living Wall","player_choice":"Change","floor":14.0,"gold_loss":0.0,"damage_taken":0.0,"cards_obtained":["Uppercut"]},{"damage_healed":0.0,"max_hp_gain":0.0,"max_hp_loss":0.0,"gold_gain":0.0,"event_name":"N\u0027loth","player_choice":"Traded Relic","floor":20.0,"relics_lost":["Omamori"],"gold_loss":0.0,"damage_taken":0.0,"relics_obtained":["Nloth\u0027s Gift"]},{"damage_healed":0.0,"max_hp_gain":0.0,"max_hp_loss":0.0,"gold_gain":0.0,"event_name":"Back to Basics","player_choice":"Simplicity","floor":27.0,"gold_loss":0.0,"damage_taken":0.0,"cards_upgraded":["Strike_R","Strike_R","Defend_R","Defend_R","Defend_R","Defend_R"]},{"damage_healed":26.0,"max_hp_gain":0.0,"max_hp_loss":0.0,"gold_gain":0.0,"event_name":"The Library","player_choice":"Heal","floor":28.0,"gold_loss":0.0,"damage_taken":0.0},{"cards_removed":["Rampage"],"damage_healed":0,"gold_gain":0,"player_choice":"Gave Card","damage_taken":0,"relics_obtained":["Nunchaku"],"max_hp_gain":0,"max_hp_loss":0,"event_name":"WeMeetAgain","floor":37,"gold_loss":0},{"damage_healed":0,"gold_gain":0,"player_choice":"Bought 1 Potion","damage_taken":0,"max_hp_gain":0,"max_hp_loss":0,"event_name":"The Woman in Blue","floor":39,"gold_loss":0}],"is_beta":false,"boss_relics":[{"not_picked":["Runic Pyramid","Runic Dome"],"picked":"Ectoplasm"},{"not_picked":["Mark of Pain","SacredBark"],"picked":"Empty Cage"}],"items_purged_floors":[12,19],"is_endless":false,"potions_floor_spawned":[1,4,11,16,25,31,33,35,36,45,47,48],"killed_by":"Donu and Deca","ascension_level":2}}