{"host":"gc0hqzwg2gd3zszy","time":1613283342,"event":{"mods":["BaseMod","DeckTracker","Minty Spire (QoL Compilation)","Relic Stats","SuperFastMode"],"gold_per_floor":[119,44,58,77,77,77,98,98,98,48,8,28,28,28,28,28,28],"floor_reached":16,"language":"KOR","playtime":540,"items_purged":["Defend_G"],"score":180,"play_id":"6a3447e1-cb9d-4407-8dcd-7ef18a13989b","local_time":"20210214151542","is_ascension_mode":true,"campfire_choices":[{"data":"Neutralize","floor":6.0,"key":"SMITH"},{"data":"Cloak And Dagger","floor":13.0,"key":"SMITH"},{"data":"Blade Dance","floor":15,"key":"SMITH"}],"circlet_count":0,"master_deck":["AscendersBane","Strike_G","Strike_G","Strike_G","Strike_G","Strike_G","Defend_G","Defend_G","Defend_G","Survivor","Neutralize+1","Venomology","Backflip","Blade Dance+1","Deflect","Dagger Spray","Cloak And Dagger+1","Reflex"],"relics":["Ring of the Snake","Golden Idol","Question Card"],"acts_visited":["Exordium"],"potions_floor_usage":[16,16],"damage_taken":[{"damage":0.0,"enemies":"Cultist","floor":1.0,"turns":4.0},{"damage":0.0,"enemies":"2 Louse","floor":3.0,"turns":3.0},{"damage":0.0,"enemies":"Small Slimes","floor":4.0,"turns":2.0},{"damage":0.0,"enemies":"Blue Slaver","floor":7.0,"turns":4.0},{"damage":6.0,"enemies":"Exordium Thugs","floor":12.0,"turns":5.0},{"damage":69,"enemies":"The Guardian","floor":16,"turns":16}],"seed_played":"7250456287304242945","potions_obtained":[{"floor":3.0,"key":"Strength Potion"}],"is_trial":false,"path_per_floor":["M","$","M","M","?","R","M","?","T","$","$","M","R","?","R","B"],"character_chosen":"THE_SILENT","items_purchased":["Cloak And Dagger","Reflex"],"campfire_rested":0,"item_purchase_floors":[10,11],"current_hp_per_floor":[59,59,59,59,59,59,59,59,59,59,59,53,53,53,53,0,0],"gold":28,"neow_bonus":"ONE_RANDOM_RARE_CARD","is_daily":false,"chose_seed":false,"campfire_upgraded":3,"win_rate":0.0,"timestamp":1613283342,"path_taken":["M","$","?","?","?","R","M","?","T","?","$","?","R","?","R","BOSS"],"items_purchased_type":["Card","Card"],"build_version":"2020-12-22","purchased_purges":1,"victory":false,"max_hp_per_floor":[66,66,66,66,60,60,60,60,60,60,60,60,60,60,60,60,60],"relic_stats":{"counters":[6,34],"Golden Idol":8,"Question Card":1,"obtain_stats":[{"Golden Idol":5,"Question Card":9,"Ring of the Snake":0},{"Golden Idol":3,"Question Card":4,"Ring of the Snake":0},{"Golden Idol":9,"Question Card":13,"Ring of the Snake":0}],"Ring of the Snake":[12]},"card_choices":[{"not_picked":["Underhanded Strike","Finisher"],"picked":"Backflip","floor":1.0},{"not_picked":["Acrobatics","Bane"],"picked":"Blade Dance","floor":3.0},{"not_picked":["Endless Agony","Flying Knee"],"picked":"Deflect","floor":4.0},{"not_picked":["PiercingWail","Backflip"],"picked":"Dagger Spray","floor":7.0},{"not_picked":["Flying Knee","All Out Attack","Deflect","Flechettes"],"picked":"SKIP","floor":12.0}],"player_experience":1397928,"relics_obtained":[{"floor":9.0,"key":"Question Card"}],"event_choices":[{"damage_healed":0.0,"max_hp_gain":0.0,"max_hp_loss":6.0,"gold_gain":0.0,"event_name":"Golden Idol","player_choice":"Lose Max HP","floor":5.0,"gold_loss":0.0,"damage_taken":0.0,"relics_obtained":["Golden Idol"]},{"cards_removed":["Defend_G"],"damage_healed":0.0,"max_hp_gain":0.0,"max_hp_loss":0.0,"gold_gain":0.0,"event_name":"Living Wall","player_choice":"Forget","floor":8.0,"gold_loss":0.0,"damage_taken":0.0},{"damage_healed":0,"gold_gain":0,"player_choice":"Searched \u00270\u0027 times","damage_taken":0,"max_hp_gain":0,"max_hp_loss":0,"event_name":"Dead Adventurer","floor":14,"gold_loss":0}],"is_beta":false,"boss_relics":[],"items_purged_floors":[2],"is_endless":false,"potions_floor_spawned":[3,4],"killed_by":"The Guardian","ascension_level":20}}