{"host":"ibgtsljv18d2rnte","time":1613344150,"event":{"mods":["AchievementEnabler","BaseMod","Better Match","Hermit","Koishi","Marisa????????","Minty Spire (QoL Compilation)","Prisma Mod","StSLib","The Marked","The Servant 0.9.4","Waifu the Spire","Yakumo Yukari mod","everything is the same but u backflip on backflip","slay the spire mod where everything is the same but ironclad has a cowboy hat"],"gold_per_floor":[117,136,136,136,185,185,201,201,201,44,44,58,76,120,120,240,240,263,283,31,0,0,0,0],"floor_reached":23,"language":"ENG","playtime":983,"items_purged":[],"score":214,"play_id":"28de8ce1-cc7c-4fbb-8141-16b82805472f","local_time":"20210214160910","is_ascension_mode":false,"campfire_choices":[{"data":"Flex","floor":6,"key":"SMITH"},{"data":"True Grit","floor":8,"key":"SMITH"},{"data":"Bash","floor":11,"key":"SMITH"},{"data":"Apotheosis","floor":15,"key":"SMITH"}],"circlet_count":0,"master_deck":["Strike_R","Strike_R","Strike_R","Strike_R","Strike_R","Defend_R","Defend_R","Defend_R","Defend_R","Bash+1","Flex+1","Bloodletting","True Grit+1","Acrobatics","Defy","Apotheosis+1","Judgement","Infernal Blade","Koishi:GeneticsOfTheUnconscious","Ghostly","Ghostly","Ghostly","Ghostly","Ghostly"],"relics":["Burning Blood","NeowsBlessing","Golden Idol","Question Card","Bag of Preparation","Pantograph","PrismaticShard","Regal Pillow","Snecko Eye","Molten Egg 2"],"acts_visited":["Exordium","TheCity"],"potions_floor_usage":[14,14],"damage_taken":[{"damage":0,"enemies":"Small Slimes","floor":1,"turns":1},{"damage":0,"enemies":"Jaw Worm","floor":2,"turns":1},{"damage":0,"enemies":"Cultist","floor":7,"turns":1},{"damage":2,"enemies":"2 Fungi Beasts","floor":12,"turns":4},{"damage":11,"enemies":"3 Louse","floor":13,"turns":3},{"damage":7,"enemies":"Gremlin Nob","floor":14,"turns":3},{"damage":54,"enemies":"The Guardian","floor":16,"turns":15},{"damage":0,"enemies":"Spheric Guardian","floor":18,"turns":2},{"damage":22,"enemies":"2 Thieves","floor":19,"turns":5},{"damage":25,"enemies":"Slavers","floor":23,"turns":5}],"seed_played":"2494216633924642791","potions_obtained":[{"floor":1,"key":"Fire Potion"},{"floor":13,"key":"CultistPotion"}],"is_trial":false,"path_per_floor":["M","M","?","T","T","R","M","R","T","$","R","M","M","E","R","B",null,"M","M","$","?","?","E"],"character_chosen":"IRONCLAD","items_purchased":["PrismaticShard","Molten Egg 2"],"campfire_rested":0,"item_purchase_floors":[10,20],"current_hp_per_floor":[80,80,60,60,60,60,66,66,66,66,66,70,65,64,64,32,80,80,64,64,64,40,15,15],"gold":0,"neow_bonus":"THREE_ENEMY_KILL","is_daily":false,"chose_seed":false,"campfire_upgraded":4,"win_rate":0.0,"timestamp":1613344150,"path_taken":["M","M","?","?","?","R","M","R","T","$","R","M","M","E","R","BOSS","M","?","$","?","?","E"],"items_purchased_type":["Relic","Relic"],"build_version":"2020-12-22","purchased_purges":0,"victory":false,"max_hp_per_floor":[80,80,80,80,80,80,80,80,80,80,80,80,80,80,80,80,80,80,80,80,80,40,40,40],"card_choices":[{"not_picked":["Hemokinesis","Pommel Strike"],"picked":"Flex","floor":1},{"not_picked":["Fire Breathing","Pommel Strike"],"picked":"Bloodletting","floor":2},{"not_picked":["Dual Wield","Perfected Strike","Cleave"],"picked":"True Grit","floor":7},{"not_picked":["FlurryOfBlows","Koishi:Vanish","Koishi:FleetingPhantom"],"picked":"Acrobatics","floor":12},{"not_picked":["Koishi:TraumaticStroke","PrismaMod:IllyaCheapDefend","PrismaMod:IllyaPoisoningPhantasm"],"picked":"Defy","floor":13},{"not_picked":["TimeWarp","Heavy Blade","Koishi:Possession"],"picked":"Apotheosis","floor":14},{"not_picked":["Monsters_DoubleDeathButterfly_purple","theMarked:FavorableWinds","Thinking Ahead"],"picked":"Judgement","floor":16},{"not_picked":["WitchLeyline","theMarked:ChainLightning","PrismaMod:IllyaGrailKun+1"],"picked":"Infernal Blade","floor":18},{"not_picked":["JustLucky","Koishi:Prune","Koishi:DanmakuParanoia"],"picked":"Koishi:GeneticsOfTheUnconscious","floor":19}],"player_experience":118936,"relics_obtained":[{"floor":4,"key":"Question Card"},{"floor":5,"key":"Bag of Preparation"},{"floor":9,"key":"Pantograph"},{"floor":14,"key":"Regal Pillow"}],"event_choices":[{"damage_healed":0,"gold_gain":0,"player_choice":"Take Damage","damage_taken":20,"relics_obtained":["Golden Idol"],"max_hp_gain":0,"max_hp_loss":0,"event_name":"Golden Idol","floor":3,"gold_loss":0},{"damage_healed":0,"gold_gain":0,"player_choice":"Paid Fearfully","damage_taken":0,"max_hp_gain":0,"max_hp_loss":0,"event_name":"Masked Bandits","floor":21,"gold_loss":31},{"damage_healed":0,"gold_gain":0,"player_choice":"Became a Ghost","damage_taken":0,"max_hp_gain":0,"max_hp_loss":40,"event_name":"Ghosts","floor":22,"gold_loss":0,"cards_obtained":["Ghostly","Ghostly","Ghostly","Ghostly","Ghostly"]}],"is_beta":false,"boss_relics":[{"not_picked":["Busted Crown","Black Star"],"picked":"Snecko Eye"}],"items_purged_floors":[],"is_endless":false,"potions_floor_spawned":[1,13],"killed_by":"Slavers","ascension_level":0}}