{"host":"tf5skwcwe0vlu2md","time":1613305376,"event":{"mods":["BaseMod","Downfall","Highlight Path","Minty Spire (QoL Compilation)","Quick Restart","StSLib","The Hierophant"],"gold_per_floor":[119,132,151,151,128,161,181,181,263,277,302,317,351,366,366,366,366],"floor_reached":16,"playtime":1344,"items_purged":[],"score":136,"play_id":"1a7a06a9-7559-4a7e-b435-ab075152ac20","local_time":"20210214232256","is_ascension_mode":true,"campfire_choices":[{"floor":8,"key":"REST"},{"floor":15,"key":"REST"}],"circlet_count":0,"master_deck":["Strike_G","Strike_G","Strike_G","Strike_G","Strike_G","Defend_G","Defend_G","Defend_G","Defend_G","Survivor","Neutralize","Burst","Poisoned Stab","Blade Dance","Dagger Spray","Cloak And Dagger","Choke","Noxious Fumes","Accuracy","A Thousand Cuts","Blade Dance","Well Laid Plans","Choke"],"relics":["Ring of the Snake","The Specimen","Shuriken","Strawberry","White Beast Statue"],"acts_visited":["Exordium"],"potions_floor_usage":[11,12,12,16],"damage_taken":[{"damage":2,"enemies":"Cultist","floor":1,"turns":4},{"damage":0,"enemies":"2 Louse","floor":2,"turns":2},{"damage":9,"enemies":"Jaw Worm","floor":3,"turns":2},{"damage":44,"enemies":"Lagavulin","floor":6,"turns":7},{"damage":10,"enemies":"3 Louse","floor":7,"turns":3},{"damage":0,"enemies":"2 Fungi Beasts","floor":10,"turns":2},{"damage":8,"enemies":"Gremlin Nob","floor":11,"turns":3},{"damage":15,"enemies":"Gremlin Gang","floor":12,"turns":3},{"damage":12,"enemies":"Lagavulin","floor":13,"turns":6},{"damage":0,"enemies":"3 Louse","floor":14,"turns":2},{"damage":32,"enemies":"The Guardian","floor":16,"turns":2}],"seed_played":"7223295833887410612","potions_obtained":[{"floor":2,"key":"Energy Potion"},{"floor":6,"key":"EssenceOfSteel"},{"floor":10,"key":"hexamod:EctoCoolerPotion"},{"floor":14,"key":"CultistPotion"}],"is_trial":false,"path_per_floor":["M","M","M","?","$","E","M","R","T","M","E","M","E","M","R","B"],"character_chosen":"THE_SILENT","items_purchased":["Cloak And Dagger"],"campfire_rested":2,"item_purchase_floors":[5],"current_hp_per_floor":[68,68,59,64,64,20,10,32,32,32,31,16,4,4,28,0,0],"gold":366,"neow_bonus":"TRANSFORM_CARD","is_daily":false,"chose_seed":false,"campfire_upgraded":0,"win_rate":0.0,"timestamp":1613305376,"path_taken":["M","?","M","?","?","E","M","R","T","M","E","M","E","M","R","BOSS"],"items_purchased_type":["Card"],"build_version":"2020-12-13","purchased_purges":0,"victory":false,"max_hp_per_floor":[70,70,70,75,75,75,75,75,75,75,82,82,82,82,82,82,82],"card_choices":[{"not_picked":["Caltrops","Underhanded Strike"],"picked":"Poisoned Stab","floor":1},{"not_picked":["Prepared","PiercingWail"],"picked":"Blade Dance","floor":2},{"not_picked":["Endless Agony","Leg Sweep"],"picked":"Dagger Spray","floor":3},{"not_picked":["Prepared","Slice"],"picked":"Choke","floor":6},{"not_picked":["Tactician","PiercingWail"],"picked":"Noxious Fumes","floor":7},{"not_picked":["Infinite Blades","Underhanded Strike"],"picked":"Accuracy","floor":10},{"not_picked":["PiercingWail","Expertise"],"picked":"A Thousand Cuts","floor":11},{"not_picked":["Cloak And Dagger","Dodge and Roll"],"picked":"Blade Dance","floor":12},{"not_picked":["Heel Hook","Tactician"],"picked":"Well Laid Plans","floor":13},{"not_picked":["PiercingWail","Eviscerate"],"picked":"Choke","floor":14}],"player_experience":237372,"relics_obtained":[{"floor":6,"key":"The Specimen"},{"floor":9,"key":"Shuriken"},{"floor":11,"key":"Strawberry"},{"floor":13,"key":"White Beast Statue"}],"event_choices":[{"damage_healed":0,"gold_gain":0,"player_choice":"Donut","damage_taken":0,"max_hp_gain":5,"max_hp_loss":0,"event_name":"Big Fish","floor":4,"gold_loss":0}],"is_beta":false,"boss_relics":[],"items_purged_floors":[],"is_endless":false,"potions_floor_spawned":[2,6,10,14],"killed_by":"The Guardian","ascension_level":2}}