{"host":"8is2j71l4wmybkoi","time":1613301278,"event":{"mods":["AchievementEnabler","BaseMod","Colored Map","DeckTracker","Minty Spire (QoL Compilation)","Rare Cards Sparkle","Relic Stats","StSLib","SuperFastMode"],"gold_per_floor":[117,117,137,156,169,200,200,200,200],"floor_reached":8,"language":"KOR","playtime":220,"items_purged":[],"score":102,"play_id":"4364c1e8-d5fe-4105-bb5a-5741a95db1a6","local_time":"20210214201438","is_ascension_mode":true,"campfire_choices":[{"data":"Body Slam","floor":7,"key":"SMITH"}],"circlet_count":0,"master_deck":["AscendersBane","Strike_R","Strike_R","Strike_R","Strike_R","Strike_R","Defend_R","Defend_R","Defend_R","Defend_R","Bash","Good Instincts","Body Slam+1","Seeing Red","Carnage","Hemokinesis","Rage"],"relics":["Burning Blood","Mercury Hourglass"],"acts_visited":["Exordium"],"potions_floor_usage":[7],"damage_taken":[{"damage":6,"enemies":"Jaw Worm","floor":1,"turns":4},{"damage":19,"enemies":"Small Slimes","floor":3,"turns":4},{"damage":3,"enemies":"2 Louse","floor":4,"turns":3},{"damage":8,"enemies":"Blue Slaver","floor":5,"turns":3},{"damage":38,"enemies":"3 Sentries","floor":6,"turns":8},{"damage":34,"enemies":"Gremlin Nob","floor":8,"turns":3}],"seed_played":"4549121410481351412","potions_obtained":[{"floor":3,"key":"Fruit Juice"}],"is_trial":false,"path_per_floor":["M","?","M","M","M","E","R","E"],"character_chosen":"IRONCLAD","items_purchased":[],"campfire_rested":0,"item_purchase_floors":[],"current_hp_per_floor":[68,68,55,58,56,24,29,0,0],"gold":200,"neow_bonus":"RANDOM_COLORLESS","is_daily":false,"chose_seed":false,"campfire_upgraded":1,"win_rate":0.0,"timestamp":1613301278,"path_taken":["M","?","M","M","M","E","R","E"],"items_purchased_type":[],"build_version":"2020-12-22","purchased_purges":0,"victory":false,"max_hp_per_floor":[75,75,75,75,75,75,80,80,80],"relic_stats":{"counters":[6,25],"obtain_stats":[{"Burning Blood":0,"Mercury Hourglass":6},{"Burning Blood":0,"Mercury Hourglass":5},{"Burning Blood":0,"Mercury Hourglass":22}],"Burning Blood":30,"Mercury Hourglass":[9]},"card_choices":[{"not_picked":["Forethought","Jack Of All Trades"],"picked":"Good Instincts","floor":0},{"not_picked":["Disarm","Heavy Blade"],"picked":"Body Slam","floor":1},{"not_picked":["Headbutt","Havoc"],"picked":"Seeing Red","floor":3},{"not_picked":["Power Through","Heavy Blade"],"picked":"Carnage","floor":4},{"not_picked":["Wild Strike","Rage"],"picked":"Hemokinesis","floor":5},{"not_picked":["Dual Wield","Flex"],"picked":"Rage","floor":6}],"player_experience":1201955,"relics_obtained":[{"floor":6,"key":"Mercury Hourglass"}],"event_choices":[{"damage_healed":0,"gold_gain":0,"player_choice":"Ignored","damage_taken":0,"max_hp_gain":0,"max_hp_loss":0,"event_name":"Liars Game","floor":2,"gold_loss":0}],"is_beta":false,"boss_relics":[],"items_purged_floors":[],"is_endless":false,"potions_floor_spawned":[3],"killed_by":"Gremlin Nob","ascension_level":15}}