{"host":"sc0o2qwpf9j16a4i","time":1613313597,"event":{"mods":["AchievementEnabler","BaseMod","BetterRewards","Block Reminder","Colored Map","Colored Powertips","Custom Start","Highlight Path","Jorbs\u0027s Wanderer Trilogy","Minty Spire (QoL Compilation)","Relic Stats","StSLib"],"gold_per_floor":[116,291,304,324,341,341,375,375,455,473,498,498,508,4,4,108,108,126,155,107,107,107,127,140,140,140,157,168,181,213,232,232,334,334,349,395,1394,547,547,547,573,573,573,591,611,629,643,653,653,653],"floor_reached":51,"language":"ENG","playtime":1774,"items_purged":["Normality"],"score":1053,"play_id":"88381720-cf10-4886-85c9-0cec7960cf11","local_time":"20210214163957","daily_mods":["SealedDeck","Uncertain Future","Terminal"],"is_ascension_mode":false,"campfire_choices":[{"data":"Catalyst","floor":6,"key":"SMITH"},{"data":"Crippling Poison","floor":12,"key":"SMITH"},{"data":"Apotheosis","floor":15,"key":"SMITH"},{"data":"After Image","floor":25,"key":"SMITH"},{"data":"Bouncing Flask","floor":32,"key":"SMITH"},{"floor":40,"key":"REST"},{"data":"1","floor":42,"key":"LIFT"},{"data":"2","floor":49,"key":"LIFT"}],"circlet_count":0,"master_deck":["Bane","Bane","Catalyst+1","Deflect","Dodge and Roll","Deflect","Backstab","Deflect","Crippling Poison+1","Deadly Poison","Dodge and Roll","Doubt","Dodge and Roll","Bane","Flechettes","Dagger Throw","Blur","Apotheosis+1","Dash","After Image+1","PiercingWail","Deflect+1","Deadly Poison","Shame","Bouncing Flask+1","stsjorbsmod:Amnesia","Prepared","Distraction+1","Corpse Explosion","Backflip","Catalyst+1","Normality","Catalyst+1","Dagger Throw","Deflect","Noxious Fumes","PiercingWail+1","Decay","Well Laid Plans","Dash","PiercingWail","Night Terror"],"relics":["Ring of the Snake","Du-Vu Doll","Pear","Odd Mushroom","Paper Crane","Cursed Key","Red Mask","Snake Skull","Ginger","Kunai","Fusion Hammer","StoneCalendar","DollysMirror","Torii","Centennial Puzzle","Girya","Eternal Feather"],"acts_visited":["Exordium","TheCity","TheBeyond"],"potions_floor_usage":[16,28,33,44,50],"damage_taken":[{"damage":0,"enemies":"Small Slimes","floor":1,"turns":2},{"damage":0,"enemies":"Cultist","floor":3,"turns":3},{"damage":0,"enemies":"Jaw Worm","floor":4,"turns":3},{"damage":0,"enemies":"3 Louse","floor":5,"turns":3},{"damage":11,"enemies":"Gremlin Nob","floor":7,"turns":4},{"damage":4,"enemies":"Exordium Thugs","floor":10,"turns":3},{"damage":3,"enemies":"The Mushroom Lair","floor":11,"turns":5},{"damage":0,"enemies":"Looter","floor":13,"turns":2},{"damage":0,"enemies":"The Guardian","floor":16,"turns":8},{"damage":0,"enemies":"Chosen","floor":18,"turns":4},{"damage":0,"enemies":"Masked Bandits","floor":19,"turns":5},{"damage":0,"enemies":"Spheric Guardian","floor":23,"turns":5},{"damage":0,"enemies":"3 Cultists","floor":24,"turns":3},{"damage":0,"enemies":"Cultist and Chosen","floor":27,"turns":4},{"damage":0,"enemies":"Centurion and Healer","floor":28,"turns":5},{"damage":0,"enemies":"Shelled Parasite and Fungi","floor":29,"turns":4},{"damage":0,"enemies":"Book of Stabbing","floor":30,"turns":5},{"damage":0,"enemies":"Sentry and Sphere","floor":31,"turns":3},{"damage":0,"enemies":"Automaton","floor":33,"turns":10},{"damage":0,"enemies":"3 Shapes","floor":35,"turns":2},{"damage":0,"enemies":"2 Orb Walkers","floor":36,"turns":3},{"damage":0,"enemies":"Giant Head","floor":41,"turns":5},{"damage":0,"enemies":"3 Darklings","floor":44,"turns":2},{"damage":0,"enemies":"4 Shapes","floor":45,"turns":7},{"damage":0,"enemies":"Transient","floor":46,"turns":5},{"damage":0,"enemies":"Spire Growth","floor":47,"turns":5},{"damage":0,"enemies":"4 Shapes","floor":48,"turns":7},{"damage":14,"enemies":"Donu and Deca","floor":50,"turns":7}],"seed_played":"-8962498099445289822","potions_obtained":[{"floor":1,"key":"Ancient Potion"},{"floor":4,"key":"FairyPotion"},{"floor":10,"key":"Regen Potion"},{"floor":16,"key":"ColorlessPotion"},{"floor":29,"key":"Poison Potion"},{"floor":33,"key":"SkillPotion"},{"floor":36,"key":"PowerPotion"},{"floor":45,"key":"SpeedPotion"}],"is_trial":true,"path_per_floor":["M","?","M","M","M","R","E","?","T","M","?","R","M","$","R","B",null,"M","?","$","?","?","M","M","R","T","M","M","M","E","M","R","B",null,"M","?","?","$","?","R","E","R","T","M","M","M","M","M","R","B",null],"character_chosen":"THE_SILENT","items_purchased":["Apotheosis","Paper Crane","Dash","Deadly Poison","DollysMirror","Torii","Centennial Puzzle","Dagger Throw","Deflect","Noxious Fumes"],"campfire_rested":1,"item_purchase_floors":[14,14,14,20,38,38,38,38,38,38],"current_hp_per_floor":[68,67,66,65,64,63,52,52,62,58,55,55,55,55,55,63,62,61,60,59,58,57,56,55,54,53,52,51,50,49,48,47,46,45,44,43,42,41,40,39,38,37,36,35,34,33,32,31,30,16],"gold":653,"neow_bonus":"","is_daily":false,"chose_seed":false,"campfire_upgraded":5,"win_rate":0.0,"timestamp":1613313597,"path_taken":["M","?","M","M","M","R","E","?","T","M","?","R","M","$","R","BOSS","M","?","$","?","?","M","M","R","T","M","M","M","E","M","R","BOSS","M","?","?","$","?","R","E","R","T","M","M","M","M","M","R","BOSS"],"items_purchased_type":["Card","Relic","Card","Card","Relic","Relic","Relic","Card","Card","Card"],"build_version":"2020-12-22","purchased_purges":1,"victory":true,"max_hp_per_floor":[68,67,66,65,64,63,62,61,70,69,68,67,66,65,64,63,62,61,60,59,58,57,56,55,54,53,52,51,50,49,48,47,46,45,44,43,42,41,40,39,38,37,36,35,34,33,32,31,30,29],"relic_stats":{"Centennial Puzzle":[3],"Torii":1,"counters":[28,124],"StoneCalendar":[54],"Eternal Feather":0,"Snake Skull":[123],"Ginger":[17],"Kunai":[7],"Cursed Key":2,"obtain_stats":[{"Girya":41,"Pear":9,"Torii":38,"StoneCalendar":36,"Eternal Feather":43,"Snake Skull":21,"Ginger":22,"Odd Mushroom":11,"Paper Crane":14,"Cursed Key":17,"Du-Vu Doll":7,"Centennial Puzzle":38,"DollysMirror":38,"Fusion Hammer":34,"Red Mask":19,"Kunai":26,"Ring of the Snake":0},{"Girya":22,"Pear":5,"Torii":21,"StoneCalendar":21,"Eternal Feather":22,"Snake Skull":11,"Ginger":11,"Odd Mushroom":7,"Paper Crane":8,"Cursed Key":9,"Du-Vu Doll":5,"Centennial Puzzle":21,"DollysMirror":21,"Fusion Hammer":19,"Red Mask":11,"Kunai":13,"Ring of the Snake":0},{"Girya":91,"Pear":15,"Torii":86,"StoneCalendar":86,"Eternal Feather":91,"Snake Skull":42,"Ginger":42,"Odd Mushroom":23,"Paper Crane":25,"Cursed Key":33,"Du-Vu Doll":15,"Centennial Puzzle":86,"DollysMirror":86,"Fusion Hammer":81,"Red Mask":42,"Kunai":50,"Ring of the Snake":0}],"Ring of the Snake":[56]},"card_choices":[{"not_picked":["Concentrate","Underhanded Strike"],"picked":"Dodge and Roll","floor":1},{"not_picked":["Outmaneuver","Unload","Expertise"],"picked":"SKIP","floor":3},{"not_picked":["Distraction","Skewer"],"picked":"Dodge and Roll","floor":4},{"not_picked":["Dagger Throw","Flying Knee"],"picked":"Bane","floor":5},{"not_picked":["Accuracy","Riddle With Holes"],"picked":"Flechettes","floor":7},{"not_picked":["Dagger Spray","Quick Slash"],"picked":"Dagger Throw","floor":10},{"not_picked":["Masterful Stab","Storm of Steel"],"picked":"Blur","floor":13},{"not_picked":["A Thousand Cuts","Phantasmal Killer"],"picked":"After Image","floor":16},{"not_picked":["Flying Knee","Choke"],"picked":"PiercingWail","floor":18},{"not_picked":["Quick Slash","Endless Agony"],"picked":"Deflect+1","floor":19},{"not_picked":["Terror","Deflect","Expertise"],"picked":"SKIP","floor":23},{"not_picked":["Cloak And Dagger+1","Leg Sweep"],"picked":"Bouncing Flask","floor":24},{"not_picked":["Flying Knee","Choke+1","Caltrops"],"picked":"SKIP","floor":27},{"not_picked":["Blade Dance+1","Heel Hook","Underhanded Strike"],"picked":"SKIP","floor":28},{"not_picked":["Backstab+1","Cloak And Dagger"],"picked":"Prepared","floor":29},{"not_picked":["A Thousand Cuts","Cloak And Dagger","Blade Dance"],"picked":"SKIP","floor":30},{"not_picked":["Bane","Slice+1"],"picked":"Distraction+1","floor":31},{"not_picked":["Envenom","Grand Finale"],"picked":"Corpse Explosion","floor":33},{"not_picked":["Outmaneuver","Terror"],"picked":"Backflip","floor":35},{"not_picked":["All Out Attack+1","Deflect+1"],"picked":"Catalyst+1","floor":36},{"not_picked":["Masterful Stab+1","Doppelganger"],"picked":"PiercingWail+1","floor":41},{"not_picked":["Backstab+1","Endless Agony"],"picked":"Well Laid Plans","floor":44},{"not_picked":["Dagger Spray","Terror"],"picked":"Dash","floor":45},{"not_picked":["Blade Dance+1","Poisoned Stab","Riddle With Holes+1"],"picked":"SKIP","floor":46},{"not_picked":["Bane","Dodge and Roll"],"picked":"PiercingWail","floor":47},{"not_picked":["Infinite Blades","PiercingWail"],"picked":"Night Terror","floor":48}],"player_experience":1419129,"relics_obtained":[{"floor":7,"key":"Du-Vu Doll"},{"floor":9,"key":"Pear"},{"floor":11,"key":"Odd Mushroom"},{"floor":19,"key":"Red Mask"},{"floor":26,"key":"Kunai"},{"floor":36,"key":"StoneCalendar"},{"floor":41,"key":"Girya"},{"floor":43,"key":"Eternal Feather"}],"event_choices":[{"damage_healed":0,"gold_gain":175,"player_choice":"AGREE","damage_taken":0,"max_hp_gain":0,"max_hp_loss":0,"event_name":"Liars Game","floor":2,"gold_loss":0,"cards_obtained":["Doubt"]},{"damage_healed":0,"gold_gain":0,"player_choice":"Leave","damage_taken":0,"max_hp_gain":0,"max_hp_loss":0,"event_name":"The Cleric","floor":8,"gold_loss":0},{"damage_healed":0,"gold_gain":0,"player_choice":"Fought Mushrooms","damage_taken":0,"max_hp_gain":0,"max_hp_loss":0,"event_name":"Mushrooms","floor":11,"gold_loss":0},{"damage_healed":0,"gold_gain":0,"player_choice":"Fought Bandits","damage_taken":0,"max_hp_gain":0,"max_hp_loss":0,"event_name":"Masked Bandits","floor":19,"gold_loss":0},{"damage_healed":0,"gold_gain":0,"player_choice":"Opened","damage_taken":0,"relics_obtained":["Snake Skull"],"max_hp_gain":0,"max_hp_loss":0,"event_name":"The Mausoleum","floor":21,"gold_loss":0},{"damage_healed":0,"gold_gain":0,"player_choice":"Stole Relic","damage_taken":0,"relics_obtained":["Ginger"],"max_hp_gain":0,"max_hp_loss":0,"event_name":"Addict","floor":22,"gold_loss":0,"cards_obtained":["Shame"]},{"damage_healed":0,"gold_gain":0,"player_choice":"Fight","damage_taken":0,"max_hp_gain":0,"max_hp_loss":0,"event_name":"Mysterious Sphere","floor":36,"gold_loss":0},{"damage_healed":0,"gold_gain":999,"player_choice":"Gold","damage_taken":0,"max_hp_gain":0,"max_hp_loss":0,"event_name":"MindBloom","floor":37,"gold_loss":0,"cards_obtained":["Normality","Normality"]},{"damage_healed":0,"gold_gain":0,"player_choice":"Ignored","damage_taken":0,"max_hp_gain":0,"max_hp_loss":0,"event_name":"Tomb of Lord Red Mask","floor":39,"gold_loss":0}],"is_beta":false,"boss_relics":[{"not_picked":["Velvet Choker","Tiny House"],"picked":"Cursed Key"},{"not_picked":["SacredBark","WristBlade"],"picked":"Fusion Hammer"}],"items_purged_floors":[38],"is_endless":false,"potions_floor_spawned":[1,4,10,16,23,24,27,29,30,33,36,45,47,48],"ascension_level":0}}