{"host":"k5fgrtcqzqosfxt0","time":1613309721,"event":{"mods":["Act Like it!","Aspiration","BaseMod","Downfall","Gensokyo","Minty Spire (QoL Compilation)","StSLib","TestMod","UnlockEverythingMod"],"gold_per_floor":[116,130,130,205,205,237,251,251,326,346,346,167,190,214,214,303,303,324,344,344,364,388,428,143,184,184,184,184,219,238,263,263,356,356,406,406,474,474,341,341,415,415,442,503,503,556,606,679,679,709,769,769,769,135,169,169],"floor_reached":57,"language":"ZHS","playtime":4065,"items_purged":["Strike_P","downfall:Bewildered","Strike_P","Strike_P"],"score":3225,"play_id":"157e093a-bec5-4335-bcc9-597d06294198","local_time":"20210214213521","is_ascension_mode":true,"campfire_choices":[{"data":"Eruption","floor":8,"key":"SMITH"},{"data":"FlurryOfBlows","floor":15,"key":"SMITH"},{"data":"testmod-AdversityCounterattack","floor":27,"key":"SMITH"},{"data":"Devotion","floor":32,"key":"SMITH"},{"floor":40,"key":"RECALL"},{"data":"TalkToTheHand","floor":45,"key":"SMITH"},{"data":"Adaptation","floor":49,"key":"SMITH"},{"data":"Nirvana","floor":53,"key":"SMITH"}],"circlet_count":0,"master_deck":["AscendersBane","Defend_P+1","Defend_P","Defend_P+1","Defend_P","Eruption+1","Vigilance","EmptyBody+1","FlurryOfBlows+1","SandsOfTime+1","Evaluate+1","Meditate+1","Crescendo+1","Sanctity+1","Adaptation+1","Vault+1","SpiritShield+1","TalkToTheHand+1","Wireheading","Devotion+1","testmod-AdversityCounterattack+1","BowlingBash+1","Wish+1","Madness+1","Madness+1","LessonLearned+1","Nirvana+1","Omniscience+1","Adaptation"],"relics":["PureWater","testmod-TestBox","NeowsBlessing","testmod-RainbowHikingShoes","Toxic Egg 2","testmod-ConstraintPeriapt","Sundial","Golden Idol","testmod-Recursion","sneckomod:BabySnecko","aspiration:Lifesprig","Eternal Feather","Smiling Mask","aspiration:RitualStick","Bottled Lightning","testmod-IncinerationGenerator","FossilizedHelix","Toy Ornithopter","Bird Faced Urn","Omamori","ClockworkSouvenir","testmod-AssaultLearning","Akabeko","InkBottle"],"acts_visited":["Exordium","TheCity","TheBeyond","TheEnding"],"potions_floor_usage":[37,47,51,56],"damage_taken":[{"damage":0,"enemies":"Jaw Worm","floor":1,"turns":1},{"damage":0,"enemies":"2 Louse","floor":2,"turns":1},{"damage":0,"enemies":"Gremlin Nob","floor":6,"turns":1},{"damage":3,"enemies":"Cultist","floor":7,"turns":3},{"damage":0,"enemies":"Looter","floor":10,"turns":2},{"damage":0,"enemies":"Exordium Thugs","floor":13,"turns":2},{"damage":0,"enemies":"Blue Slaver","floor":14,"turns":2},{"damage":0,"enemies":"Hexaghost","floor":16,"turns":7},{"damage":0,"enemies":"Spheric Guardian","floor":18,"turns":5},{"damage":0,"enemies":"3 Byrds","floor":19,"turns":4},{"damage":2,"enemies":"Sentry and Sphere","floor":21,"turns":2},{"damage":16,"enemies":"Shelled Parasite and Fungi","floor":22,"turns":5},{"damage":2,"enemies":"Gremlin Leader","floor":23,"turns":7},{"damage":1,"enemies":"Book of Stabbing","floor":25,"turns":5},{"damage":0,"enemies":"Gremlin Leader","floor":29,"turns":3},{"damage":0,"enemies":"Snecko","floor":30,"turns":3},{"damage":0,"enemies":"3 Cultists","floor":31,"turns":3},{"damage":28,"enemies":"Champ","floor":33,"turns":5},{"damage":0,"enemies":"Orb Walker","floor":35,"turns":3},{"damage":13,"enemies":"2 Orb Walkers","floor":37,"turns":3},{"damage":0,"enemies":"Reptomancer","floor":41,"turns":4},{"damage":0,"enemies":"Giant Head","floor":44,"turns":5},{"damage":0,"enemies":"3 Darklings","floor":46,"turns":4},{"damage":18,"enemies":"Writhing Mass","floor":47,"turns":3},{"damage":0,"enemies":"Reptomancer","floor":48,"turns":4},{"damage":15,"enemies":"Time Eater","floor":50,"turns":5},{"damage":0,"enemies":"Donu and Deca","floor":51,"turns":4},{"damage":28,"enemies":"Shield and Spear","floor":55,"turns":3},{"damage":58,"enemies":"The Heart","floor":56,"turns":7}],"seed_played":"-6594029325908618848","potions_obtained":[{"floor":2,"key":"Swift Potion"},{"floor":6,"key":"Energy Potion"},{"floor":14,"key":"EntropicBrew"},{"floor":44,"key":"DistilledChaos"},{"floor":47,"key":"SmokeBomb"}],"is_trial":false,"path_per_floor":["M","M","?","?","?","E","M","R","T","M","?","$","M","M","R","B",null,"M","M","?","M","M","E","$","E","T","R","?","E","M","M","R","B",null,"M","?","?","?","$","R","E","?","T","E","R","M","M","E","R","B","B",null,"R","$","E","B",null],"character_chosen":"WATCHER","items_purchased":["Crescendo+1","Sanctity+1","testmod-AdversityCounterattack","LessonLearned","bronze:BurnAndBuffPotion","ClockworkSouvenir","testmod-AssaultLearning","Akabeko"],"campfire_rested":0,"item_purchase_floors":[12,12,24,39,54,54,54,54],"current_hp_per_floor":[61,61,61,50,50,50,49,49,49,51,28,28,30,30,30,39,61,64,67,67,68,52,54,54,57,57,68,51,53,56,58,68,43,62,65,53,45,45,45,60,63,63,63,64,68,68,52,63,68,53,68,68,68,68,42,15],"gold":169,"neow_bonus":"THREE_ENEMY_KILL","is_daily":false,"chose_seed":false,"campfire_upgraded":7,"win_rate":0.0,"timestamp":1613309721,"path_taken":["M","M","?","?","?","E","M","R","T","?","?","$","M","M","R","BOSS","M","M","?","M","M","E","$","E","T","R","?","E","M","M","R","BOSS","M","?","?","?","$","R","E","?","T","E","R","M","M","E","R","BOSS","BOSS","R","$","E","BOSS"],"items_purchased_type":["Card","Card","Card","Card","Potion","Relic","Relic","Relic"],"build_version":"2020-12-22","purchased_purges":4,"victory":true,"max_hp_per_floor":[68,68,68,68,68,68,68,68,68,68,68,68,68,68,68,68,68,68,68,68,68,68,68,68,68,68,68,68,68,68,68,68,68,68,68,68,68,68,68,68,68,68,68,68,68,68,68,68,68,68,68,68,68,68,68,68],"card_choices":[{"not_picked":["Prostrate","EmptyFist"],"picked":"EmptyBody","floor":1},{"not_picked":["Nirvana","Halt"],"picked":"FlurryOfBlows","floor":2},{"not_picked":["Consecrate","ThirdEye+1"],"picked":"SandsOfTime","floor":6},{"not_picked":["Halt+1","FollowUp"],"picked":"Evaluate+1","floor":7},{"not_picked":["JustLucky","Consecrate"],"picked":"Meditate+1","floor":10},{"not_picked":["InnerPeace+1","Indignation+1"],"picked":"Adaptation","floor":13},{"not_picked":["ThirdEye+1","FollowUp"],"picked":"Vault+1","floor":14},{"not_picked":["Omniscience+1","DeusExMachina+1"],"picked":"SpiritShield+1","floor":16},{"not_picked":["Fasting2","WaveOfTheHand+1"],"picked":"TalkToTheHand","floor":18},{"not_picked":["FlyingSleeves","Weave","Evaluate+1"],"picked":"SKIP","floor":19},{"not_picked":["Halt+1","Prostrate+1","ThirdEye+1"],"picked":"SKIP","floor":21},{"not_picked":["LikeWater","JustLucky"],"picked":"Wireheading","floor":22},{"not_picked":["Sanctity+1","ForeignInfluence+1"],"picked":"Devotion","floor":23},{"not_picked":["EmptyFist","CrushJoints"],"picked":"BowlingBash","floor":25},{"not_picked":["CarveReality+1","FlurryOfBlows","SashWhip"],"picked":"SKIP","floor":29},{"not_picked":["CarveReality","CrushJoints","BowlingBash"],"picked":"SKIP","floor":30},{"not_picked":["CutThroughFate","Crescendo+1","CrushJoints+1"],"picked":"SKIP","floor":31},{"not_picked":["Vault+1","Alpha+1"],"picked":"Wish+1","floor":33},{"not_picked":["Meditate+1","PathToVictory+1","EmptyFist+1"],"picked":"SKIP","floor":35},{"not_picked":["Meditate+1","Worship+1"],"picked":"Nirvana","floor":41},{"not_picked":["Swivel+1","TalkToTheHand"],"picked":"Omniscience+1","floor":44},{"not_picked":["Consecrate","Wireheading","FlurryOfBlows+1"],"picked":"SKIP","floor":46},{"not_picked":["Indignation+1","JustLucky","CrushJoints"],"picked":"SKIP","floor":47},{"not_picked":["FlyingSleeves","Evaluate+1","Crescendo+1"],"picked":"SKIP","floor":48},{"not_picked":["LikeWater","WheelKick"],"picked":"Adaptation","floor":55}],"player_experience":657244,"relics_obtained":[{"floor":6,"key":"testmod-ConstraintPeriapt"},{"floor":9,"key":"Sundial"},{"floor":23,"key":"aspiration:Lifesprig"},{"floor":25,"key":"Eternal Feather"},{"floor":26,"key":"Smiling Mask"},{"floor":29,"key":"Bottled Lightning"},{"floor":37,"key":"FossilizedHelix"},{"floor":41,"key":"Toy Ornithopter"},{"floor":44,"key":"Bird Faced Urn"},{"floor":48,"key":"Omamori"},{"floor":55,"key":"InkBottle"}],"event_choices":[{"damage_healed":0,"gold_gain":75,"player_choice":"Gather Gold","damage_taken":11,"max_hp_gain":0,"max_hp_loss":0,"event_name":"World of Goop","floor":4,"gold_loss":0},{"cards_removed":["Injury"],"damage_healed":0,"gold_gain":0,"player_choice":"Removed Curses","damage_taken":0,"max_hp_gain":0,"max_hp_loss":0,"event_name":"Fountain of Cleansing","floor":5,"gold_loss":0},{"damage_healed":0,"gold_gain":0,"player_choice":"Take Damage","damage_taken":23,"relics_obtained":["Golden Idol"],"max_hp_gain":0,"max_hp_loss":0,"event_name":"Golden Idol","floor":11,"gold_loss":0},{"damage_healed":0,"gold_gain":0,"player_choice":"Embrace Madness","damage_taken":12,"max_hp_gain":0,"max_hp_loss":0,"event_name":"Winding Halls","floor":36,"gold_loss":0,"cards_obtained":["Madness","Madness"]},{"damage_healed":0,"gold_gain":0,"player_choice":"Fight","damage_taken":0,"max_hp_gain":0,"max_hp_loss":0,"event_name":"Mysterious Sphere","floor":37,"gold_loss":0},{"cards_removed":["Strike_P"],"damage_healed":0,"gold_gain":0,"player_choice":"Removed Attack","damage_taken":0,"max_hp_gain":0,"max_hp_loss":0,"event_name":"Falling","floor":38,"gold_loss":0},{"damage_healed":0,"gold_gain":0,"player_choice":"Ignored","damage_taken":0,"max_hp_gain":0,"max_hp_loss":0,"event_name":"Tomb of Lord Red Mask","floor":42,"gold_loss":0}],"is_beta":false,"boss_relics":[{"not_picked":["aspiration:RitualDagger","aspiration:SecretTechniqueScroll"],"picked":"testmod-Recursion"},{"not_picked":["Cursed Key","Fusion Hammer"],"picked":"testmod-IncinerationGenerator"}],"items_purged_floors":[12,24,39,54],"is_endless":false,"potions_floor_spawned":[2,6,14,16,18,19,21,22,31,33,44,46,47,55],"ascension_level":20}}