{"host":"hk3n60c9tb8azi3z","time":1613294539,"event":{"mods":["AchievementEnabler","BaseMod","Minty Spire (QoL Compilation)","Relic Sorter","Relic Stats"],"gold_per_floor":[109,109,127,145,157,183,183,208,208,234,265,317,342,5,5,109,109,127,127,167,181,207,238,1,1,1,15,43,58,91,104,104,200,200,210,210,75,86,141,167,167,201,255,100,117,130,162,182,182,182,182,182,31,59,59],"floor_reached":56,"language":"ENG","playtime":6495,"items_purged":[],"score":1827,"play_id":"f9888c52-fecf-44d5-8c70-94000a2648fe","local_time":"20210214102219","daily_mods":["SealedDeck","Colorless Cards","DeadlyEvents"],"is_ascension_mode":true,"campfire_choices":[{"data":"Beam Cell","floor":7.0,"key":"SMITH"},{"data":"Coolheaded","floor":15.0,"key":"SMITH"},{"data":"Hologram","floor":32.0,"key":"SMITH"},{"data":"Go for the Eyes","floor":41.0,"key":"SMITH"},{"floor":49,"key":"RECALL"},{"data":"Hologram","floor":52,"key":"SMITH"}],"circlet_count":0,"master_deck":["Conserve Battery","Compile Driver","Reinforced Body","Streamline","Hologram+1","Hologram+1","Coolheaded+1","Hologram+1","Beam Cell+1","Gash","Skim+1","Chill","Gash","Rebound","Static Discharge","Compile Driver","Echo Form+1","Loop+1","Steam+1","Electrodynamics+1","Gash+1","Gash","Panacea+1","Master of Strategy+1","Fusion+1","Secret Technique+1","Self Repair+1","Self Repair+1","Aggregate+1","Stack+1","Glacier+1","Stack+1","Thunder Strike","Forethought+1","Finesse+1","Finesse+1","Biased Cognition+1","Blind+1","Clumsy","Go for the Eyes+1","Seek+1","Doubt","Go for the Eyes+1","Heatsinks+1","Coolheaded+1","Hologram+1","Aggregate+1","Fission+1"],"relics":["Cracked Core","Bronze Scales","Orichalcum","Strawberry","Frozen Egg 2","Question Card","War Paint","FossilizedHelix","Toxic Egg 2","SlaversCollar","Nilry\u0027s Codex","Cables","Centennial Puzzle","Bottled Tornado","Anchor","Emotion Chip","Cursed Key","White Beast Statue","Molten Egg 2","Pen Nib","Orrery","Boot","OrangePellets","Happy Flower"],"acts_visited":["Exordium","TheCity","TheBeyond","TheEnding"],"potions_floor_usage":[54,55],"damage_taken":[{"damage":0.0,"enemies":"2 Louse","floor":1.0,"turns":2.0},{"damage":0.0,"enemies":"Cultist","floor":3.0,"turns":3.0},{"damage":4.0,"enemies":"Small Slimes","floor":4.0,"turns":3.0},{"damage":2.0,"enemies":"Exordium Wildlife","floor":5.0,"turns":4.0},{"damage":3.0,"enemies":"3 Sentries","floor":6.0,"turns":5.0},{"damage":2.0,"enemies":"Lagavulin","floor":8.0,"turns":4.0},{"damage":6.0,"enemies":"3 Sentries","floor":10.0,"turns":4.0},{"damage":0.0,"enemies":"Gremlin Nob","floor":11.0,"turns":3.0},{"damage":6.0,"enemies":"3 Sentries","floor":13.0,"turns":4.0},{"damage":0.0,"enemies":"The Guardian","floor":16.0,"turns":7.0},{"damage":0.0,"enemies":"Chosen","floor":18.0,"turns":3.0},{"damage":0.0,"enemies":"Spheric Guardian","floor":20.0,"turns":4.0},{"damage":14.0,"enemies":"Snake Plant","floor":21.0,"turns":2.0},{"damage":0.0,"enemies":"Gremlin Leader","floor":22.0,"turns":4.0},{"damage":0.0,"enemies":"Book of Stabbing","floor":23.0,"turns":3.0},{"damage":5.0,"enemies":"Chosen and Byrds","floor":27.0,"turns":4.0},{"damage":27.0,"enemies":"Gremlin Leader","floor":28.0,"turns":3.0},{"damage":0.0,"enemies":"Centurion and Healer","floor":29.0,"turns":7.0},{"damage":0.0,"enemies":"Book of Stabbing","floor":30.0,"turns":4.0},{"damage":0.0,"enemies":"3 Cultists","floor":31.0,"turns":4.0},{"damage":0.0,"enemies":"Collector","floor":33.0,"turns":7.0},{"damage":0.0,"enemies":"3 Darklings","floor":35.0,"turns":4.0},{"damage":0.0,"enemies":"3 Shapes","floor":38.0,"turns":4.0},{"damage":0.0,"enemies":"Giant Head","floor":40.0,"turns":7.0},{"damage":0.0,"enemies":"Reptomancer","floor":42.0,"turns":6.0},{"damage":0.0,"enemies":"Jaw Worm Horde","floor":45.0,"turns":3.0},{"damage":0.0,"enemies":"Transient","floor":46.0,"turns":5.0},{"damage":0,"enemies":"Nemesis","floor":47,"turns":5},{"damage":0,"enemies":"Sphere and 2 Shapes","floor":48,"turns":4},{"damage":0,"enemies":"Donu and Deca","floor":50,"turns":5},{"damage":5,"enemies":"Shield and Spear","floor":54,"turns":4},{"damage":37,"enemies":"The Heart","floor":55,"turns":7}],"seed_played":"8194477530510371373","potions_obtained":[{"floor":4.0,"key":"FairyPotion"},{"floor":6.0,"key":"Block Potion"},{"floor":13.0,"key":"FocusPotion"},{"floor":18.0,"key":"ColorlessPotion"},{"floor":21.0,"key":"AttackPotion"},{"floor":29.0,"key":"Dexterity Potion"},{"floor":30.0,"key":"GamblersBrew"},{"floor":33.0,"key":"GamblersBrew"},{"floor":40.0,"key":"Regen Potion"},{"floor":46.0,"key":"FairyPotion"},{"floor":47,"key":"SteroidPotion"},{"floor":48,"key":"Block Potion"},{"floor":54,"key":"BlessingOfTheForge"}],"is_trial":true,"path_per_floor":["M","?","M","M","M","E","R","E","T","E","E","T","E","$","R","B",null,"M","?","M","M","E","E","$","?","T","M","E","M","E","M","R","B",null,"M","?","$","M","T","E","R","E","T","$","M","M","E","M","R","B",null,"R","$","E","B",null],"character_chosen":"DEFECT","items_purchased":["Toxic Egg 2","Loop+1","Steam+1","Secret Technique+1","Self Repair+1","Biased Cognition+1","Orrery","OrangePellets"],"campfire_rested":0,"item_purchase_floors":[14,14,14,24,24,37,44,53],"current_hp_per_floor":[75,75,75,71,69,66,66,64,71,65,65,65,59,59,59,59,82,82,66,66,52,52,52,52,52,52,57,40,70,80,82,82,82,82,82,72,72,82,82,82,82,82,82,82,82,82,82,82,82,82,82,82,82,82,65],"gold":59,"neow_bonus":"","is_daily":false,"chose_seed":false,"campfire_upgraded":5,"win_rate":0.0,"timestamp":1613294539,"path_taken":["M","?","M","M","M","E","R","E","T","E","?","?","E","$","R","BOSS","M","?","?","?","?","E","$","?","T","M","E","M","E","M","R","BOSS","M","?","?","M","?","E","R","E","T","$","?","M","E","M","R","BOSS","R","$","E","BOSS"],"items_purchased_type":["Relic","Card","Card","Card","Card","Card","Relic","Relic"],"build_version":"2020-12-22","purchased_purges":0,"victory":true,"max_hp_per_floor":[75,75,75,75,75,75,75,75,82,82,82,82,82,82,82,82,82,82,82,82,82,82,82,82,82,82,82,82,82,82,82,82,82,82,82,82,82,82,82,82,82,82,82,82,82,82,82,82,82,82,82,82,82,82,82],"relic_stats":{"Happy Flower":[2],"counters":[32,138],"Pen Nib":[12],"Orichalcum":[102],"War Paint":["Skim","Hologram"],"Question Card":30,"Cursed Key":2,"Boot":[18],"Cables":[76,41,30,0,5],"OrangePellets":[5],"Centennial Puzzle":[11],"Emotion Chip":[12,6,5,0,1],"Bronze Scales":[347],"obtain_stats":[{"Happy Flower":54,"Nilry\u0027s Codex":19,"Pen Nib":43,"Orichalcum":8,"Frozen Egg 2":10,"War Paint":12,"Bottled Tornado":26,"Question Card":11,"Cursed Key":34,"Boot":47,"White Beast Statue":40,"Cables":22,"SlaversCollar":17,"OrangePellets":53,"Centennial Puzzle":23,"Anchor":28,"Emotion Chip":30,"Bronze Scales":6,"Strawberry":9,"Orrery":44,"Molten Egg 2":42,"Toxic Egg 2":14,"Cracked Core":0,"FossilizedHelix":13},{"Happy Flower":31,"Nilry\u0027s Codex":11,"Pen Nib":25,"Orichalcum":6,"Frozen Egg 2":7,"War Paint":8,"Bottled Tornado":15,"Question Card":8,"Cursed Key":21,"Boot":28,"White Beast Statue":24,"Cables":14,"SlaversCollar":10,"OrangePellets":30,"Centennial Puzzle":15,"Anchor":17,"Emotion Chip":19,"Bronze Scales":5,"Strawberry":6,"Orrery":25,"Molten Egg 2":25,"Toxic Egg 2":9,"Cracked Core":0,"FossilizedHelix":9},{"Happy Flower":131,"Nilry\u0027s Codex":42,"Pen Nib":105,"Orichalcum":21,"Frozen Egg 2":25,"War Paint":28,"Bottled Tornado":55,"Question Card":28,"Cursed Key":84,"Boot":118,"White Beast Statue":99,"Cables":52,"SlaversCollar":39,"OrangePellets":127,"Centennial Puzzle":55,"Anchor":62,"Emotion Chip":73,"Bronze Scales":17,"Strawberry":21,"Orrery":105,"Molten Egg 2":105,"Toxic Egg 2":32,"Cracked Core":0,"FossilizedHelix":32}]},"card_choices":[{"not_picked":["Enlightenment","Ball Lightning"],"picked":"Skim","floor":1.0},{"not_picked":["Deep Breath","Compile Driver"],"picked":"Chill","floor":3.0},{"not_picked":["Jack Of All Trades","Barrage"],"picked":"Gash","floor":4.0},{"not_picked":["Double Energy","Barrage"],"picked":"Rebound","floor":5.0},{"not_picked":["Chrysalis","Impatience"],"picked":"Static Discharge","floor":6.0},{"not_picked":["Streamline","Redo"],"picked":"Compile Driver","floor":8.0},{"not_picked":["Redo","Cold Snap","Compile Driver"],"picked":"SKIP","floor":10.0},{"not_picked":["Go for the Eyes","Discovery"],"picked":"Echo Form+1","floor":11.0},{"not_picked":["Beam Cell","Leap","Lockon","The Bomb"],"picked":"SKIP","floor":13.0},{"not_picked":["Secret Weapon+1","Violence+1","Multi-Cast+1"],"picked":"Electrodynamics+1","floor":16.0},{"not_picked":["Ball Lightning","Static Discharge+1","Go for the Eyes"],"picked":"Gash+1","floor":18.0},{"not_picked":["Sweeping Beam","Ball Lightning+1","Electrodynamics+1"],"picked":"Gash","floor":20.0},{"not_picked":["Reinforced Body+1","Leap+1","Gash"],"picked":"Panacea+1","floor":21.0},{"not_picked":["Discovery+1","Melter+1","Finesse+1"],"picked":"Master of Strategy+1","floor":22.0},{"not_picked":["Auto Shields+1","Redo+1","Leap+1"],"picked":"Fusion+1","floor":23.0},{"not_picked":["Ball Lightning+1","Sweeping Beam+1","Go for the Eyes+1"],"picked":"Self Repair+1","floor":27.0},{"not_picked":["Leap+1","Coolheaded+1","Rebound+1"],"picked":"Aggregate+1","floor":28.0},{"not_picked":["Turbo+1","Gash","Barrage"],"picked":"Stack+1","floor":29.0},{"not_picked":["Jack Of All Trades+1","Steam+1","Conserve Battery+1"],"picked":"Glacier+1","floor":30.0},{"not_picked":["Conserve Battery+1","Chaos+1","Secret Weapon+1"],"picked":"Stack+1","floor":31.0},{"not_picked":["Magnetism+1","Sadistic Nature+1","Core Surge"],"picked":"Thunder Strike","floor":33.0},{"not_picked":["Redo+1","Steam Power+1","Sweeping Beam","Darkness+1"],"picked":"SKIP","floor":35.0},{"not_picked":["Swift Strike","Chrysalis+1","Mind Blast"],"picked":"Forethought+1","floor":36.0},{"not_picked":["Good Instincts+1","HandOfGreed","Enlightenment+1"],"picked":"Finesse+1","floor":36.0},{"not_picked":["Discovery+1","Forethought+1","Enlightenment+1"],"picked":"Finesse+1","floor":36.0},{"not_picked":["Barrage","Sweeping Beam+1","Cold Snap"],"picked":"Blind+1","floor":38.0},{"not_picked":["Stack+1","Cold Snap+1","Conserve Battery+1"],"picked":"Go for the Eyes","floor":40.0},{"not_picked":["Meteor Strike+1","Redo+1","Rebound+1"],"picked":"Seek+1","floor":42.0},{"not_picked":["Reprogram+1","Discovery+1","Beam Cell+1"],"picked":"Go for the Eyes+1","floor":44.0},{"not_picked":["Good Instincts+1","Sweeping Beam+1","Forethought+1"],"picked":"Heatsinks+1","floor":44.0},{"not_picked":["BootSequence+1","Thinking Ahead+1","Recycle+1"],"picked":"Coolheaded+1","floor":44.0},{"not_picked":["Steam+1","Steam Power+1","Scrape+1"],"picked":"Hologram+1","floor":44.0},{"not_picked":["Blizzard+1","Purity+1","Ball Lightning+1","Barrage+1"],"picked":"SKIP","floor":45.0},{"not_picked":["Rebound+1","Jack Of All Trades+1","Discovery+1","Sweeping Beam+1"],"picked":"SKIP","floor":46.0},{"not_picked":["Compile Driver+1","Consume+1","Transmutation+1"],"picked":"Aggregate+1","floor":47},{"not_picked":["Sweeping Beam+1","Conserve Battery+1","Compile Driver+1","Leap+1"],"picked":"SKIP","floor":48},{"not_picked":["Beam Cell+1","Leap+1","Gash+1"],"picked":"Fission+1","floor":54}],"player_experience":1686760,"relics_obtained":[{"floor":6.0,"key":"Bronze Scales"},{"floor":8.0,"key":"Orichalcum"},{"floor":9.0,"key":"Strawberry"},{"floor":10.0,"key":"Frozen Egg 2"},{"floor":11.0,"key":"Question Card"},{"floor":12.0,"key":"War Paint"},{"floor":13.0,"key":"FossilizedHelix"},{"floor":19.0,"key":"Nilry\u0027s Codex"},{"floor":22.0,"key":"Cables"},{"floor":23.0,"key":"Centennial Puzzle"},{"floor":26.0,"key":"Bottled Tornado"},{"floor":28.0,"key":"Anchor"},{"floor":30.0,"key":"Emotion Chip"},{"floor":40.0,"key":"White Beast Statue"},{"floor":42.0,"key":"Molten Egg 2"},{"floor":43.0,"key":"Pen Nib"},{"floor":47,"key":"Boot"},{"floor":54,"key":"Happy Flower"}],"event_choices":[{"damage_healed":0.0,"max_hp_gain":0.0,"max_hp_loss":0.0,"gold_gain":0.0,"event_name":"NoteForYourself","player_choice":"Ignored","floor":2.0,"gold_loss":0.0,"damage_taken":0.0},{"damage_healed":0.0,"max_hp_gain":0.0,"max_hp_loss":0.0,"gold_gain":0.0,"event_name":"Cursed Tome","player_choice":"Obtained Book","floor":19.0,"gold_loss":0.0,"damage_taken":16.0},{"damage_healed":0.0,"max_hp_gain":0.0,"max_hp_loss":0.0,"gold_gain":0.0,"event_name":"Vampires","player_choice":"Ignored","floor":25.0,"gold_loss":0.0,"damage_taken":0.0},{"damage_healed":0.0,"max_hp_gain":0.0,"max_hp_loss":0.0,"gold_gain":0.0,"event_name":"SensoryStone","player_choice":"Memory 3","floor":36.0,"gold_loss":0.0,"damage_taken":10.0}],"is_beta":false,"boss_relics":[{"not_picked":["Busted Crown","Calling Bell"],"picked":"SlaversCollar"},{"not_picked":["Runic Dome","Velvet Choker"],"picked":"Cursed Key"}],"items_purged_floors":[],"is_endless":false,"potions_floor_spawned":[4,6,13,18,21,29,30,33,35,40,42,45,46,47,48,54],"ascension_level":1}}