{"host":"i9o21tdcc8l3o4rw","time":1613295624,"event":{"mods":["2.2 Compatiblity","Act Like it!","BaseMod","BetterRewards","Colored Map","Colored Powertips","Hubris","Infinite Spire","Jorbs\u0027s Wanderer Trilogy","Marisa????????","Menagerie","Minty Spire (QoL Compilation)","Replay The Spire","Shop Mod","StSLib","The Bladedancer","The Exalted","The Servant 0.9.4","??????REMEMod"],"gold_per_floor":[117,292,304,304,304,304,317,332,332,348,366,366,366,366,377,392,392,392,392],"floor_reached":18,"playtime":4059,"items_purged":[],"score":106,"play_id":"d0e38b0f-9c12-4fe2-a626-d5a6d09e35af","local_time":"20210214104024","is_ascension_mode":false,"campfire_choices":[{"data":"Dagger Spray","floor":6.0,"key":"SMITH"},{"floor":14,"key":"REST"},{"floor":17,"key":"REST"}],"circlet_count":0,"master_deck":["Strike_G","Strike_G","Strike_G","Strike_G","Strike_G","Defend_G","Defend_G","Defend_G","Defend_G","Defend_G","Survivor","Neutralize","Blade Dance","Dagger Spray+1","Doubt","Poisoned Stab","Distraction","Slice","Hidden Blade","Catalyst","Blade Dance","Slice","DualDimension"],"relics":["Ring of the Snake","REME_ComplimentaryCards","hubris:Towel","Bromod:ArcaneMomentum"],"acts_visited":["Exordium"],"potions_floor_usage":[18,18,18],"damage_taken":[{"damage":0.0,"enemies":"Cultist","floor":1.0,"turns":3.0},{"damage":2.0,"enemies":"Jaw Worm","floor":3.0,"turns":3.0},{"damage":13.0,"enemies":"infinitespire:Voidling","floor":7.0,"turns":4.0},{"damage":1,"enemies":"Exordium Wildlife","floor":8,"turns":4},{"damage":0,"enemies":"3 Louse","floor":10,"turns":4},{"damage":2,"enemies":"Looter","floor":11,"turns":4},{"damage":11,"enemies":"Blue Slaver","floor":15,"turns":5},{"damage":5,"enemies":"Exordium Thugs","floor":16,"turns":2},{"damage":70,"enemies":"The Guardian","floor":18,"turns":15}],"seed_played":"-1558101002427996219","potions_obtained":[{"floor":1.0,"key":"Languid Potion"},{"floor":10,"key":"AttackPotion"},{"floor":11,"key":"Swift Potion"}],"is_trial":false,"path_per_floor":["M","?","M","?","$","R","M","M","T","M","M","PTL","PTL","R","M","M","R","B"],"character_chosen":"THE_SILENT","items_purchased":[],"campfire_rested":2,"item_purchase_floors":[],"current_hp_per_floor":[70,70,68,68,68,68,55,54,54,54,52,52,52,70,59,54,70,0,0],"gold":392,"neow_bonus":"THREE_CARDS","is_daily":false,"chose_seed":false,"campfire_upgraded":1,"win_rate":0.0,"timestamp":1613295624,"path_taken":["M","?","M","?","?","R","?","M","T","M","M","PTL","PTL","R","M","M","R","BOSS"],"items_purchased_type":[],"build_version":"2020-11-29","purchased_purges":0,"victory":false,"max_hp_per_floor":[70,70,70,70,70,70,70,70,70,70,70,70,70,70,70,70,70,70,70],"card_choices":[{"not_picked":["Deflect","Dodge and Roll"],"picked":"Blade Dance","floor":0.0},{"not_picked":["All Out Attack","Backflip"],"picked":"Dagger Spray","floor":1.0},{"not_picked":["Backflip","Dodge and Roll"],"picked":"Poisoned Stab","floor":3.0},{"not_picked":["Poisoned Stab","Blade Dance"],"picked":"Distraction","floor":7},{"not_picked":["Caltrops","Prepared"],"picked":"Slice","floor":8},{"not_picked":["ReplayTheSpireMod:Speed Training","ReplayTheSpireMod:Scrap Shanks"],"picked":"Hidden Blade","floor":10},{"not_picked":["Deadly Poison","Dash"],"picked":"Catalyst","floor":11},{"not_picked":["Reflex","hubris:TrickCloak"],"picked":"Blade Dance","floor":15},{"not_picked":["Cloak And Dagger","Underhanded Strike"],"picked":"Slice","floor":16}],"player_experience":120260,"relics_obtained":[{"floor":9,"key":"Bromod:ArcaneMomentum"}],"event_choices":[{"damage_healed":0.0,"max_hp_gain":0.0,"max_hp_loss":0.0,"gold_gain":175.0,"event_name":"Liars Game","player_choice":"AGREE","floor":2.0,"gold_loss":0.0,"damage_taken":0.0,"cards_obtained":["Doubt"]}],"is_beta":false,"boss_relics":[],"items_purged_floors":[],"is_endless":false,"potions_floor_spawned":[1,10,11,15],"killed_by":"The Guardian","ascension_level":0}}