{"host":"a3wpq7kyokchzawk","time":1613308438,"event":{"mods":["BaseMod","Colored Map","Highlight Path","Minty Spire (QoL Compilation)","Permanent Neow","Potion Indicator Mod","Relic Stats","Weighted Paths"],"gold_per_floor":[109,109,109,109,121,121,155,173,173,173,62,62,16,50,50,121,121,134,134,134,134],"floor_reached":20,"language":"ENG","playtime":1553,"items_purged":[],"score":356,"play_id":"40ef8045-fc5e-4eab-a934-61ef1a78e78d","local_time":"20210214111358","is_ascension_mode":true,"campfire_choices":[{"data":"Juggernaut","floor":6,"key":"SMITH"},{"data":"True Grit","floor":10,"key":"SMITH"},{"data":"Evolve","floor":12,"key":"SMITH"},{"data":"Dark Embrace","floor":15,"key":"SMITH"}],"circlet_count":0,"master_deck":["AscendersBane","Strike_R","Strike_R","Strike_R","Strike_R","Strike_R","Defend_R","Defend_R","Defend_R","Defend_R","Bash+1","Juggernaut+1","Sword Boomerang","Shrug It Off","True Grit+1","Evolve+1","Finesse","True Grit","Dark Embrace+1","Berserk","Iron Wave","RitualDagger"],"relics":["Burning Blood","The Courier","MealTicket","Eternal Feather","SlaversCollar"],"acts_visited":["Exordium","TheCity"],"potions_floor_usage":[16,20],"damage_taken":[{"damage":8,"enemies":"2 Louse","floor":1,"turns":4},{"damage":12,"enemies":"Small Slimes","floor":5,"turns":4},{"damage":52,"enemies":"Lagavulin","floor":7,"turns":7},{"damage":12,"enemies":"Jaw Worm","floor":8,"turns":3},{"damage":26,"enemies":"3 Sentries","floor":14,"turns":7},{"damage":27,"enemies":"Hexaghost","floor":16,"turns":13},{"damage":35,"enemies":"Spheric Guardian","floor":18,"turns":7},{"damage":28,"enemies":"Masked Bandits","floor":20,"turns":2}],"seed_played":"1069846496249798213","potions_obtained":[{"floor":8,"key":"Swift Potion"},{"floor":18,"key":"CultistPotion"}],"is_trial":false,"path_per_floor":["M","?","?","?","M","R","E","M","T","R","$","R","$","E","R","B",null,"M","?","?"],"character_chosen":"IRONCLAD","items_purchased":["Evolve","Finesse","True Grit"],"campfire_rested":0,"item_purchase_floors":[11,11,13],"current_hp_per_floor":[66,71,71,71,65,65,19,13,13,13,28,28,43,23,32,11,63,34,28,0,0],"gold":134,"neow_bonus":"ONE_RANDOM_RARE_CARD","is_daily":false,"chose_seed":false,"campfire_upgraded":4,"win_rate":0.0,"timestamp":1613308438,"path_taken":["M","?","?","?","M","R","E","?","T","R","$","R","?","E","R","BOSS","M","?","?"],"items_purchased_type":["Card","Card","Card"],"build_version":"2020-12-22","purchased_purges":0,"victory":false,"max_hp_per_floor":[75,80,80,80,80,80,80,80,80,80,80,80,80,80,80,80,80,80,80,80,80],"relic_stats":{"counters":[8,47],"MealTicket":30,"Eternal Feather":9,"obtain_stats":[{"SlaversCollar":17,"MealTicket":9,"Eternal Feather":14,"The Courier":7,"Burning Blood":0},{"SlaversCollar":6,"MealTicket":4,"Eternal Feather":5,"The Courier":3,"Burning Blood":0},{"SlaversCollar":38,"MealTicket":18,"Eternal Feather":25,"The Courier":15,"Burning Blood":0}],"Burning Blood":42},"card_choices":[{"not_picked":["Headbutt","Clothesline"],"picked":"Sword Boomerang","floor":1},{"not_picked":["Reckless Charge","Thunderclap"],"picked":"Shrug It Off","floor":5},{"not_picked":["Perfected Strike","Warcry","Double Tap"],"picked":"SKIP","floor":7},{"not_picked":["Headbutt","Clash"],"picked":"True Grit","floor":8},{"not_picked":["Headbutt","Flex"],"picked":"Dark Embrace","floor":14},{"not_picked":["Brutality","Bludgeon"],"picked":"Berserk","floor":16},{"not_picked":["True Grit","Anger"],"picked":"Iron Wave","floor":18}],"player_experience":2715289,"relics_obtained":[{"floor":7,"key":"The Courier"},{"floor":9,"key":"MealTicket"},{"floor":14,"key":"Eternal Feather"}],"event_choices":[{"damage_healed":0,"gold_gain":0,"player_choice":"Donut","damage_taken":0,"max_hp_gain":5,"max_hp_loss":0,"event_name":"Big Fish","floor":2,"gold_loss":0},{"damage_healed":0,"gold_gain":0,"player_choice":"Ignored","damage_taken":0,"max_hp_gain":0,"max_hp_loss":0,"event_name":"Shining Light","floor":3,"gold_loss":0},{"damage_healed":0,"gold_gain":0,"player_choice":"Upgraded","damage_taken":0,"max_hp_gain":0,"max_hp_loss":0,"event_name":"Upgrade Shrine","floor":4,"gold_loss":0,"cards_upgraded":["Bash"]},{"damage_healed":0,"gold_gain":0,"player_choice":"Joined the Cult","damage_taken":6,"max_hp_gain":0,"max_hp_loss":0,"event_name":"Nest","floor":19,"gold_loss":0,"cards_obtained":["RitualDagger"]},{"damage_healed":0,"gold_gain":0,"player_choice":"Fought Bandits","damage_taken":0,"max_hp_gain":0,"max_hp_loss":0,"event_name":"Masked Bandits","floor":20,"gold_loss":0}],"is_beta":false,"boss_relics":[{"not_picked":["Coffee Dripper","Tiny House"],"picked":"SlaversCollar"}],"items_purged_floors":[],"is_endless":false,"potions_floor_spawned":[8,18],"killed_by":"Masked Bandits","ascension_level":20}}