{"host":"i4d8tgqbnmcnjm0a","time":1613328354,"event":{"mods":["BaseMod","Keyboard Shortcuts","Minty Spire (QoL Compilation)"],"gold_per_floor":[109,122,133,144,163,163,197,212,238,238,203,236,250,275,275,371,371,382,392,392,103,115,115,129,162,216,234,234,234,40,54,54,159,159,169,169,169,188,188,216,216,216,216],"floor_reached":42,"language":"ENG","playtime":2813,"items_purged":["Strike_R"],"score":588,"play_id":"03ce9ef7-306c-4631-a7af-2fc8473ae5c8","local_time":"20210214134554","is_ascension_mode":true,"campfire_choices":[{"data":"Brutality","floor":6,"key":"SMITH"},{"floor":10,"key":"REST"},{"data":"Berserk","floor":15,"key":"SMITH"},{"floor":23,"key":"REST"},{"floor":28,"key":"REST"},{"floor":32,"key":"REST"},{"floor":41,"key":"REST"}],"circlet_count":0,"master_deck":["Strike_R+1","Strike_R","Strike_R","Strike_R","Defend_R","Defend_R","Defend_R","Defend_R","Bash+1","Perfected Strike","Shrug It Off","Brutality+1","Blood for Blood","Thunderclap","Berserk+1","Pommel Strike+1","Immolate","Warcry+1","Blood for Blood","Violence","Perfected Strike+1","Headbutt","Limit Break","Reaper","Pummel+1","Perfected Strike","Shockwave+1"],"relics":["Burning Blood","NeowsBlessing","Ornamental Fan","Lantern","Pantograph","Whetstone","Mark of Pain","Tiny Chest","Potion Belt","Velvet Choker","Frozen Egg 2","Calipers"],"acts_visited":["Exordium","TheCity","TheBeyond"],"potions_floor_usage":[7,14,16,18,24,24,25,33,33,33,40],"damage_taken":[{"damage":0,"enemies":"Cultist","floor":1,"turns":1},{"damage":0,"enemies":"Jaw Worm","floor":2,"turns":1},{"damage":0,"enemies":"Small Slimes","floor":3,"turns":1},{"damage":18,"enemies":"Blue Slaver","floor":4,"turns":3},{"damage":8,"enemies":"Exordium Thugs","floor":5,"turns":4},{"damage":36,"enemies":"Lagavulin","floor":7,"turns":5},{"damage":9,"enemies":"Large Slime","floor":8,"turns":6},{"damage":18,"enemies":"Gremlin Nob","floor":12,"turns":3},{"damage":16,"enemies":"Exordium Wildlife","floor":13,"turns":4},{"damage":13,"enemies":"3 Sentries","floor":14,"turns":4},{"damage":25,"enemies":"Slime Boss","floor":16,"turns":8},{"damage":25,"enemies":"2 Thieves","floor":18,"turns":4},{"damage":7,"enemies":"Shell Parasite","floor":19,"turns":3},{"damage":46,"enemies":"Centurion and Healer","floor":22,"turns":4},{"damage":7,"enemies":"Cultist and Chosen","floor":24,"turns":4},{"damage":30,"enemies":"Book of Stabbing","floor":25,"turns":4},{"damage":17,"enemies":"Snake Plant","floor":27,"turns":3},{"damage":3,"enemies":"Snecko","floor":31,"turns":3},{"damage":75,"enemies":"Collector","floor":33,"turns":6},{"damage":18,"enemies":"3 Shapes","floor":35,"turns":4},{"damage":13,"enemies":"Orb Walker","floor":38,"turns":2},{"damage":8,"enemies":"Nemesis","floor":40,"turns":3},{"damage":96,"enemies":"Giant Head","floor":42,"turns":7}],"seed_played":"-5261213959094181031","potions_obtained":[{"floor":3,"key":"Swift Potion"},{"floor":7,"key":"Energy Potion"},{"floor":8,"key":"EssenceOfSteel"},{"floor":13,"key":"Strength Potion"},{"floor":14,"key":"Dexterity Potion"},{"floor":22,"key":"ColorlessPotion"},{"floor":27,"key":"ElixirPotion"},{"floor":31,"key":"AttackPotion"},{"floor":33,"key":"FearPotion"}],"is_trial":false,"path_per_floor":["M","M","M","M","M","R","E","M","T","R","?","E","M","E","R","B",null,"M","M","?","$","M","R","M","E","T","M","R","?","$","M","R","B",null,"M","?","?","M","T","E","R","E"],"character_chosen":"IRONCLAD","items_purchased":["Blood for Blood","Violence","BloodPotion","Strength Potion","BlessingOfTheForge","Headbutt"],"campfire_rested":5,"item_purchase_floors":[21,21,21,30,30,30],"current_hp_per_floor":[80,80,80,68,66,66,36,33,33,57,77,65,55,48,48,54,74,55,54,54,54,14,38,53,29,29,18,42,27,27,30,55,11,67,62,62,62,55,55,53,78,0,0],"gold":216,"neow_bonus":"THREE_ENEMY_KILL","is_daily":false,"chose_seed":false,"campfire_upgraded":2,"win_rate":0.0,"timestamp":1613328354,"path_taken":["M","M","M","?","M","R","E","M","T","R","?","E","M","E","R","BOSS","M","M","?","$","M","R","M","E","T","M","R","?","$","M","R","BOSS","M","?","?","M","?","E","R","E"],"items_purchased_type":["Card","Card","Potion","Potion","Potion","Card"],"build_version":"2020-12-22","purchased_purges":1,"victory":false,"max_hp_per_floor":[80,80,80,80,80,80,80,80,80,80,80,80,80,80,80,80,80,80,80,80,80,80,80,80,80,80,80,80,85,85,85,85,85,85,85,85,85,85,85,85,85,85,85],"card_choices":[{"not_picked":["Sword Boomerang","Havoc"],"picked":"Perfected Strike","floor":1},{"not_picked":["Havoc","Wild Strike"],"picked":"Shrug It Off","floor":2},{"not_picked":["Havoc","Rage"],"picked":"Brutality","floor":3},{"not_picked":["Heavy Blade","Flex"],"picked":"Blood for Blood","floor":4},{"not_picked":["Sword Boomerang","Heavy Blade","Body Slam"],"picked":"SKIP","floor":5},{"not_picked":["Fire Breathing","Second Wind","Havoc"],"picked":"SKIP","floor":7},{"not_picked":["Uppercut","Headbutt"],"picked":"Thunderclap","floor":8},{"not_picked":["Sword Boomerang","Power Through"],"picked":"Berserk","floor":12},{"not_picked":["Shrug It Off","Heavy Blade"],"picked":"Pommel Strike","floor":13},{"not_picked":["Disarm","Clash","Cleave"],"picked":"SKIP","floor":14},{"not_picked":["Offering","Exhume"],"picked":"Immolate","floor":16},{"not_picked":["Whirlwind","Armaments","Anger"],"picked":"SKIP","floor":18},{"not_picked":["Wild Strike","Shrug It Off"],"picked":"Warcry+1","floor":19},{"not_picked":["Flex+1","Clothesline","Anger"],"picked":"SKIP","floor":22},{"not_picked":["Havoc","Inflame","Clash"],"picked":"SKIP","floor":24},{"not_picked":["Iron Wave+1","Body Slam"],"picked":"Spot Weakness","floor":25},{"not_picked":["True Grit","Wild Strike"],"picked":"Perfected Strike+1","floor":27},{"not_picked":["Warcry","Perfected Strike"],"picked":"Limit Break","floor":31},{"not_picked":["Brutality","Juggernaut"],"picked":"Reaper","floor":33},{"not_picked":["Cleave+1","Flex"],"picked":"Pummel+1","floor":35},{"not_picked":["Flex","Sentinel"],"picked":"Perfected Strike","floor":38},{"not_picked":["Power Through","Clash"],"picked":"Shockwave+1","floor":40}],"player_experience":345418,"relics_obtained":[{"floor":7,"key":"Ornamental Fan"},{"floor":9,"key":"Lantern"},{"floor":12,"key":"Pantograph"},{"floor":14,"key":"Whetstone"},{"floor":25,"key":"Tiny Chest"},{"floor":26,"key":"Potion Belt"},{"floor":39,"key":"Frozen Egg 2"},{"floor":40,"key":"Calipers"}],"event_choices":[{"damage_healed":20,"gold_gain":0,"player_choice":"Healed","damage_taken":0,"max_hp_gain":0,"max_hp_loss":0,"event_name":"The Cleric","floor":11,"gold_loss":35},{"damage_healed":0,"gold_gain":0,"player_choice":"Ignored","damage_taken":0,"max_hp_gain":0,"max_hp_loss":0,"event_name":"Ghosts","floor":20,"gold_loss":0},{"damage_healed":0,"gold_gain":0,"player_choice":"Shed Blood","damage_taken":20,"max_hp_gain":5,"max_hp_loss":0,"event_name":"Forgotten Altar","floor":29,"gold_loss":0},{"cards_removed":["Spot Weakness"],"damage_healed":0,"gold_gain":0,"player_choice":"Removed Skill","damage_taken":0,"max_hp_gain":0,"max_hp_loss":0,"event_name":"Falling","floor":36,"gold_loss":0},{"damage_healed":0,"gold_gain":0,"player_choice":"Upgraded","damage_taken":0,"max_hp_gain":0,"max_hp_loss":0,"event_name":"Upgrade Shrine","floor":37,"gold_loss":0,"cards_upgraded":["Pommel Strike"]}],"is_beta":false,"boss_relics":[{"not_picked":["Philosopher\u0027s Stone","Snecko Eye"],"picked":"Mark of Pain"},{"not_picked":["Runic Dome","Tiny House"],"picked":"Velvet Choker"}],"items_purged_floors":[30],"is_endless":false,"potions_floor_spawned":[3,7,8,13,14,22,27,31,33],"killed_by":"Giant Head","ascension_level":5}}