{"host":"KYO","time":1613278523,"event":{"mods":["ATMod(°¢èªMod)","BaseMod","Minty Spire (QoL Compilation)","Permanent Neow","Shop Mod","StSLib","SuperFastMode","TestMod","[IsaacMod]ÒÔÈö¼âËþ","¡¾ÒÅÎï¿¨ÅÆ¡¿REMEMod"],"gold_per_floor":[110,35,52,52,52,78,91,120,120,149,159,159,169,189,189,261,261,280,280,280,71,83,83,83],"floor_reached":23,"language":"ZHS","playtime":715,"items_purged":["Defend_B"],"score":622,"play_id":"9be8dadb-9930-454f-80bf-639a8b4b94d1","local_time":"20210214125523","is_ascension_mode":true,"campfire_choices":[{"data":"Coolheaded","floor":12.0,"key":"SMITH"},{"data":"Strike_B","floor":15.0,"key":"SMITH"}],"circlet_count":0,"master_deck":["AscendersBane","Strike_B+1","Strike_B","Strike_B","Strike_B","Defend_B","Defend_B","Defend_B","Zap","Dualcast","Seek","Genetic Algorithm","Coolheaded+1","Echo Form"],"relics":["Cracked Core","HushsDoor","AT_ATBox","REME_ComplimentaryCards","testmod-TestBox","HowToJump","testmod-HeartOfStrike","SatanicBible","Peace Pipe","GnawedLeaf","AT_TimeSand","Symbiotic Virus","REME_LowDesire","GuppysHairball","GuppysHead","AT_ArchangelStaff","Vajra","MerchantsRug"],"acts_visited":["Exordium","TheCity"],"potions_floor_usage":[23],"damage_taken":[{"damage":8.0,"enemies":"2 Louse","floor":1.0,"turns":3.0},{"damage":5.0,"enemies":"Small Slimes","floor":3.0,"turns":4.0},{"damage":0.0,"enemies":"Gremlin Nob","floor":6.0,"turns":2.0},{"damage":2.0,"enemies":"Jaw Worm","floor":7.0,"turns":2.0},{"damage":20.0,"enemies":"3 Sentries","floor":8.0,"turns":8.0},{"damage":0.0,"enemies":"Gremlin Nob","floor":10.0,"turns":3.0},{"damage":0.0,"enemies":"Red Slaver","floor":11.0,"turns":2.0},{"damage":1.0,"enemies":"Blue Slaver","floor":13.0,"turns":3.0},{"damage":5.0,"enemies":"Lots of Slimes","floor":14.0,"turns":3.0},{"damage":0.0,"enemies":"Slime Boss","floor":16.0,"turns":6.0},{"damage":0.0,"enemies":"2 Thieves","floor":18.0,"turns":1.0},{"damage":16,"enemies":"Shell Parasite","floor":22,"turns":3},{"damage":48,"enemies":"Slavers","floor":23,"turns":3}],"seed_played":"-2002302053702607887","potions_obtained":[{"floor":6.0,"key":"Swift Potion"},{"floor":8.0,"key":"testmod-TimePotion"},{"floor":10.0,"key":"SpeedPotion"},{"floor":14.0,"key":"SteroidPotion"},{"floor":22,"key":"SkillPotion"}],"is_trial":false,"path_per_floor":["M","?","M","?","?","E","M","E","T","E","M","R","M","M","R","B",null,"M","?","?","$","M","E"],"character_chosen":"DEFECT","items_purchased":["GuppysHairball","GuppysHead","MerchantsRug"],"campfire_rested":0,"item_purchase_floors":[17,17,21],"current_hp_per_floor":[56,56,51,44,33,33,31,11,11,11,11,11,10,5,5,5,40,40,40,50,50,34,0,0],"gold":83,"neow_bonus":"ONE_RANDOM_RARE_CARD","is_daily":false,"chose_seed":false,"campfire_upgraded":2,"win_rate":0.0,"timestamp":1613278523,"path_taken":["M","?","M","?","?","E","M","E","T","E","M","R","?","M","R","BOSS","M","?","?","?","?","E"],"items_purchased_type":["Relic","Relic","Relic"],"build_version":"2020-12-18","purchased_purges":1,"victory":false,"max_hp_per_floor":[71,71,71,71,71,71,71,71,71,71,71,71,71,71,71,71,51,51,51,51,51,51,51,51],"card_choices":[{"not_picked":["Ball Lightning","Compile Driver"],"picked":"Genetic Algorithm","floor":1.0},{"not_picked":["Hello World","Redo","Conserve Battery"],"picked":"SKIP","floor":3.0},{"not_picked":["Conserve Battery","Redo","BootSequence"],"picked":"SKIP","floor":6.0},{"not_picked":["Storm","Genetic Algorithm","Fusion"],"picked":"SKIP","floor":7.0},{"not_picked":["REME_Compress","Machine Learning","Chaos"],"picked":"SKIP","floor":8.0},{"not_picked":["AT_EMC2","Heatsinks"],"picked":"Coolheaded","floor":10.0},{"not_picked":["Gash","Turbo","Coolheaded"],"picked":"SKIP","floor":11.0},{"not_picked":["Streamline","AT_ThunderBolt","Sweeping Beam"],"picked":"SKIP","floor":13.0},{"not_picked":["Streamline","AT_ThunderBolt","Sweeping Beam"],"picked":"SKIP","floor":13.0},{"not_picked":["Auto Shields","Ball Lightning","AT_HeatAcrobatics"],"picked":"SKIP","floor":14.0},{"not_picked":["Auto Shields","Ball Lightning","AT_HeatAcrobatics"],"picked":"SKIP","floor":14.0},{"not_picked":["Seek","Meteor Strike"],"picked":"Echo Form","floor":16.0},{"not_picked":["Redo","Turbo","Rip and Tear","REME_ProfessionalPlagiarism"],"picked":"SKIP","floor":18.0},{"not_picked":["Loop","Static Discharge","Beam Cell","Forethought"],"picked":"SKIP","floor":22}],"player_experience":775660,"relics_obtained":[{"floor":6.0,"key":"Peace Pipe"},{"floor":8.0,"key":"GnawedLeaf"},{"floor":9.0,"key":"AT_TimeSand"},{"floor":10.0,"key":"Symbiotic Virus"},{"floor":17.0,"key":"AT_ArchangelStaff"},{"floor":17.0,"key":"Vajra"}],"event_choices":[{"cards_removed":["Defend_B"],"damage_healed":0.0,"max_hp_gain":0.0,"max_hp_loss":0.0,"gold_gain":0.0,"event_name":"Golden Wing","player_choice":"Card Removal","floor":4.0,"gold_loss":0.0,"damage_taken":7.0},{"damage_healed":0.0,"max_hp_gain":0.0,"max_hp_loss":0.0,"gold_gain":0.0,"event_name":"Scrap Ooze","player_choice":"Success","floor":5.0,"gold_loss":0.0,"damage_taken":11.0,"relics_obtained":["SatanicBible"]},{"damage_healed":0,"gold_gain":0,"player_choice":"0 cards matched","damage_taken":0,"max_hp_gain":0,"max_hp_loss":0,"event_name":"Match and Keep!","floor":19,"gold_loss":0,"cards_obtained":[]},{"damage_healed":10,"gold_gain":0,"player_choice":"Heal","damage_taken":0,"max_hp_gain":0,"max_hp_loss":0,"event_name":"The Library","floor":20,"gold_loss":0}],"is_beta":true,"boss_relics":[{"not_picked":["testmod-Temperance","testmod-SaigiyounoYou"],"picked":"REME_LowDesire"},{"not_picked":[]}],"items_purged_floors":[21],"is_endless":false,"potions_floor_spawned":[6,8,10,14,22],"killed_by":"Slavers","ascension_level":20}}