{"host":"c64dsqyrqv0ei9yn","time":1613326535,"event":{"mods":["BaseMod","Bestiary","Colored Map","Duelist Mod","LagranYue(ùfäiòNÅEåé)","Minty Spire (QoL Compilation)","Prisma Mod","Random Character Button","StSLib","The Alterego","The Servant 0.9.4"],"gold_per_floor":[139,139,151,205,217,217,236,246,270,280,280,293,312,312,312,418,418,434,446,315,325,325,357,357,27,52,68,68,80,152,152,152,255,255,266,316,329,68,84,84,103,131,131,131,141,161,161,173,173,173,173],"floor_reached":50,"language":"ENG","playtime":3863,"items_purged":["theDuelist:SummoningCurse"],"score":615,"play_id":"46445916-1c2c-4242-bee0-e18ab3235255","local_time":"20210214181535","is_ascension_mode":false,"campfire_choices":[{"data":"theDuelist:ScrapFactory","floor":6,"key":"SMITH"},{"data":"theDuelist:SpellShatteringArrow","floor":11,"key":"SMITH"},{"data":"theDuelist:RainbowOverdragon","floor":15,"key":"SMITH"},{"floor":24,"key":"REST"},{"floor":28,"key":"REST"},{"data":"theDuelist:WhiteHowling","floor":32,"key":"SMITH"},{"data":"theDuelist:KamionTimelord","floor":40,"key":"SMITH"},{"floor":44,"key":"REST"},{"data":"theDuelist:LightningRodLord","floor":47,"key":"SMITH"},{"data":"theDuelist:Mudora","floor":49,"key":"SMITH"}],"circlet_count":0,"master_deck":["theDuelist:ScrapFactory+1","theDuelist:PsychicShockwave","theDuelist:LightningRodLord+1","theDuelist:BeaverWarrior","theDuelist:GravityLash+1","theDuelist:KamionTimelord+1","theDuelist:SwordDeepSeated","theDuelist:GiantSoldier","theDuelist:Sparks","theDuelist:WormApocalypse","theDuelist:Sparks","theDuelist:SpellShatteringArrow+1","theDuelist:CastleWalls","theDuelist:ElectromagneticShield","theDuelist:Hinotama","theDuelist:BeaverWarrior","theDuelist:Mudora+1","theDuelist:BerserkerCrush","theDuelist:GridRod+1","theDuelist:AncientGearFist","theDuelist:FluteKuriboh","theDuelist:Predaponics","theDuelist:RainbowOverdragon+1","theDuelist:VenomShot","theDuelist:FinalFlame","theDuelist:WhiteHowling+1","theDuelist:DarkBurningAttack","theDuelist:GiantSoldier","theDuelist:Tuningware","theDuelist:CastleWalls","theDuelist:BlackPendant+1","theDuelist:KamionTimelord+1","theDuelist:YamiForm+1","theDuelist:DarkBurningMagic+1","theDuelist:Electrowhip+1","theDuelist:ForbiddenLance+3"],"relics":["theDuelist:MillenniumPuzzle","theDuelist:CardPoolRelic","theDuelist:CardPoolBasicRelic","theDuelist:BoosterPackPoolRelic","theDuelist:CardPoolAddRelic","theDuelist:CardPoolMinusRelic","theDuelist:CardPoolSaveRelic","theDuelist:CardPoolOptionsRelic","NeowsBlessing","theDuelist:MillenniumSymbol","theDuelist:ElectricBurst","theDuelist:ResummonBranch","Calipers","PreservedInsect","Busted Crown","Strawberry","Pantograph","Bag of Preparation","Pear","Anchor","LagranYue:ContractPerformanceRelic","TungstenRod","Mercury Hourglass","theDuelist:BoosterPackSpellEgg","Omamori"],"acts_visited":["Exordium","TheCity","TheBeyond"],"potions_floor_usage":[50],"damage_taken":[{"damage":0,"enemies":"Cultist","floor":1,"turns":1},{"damage":0,"enemies":"2 Louse","floor":3,"turns":1},{"damage":0,"enemies":"2 Louse","floor":4,"turns":1},{"damage":0,"enemies":"Jaw Worm","floor":5,"turns":4},{"damage":2,"enemies":"Large Slime","floor":7,"turns":5},{"damage":12,"enemies":"Gremlin Gang","floor":8,"turns":4},{"damage":11,"enemies":"Exordium Thugs","floor":10,"turns":6},{"damage":0,"enemies":"Exordium Wildlife","floor":12,"turns":2},{"damage":0,"enemies":"Blue Slaver","floor":13,"turns":2},{"damage":9,"enemies":"Slime Boss","floor":16,"turns":7},{"damage":0,"enemies":"Shell Parasite","floor":18,"turns":3},{"damage":6,"enemies":"Spheric Guardian","floor":19,"turns":4},{"damage":10,"enemies":"Cultist and Chosen","floor":21,"turns":3},{"damage":44,"enemies":"Gremlin Leader","floor":23,"turns":5},{"damage":17,"enemies":"Snake Plant","floor":27,"turns":5},{"damage":8,"enemies":"Centurion and Healer","floor":29,"turns":3},{"damage":26,"enemies":"Collector","floor":33,"turns":7},{"damage":2,"enemies":"Orb Walker","floor":35,"turns":3},{"damage":19,"enemies":"Mind Bloom Boss Battle","floor":36,"turns":4},{"damage":0,"enemies":"3 Shapes","floor":37,"turns":3},{"damage":0,"enemies":"Writhing Mass","floor":39,"turns":4},{"damage":37,"enemies":"Transient","floor":41,"turns":5},{"damage":0,"enemies":"Nemesis","floor":42,"turns":5},{"damage":0,"enemies":"4 Shapes","floor":45,"turns":1},{"damage":0,"enemies":"Sphere and 2 Shapes","floor":46,"turns":4},{"damage":13,"enemies":"3 Darklings","floor":48,"turns":3},{"damage":83,"enemies":"Awakened One","floor":50,"turns":6}],"seed_played":"-336702584657036545","potions_obtained":[{"floor":1,"key":"theDuelist:BottledKuriboh"},{"floor":5,"key":"PowerPotion"},{"floor":7,"key":"Fire Potion"},{"floor":13,"key":"theDuelist:BigTributeBottle"}],"is_trial":false,"path_per_floor":["M","?","M","?","M","R","M","M","T","M","R","M","M","?","R","B",null,"M","M","$","M","?","E","R","$","T","M","R","M","T","T","R","B",null,"M","?","M","$","M","R","M","E","T","R","M","M","R","M","R","B"],"character_chosen":"THE_DUELIST","items_purchased":["theDuelist:ElectromagneticShield","theDuelist:SwordDeepSeated","theDuelist:Tuningware","Pantograph","Mercury Hourglass"],"campfire_rested":3,"item_purchase_floors":[20,20,20,25,38],"current_hp_per_floor":[80,80,80,80,80,80,78,66,66,55,55,55,55,55,55,46,80,80,74,74,64,64,27,53,53,53,36,62,54,64,64,64,63,97,95,78,78,78,78,78,41,41,41,70,70,70,70,57,57,0,0],"gold":173,"neow_bonus":"THREE_ENEMY_KILL","is_daily":false,"chose_seed":false,"campfire_upgraded":7,"win_rate":0.0,"timestamp":1613326535,"path_taken":["M","?","M","?","M","R","M","M","T","M","R","M","?","?","R","BOSS","M","M","$","?","?","E","R","$","T","?","R","M","?","?","R","BOSS","M","?","M","$","M","R","M","E","T","R","M","M","R","M","R","BOSS"],"items_purchased_type":["Card","Card","Card","Relic","Relic"],"build_version":"2020-12-22","purchased_purges":1,"victory":false,"max_hp_per_floor":[80,80,80,80,80,80,80,80,80,80,80,80,80,80,80,80,80,80,80,80,80,80,87,87,87,87,87,87,87,97,97,97,97,97,97,97,97,97,97,97,97,97,97,97,97,97,97,97,97,97,97],"card_choices":[{"not_picked":["theDuelist:MeteorDestruction","theDuelist:BigFire","theDuelist:EgoBoost","theDuelist:ScrapFactory"],"picked":"theDuelist:FluteKuriboh","floor":1},{"not_picked":["theDuelist:CombinationAttack","theDuelist:OnslaughtFireKings","theDuelist:FluteKuriboh","theDuelist:DarkBurningMagic"],"picked":"theDuelist:Hinotama","floor":3},{"not_picked":["theDuelist:DarklordSuperbia","theDuelist:Fissure","theDuelist:Hinotama","theDuelist:Sangan"],"picked":"theDuelist:Mudora","floor":4},{"not_picked":["theDuelist:SangaEarth","theDuelist:RainbowNeos","theDuelist:CharcoalInpachi","theDuelist:Sangan"],"picked":"theDuelist:WormApocalypse","floor":5},{"not_picked":["theDuelist:MeteorDestruction","theDuelist:FluteKuriboh","theDuelist:WhiteMagicalHat","theDuelist:OnslaughtFireKings"],"picked":"theDuelist:DarkBurningAttack","floor":7},{"not_picked":["theDuelist:Hinotama","theDuelist:DoubleTool","theDuelist:CoreBlaster","theDuelist:UnderworldCannon"],"picked":"theDuelist:SpellShatteringArrow","floor":8},{"not_picked":["theDuelist:BreakDraw","theDuelist:BerserkerCrush"],"picked":"theDuelist:AncientGearFist","floor":10},{"not_picked":["theDuelist:RainbowNeos","theDuelist:Eva","theDuelist:BlueBloodedOni","theDuelist:RedHeadedOni"],"picked":"theDuelist:RainbowOverdragon","floor":12},{"not_picked":["theDuelist:Downbeat","theDuelist:FrontierWiseman","theDuelist:BattleFootballer","theDuelist:BreakDraw"],"picked":"theDuelist:BerserkerCrush","floor":13},{"not_picked":["theDuelist:RainbowNeos","theDuelist:HappyLover","theDuelist:Eva","theDuelist:RainbowKuriboh"],"picked":"theDuelist:KamionTimelord","floor":16},{"not_picked":["theDuelist:GemElephant","theDuelist:PotDichotomy"],"picked":"theDuelist:LightningRodLord","floor":18},{"not_picked":["theDuelist:WhiteHowling","theDuelist:PineappleBlast"],"picked":"theDuelist:PsychicShockwave","floor":19},{"not_picked":["theDuelist:WhiteMagicalHat+1","theDuelist:Eva","theDuelist:SwordDeepSeated"],"picked":"SKIP","floor":21},{"not_picked":["theDuelist:DoubleTool","theDuelist:CircleFireKings"],"picked":"theDuelist:Predaponics","floor":23},{"not_picked":["theDuelist:ImperialOrder","theDuelist:GravityAxe","theDuelist:ElectromagneticShield"],"picked":"theDuelist:WhiteHowling","floor":27},{"not_picked":["theDuelist:CombinationAttack+1","theDuelist:MagnumShield"],"picked":"theDuelist:VenomShot","floor":29},{"not_picked":["theDuelist:Raigeki","theDuelist:InstantFusion"],"picked":"theDuelist:GravityLash+1","floor":33},{"not_picked":["theDuelist:WhiteHowling+1","theDuelist:ElectromagneticShield+1"],"picked":"theDuelist:GridRod+1","floor":35},{"not_picked":["theDuelist:Hinotama+1","theDuelist:BigFire","theDuelist:RainbowNeos+1"],"picked":"SKIP","floor":37},{"not_picked":["theDuelist:CircleFireKings+1","theDuelist:SparkBlaster+1"],"picked":"theDuelist:BlackPendant+1","floor":39},{"not_picked":["theDuelist:HappyLover+1","theDuelist:PotForbidden"],"picked":"theDuelist:KamionTimelord+1","floor":41},{"not_picked":["theDuelist:GridRod+1","theDuelist:MillenniumShield"],"picked":"theDuelist:YamiForm+1","floor":42},{"not_picked":["theDuelist:VenomShot+1","theDuelist:FusionFire+1"],"picked":"theDuelist:DarkBurningMagic+1","floor":45},{"not_picked":["theDuelist:DoubleTool+2","theDuelist:DeltaAttacker+1"],"picked":"theDuelist:Electrowhip+1","floor":46},{"not_picked":["theDuelist:GraniteLoyalist+1","theDuelist:MillenniumGolem"],"picked":"theDuelist:ForbiddenLance+3","floor":48}],"player_experience":61086,"relics_obtained":[{"floor":4,"key":"theDuelist:ElectricBurst"},{"floor":4,"key":"theDuelist:ResummonBranch"},{"floor":4,"key":"Calipers"},{"floor":9,"key":"PreservedInsect"},{"floor":23,"key":"Strawberry"},{"floor":26,"key":"Bag of Preparation"},{"floor":30,"key":"Pear"},{"floor":31,"key":"Anchor"},{"floor":36,"key":"TungstenRod"},{"floor":42,"key":"theDuelist:BoosterPackSpellEgg"},{"floor":43,"key":"Omamori"}],"event_choices":[{"damage_healed":0,"gold_gain":0,"player_choice":"Took item - Received: Millennium Symbol","duelist":true,"damage_taken":0,"max_hp_gain":0,"max_hp_loss":0,"event_name":"Millennium Items","floor":2,"gold_loss":0},{"damage_healed":0,"gold_gain":0,"player_choice":"Fight","duelist":true,"damage_taken":0,"max_hp_gain":0,"max_hp_loss":0,"event_name":"Battle City","floor":4,"gold_loss":0},{"damage_healed":0,"gold_gain":0,"player_choice":"Leave","duelist":true,"damage_taken":0,"max_hp_gain":0,"max_hp_loss":0,"event_name":"Card Trader","floor":14,"gold_loss":0},{"damage_healed":0,"gold_gain":0,"player_choice":"Ignored","damage_taken":0,"max_hp_gain":0,"max_hp_loss":0,"event_name":"N\u0027loth","floor":22,"gold_loss":0},{"damage_healed":0,"gold_gain":0,"player_choice":"Fight","damage_taken":0,"max_hp_gain":0,"max_hp_loss":0,"event_name":"MindBloom","floor":36,"gold_loss":0}],"is_beta":false,"boss_relics":[{"not_picked":["theDuelist:GamblerChip","theDuelist:MillenniumKey"],"picked":"Busted Crown"},{"not_picked":["Velvet Choker","Astrolabe"],"picked":"LagranYue:ContractPerformanceRelic"}],"items_purged_floors":[25],"is_endless":false,"potions_floor_spawned":[1,5,7,10,13,19,33,36,39,42,46],"killed_by":"Awakened One","ascension_level":0}}