{"host":"lf1yj6sxagf80nuh","time":1613333545,"event":{"mods":["Aspiration","BaseMod","Colored Map","Colored Powertips","DeckTracker","Hermit","Highlight Path","Minty Spire (QoL Compilation)","Quick Restart","StSLib","The Bug Knight"],"gold_per_floor":[123,135,159,171,198,235,247,270,309,337,377,389,401,424,436,549,561,585,609,632,659,671,683,724,753,819,831,843,843],"floor_reached":28,"language":"ENG","playtime":2549,"items_purged":[],"score":302,"play_id":"df71b27e-0539-40ac-b521-7fb6f55d4611","local_time":"20210214171225","is_ascension_mode":false,"campfire_choices":[{"floor":7,"key":"REST"},{"data":"HollowMod:SoulEater","floor":13,"key":"SMITH"},{"data":"HollowMod:ZotesMagnificence","floor":15,"key":"SMITH"},{"floor":23,"key":"REST"},{"floor":27,"key":"REST"}],"circlet_count":0,"master_deck":["HollowMod:NailStrikeStart","HollowMod:NailStrikeStart","HollowMod:NailStrikeStart","HollowMod:NailStrikeStart","HollowMod:QuickDashStart+1","HollowMod:QuickDashStart","HollowMod:QuickDashStart","HollowMod:QuickDashStart","HollowMod:FocusHealStart","HollowMod:PogoStrike","HollowMod:SoulSplash","HollowMod:HeavyBlow+1","HollowMod:SoulStrike","HollowMod:PureNailStrike","HollowMod:GrimmsGift","HollowMod:GoodIntentions","HollowMod:SoulEater+1","HollowMod:ZotesMagnificence+1","HollowMod:Hiveblood","HollowMod:GreatSlash+1","HollowMod:MonarchWings","HollowMod:CycloneSlash"],"relics":["HollowMod:VesselMask","MawBank","Lantern","aspiration:Lifesprig","FossilizedHelix","aspiration:IroncladSkillbook","Sundial","PreservedInsect"],"acts_visited":["Exordium","TheCity"],"potions_floor_usage":[10,11,14,16,20,21,24,25],"damage_taken":[{"damage":1,"enemies":"Cultist","floor":1,"turns":3},{"damage":5,"enemies":"Small Slimes","floor":3,"turns":2},{"damage":0,"enemies":"2 Louse","floor":5,"turns":2},{"damage":26,"enemies":"3 Sentries","floor":6,"turns":8},{"damage":0,"enemies":"2 Fungi Beasts","floor":8,"turns":2},{"damage":0,"enemies":"Exordium Wildlife","floor":10,"turns":3},{"damage":10,"enemies":"Lagavulin","floor":11,"turns":5},{"damage":0,"enemies":"Large Slime","floor":14,"turns":3},{"damage":0,"enemies":"Slime Boss","floor":16,"turns":5},{"damage":33,"enemies":"HollowMod:HuskSentry","floor":18,"turns":7},{"damage":30,"enemies":"Spheric Guardian","floor":19,"turns":4},{"damage":10,"enemies":"Snake Plant","floor":20,"turns":4},{"damage":36,"enemies":"Centurion and Healer","floor":21,"turns":7},{"damage":47,"enemies":"Book of Stabbing","floor":24,"turns":6},{"damage":47,"enemies":"Sentry and Sphere","floor":25,"turns":6},{"damage":32,"enemies":"Slavers","floor":28,"turns":3}],"seed_played":"-3208515474323148584","potions_obtained":[{"floor":1,"key":"SpeedPotion"},{"floor":6,"key":"Explosive Potion"},{"floor":10,"key":"FearPotion"},{"floor":11,"key":"BlessingOfTheForge"},{"floor":12,"key":"AttackPotion"},{"floor":12,"key":"SpeedPotion"},{"floor":19,"key":"Ancient Potion"},{"floor":20,"key":"Fruit Juice"},{"floor":21,"key":"LiquidBronze"},{"floor":24,"key":"DuplicationPotion"}],"is_trial":false,"path_per_floor":["M","$","M","?","M","E","R","M","T","M","E","?","R","M","R","B",null,"M","M","M","M","?","R","E","M","T","R","E"],"character_chosen":"THE_BUGKNIGHT","items_purchased":[],"campfire_rested":3,"item_purchase_floors":[],"current_hp_per_floor":[74,74,69,54,54,34,56,56,56,56,52,52,52,52,52,58,75,67,50,55,38,38,62,34,15,15,39,7,7],"gold":843,"neow_bonus":"RANDOM_COMMON_RELIC","is_daily":false,"chose_seed":false,"campfire_upgraded":2,"win_rate":0.0,"timestamp":1613333545,"path_taken":["M","$","M","?","M","E","R","M","T","M","E","?","R","M","R","BOSS","M","M","?","M","?","R","E","?","T","R","E"],"items_purchased_type":[],"build_version":"2020-12-22","purchased_purges":0,"victory":false,"max_hp_per_floor":[75,75,75,75,75,75,75,75,75,75,75,75,75,75,75,75,75,75,75,80,80,80,80,80,80,80,80,80,80],"card_choices":[{"not_picked":["HollowMod:InfectionAssault","HollowMod:CloakDash"],"picked":"HollowMod:SoulSplash","floor":1},{"not_picked":["HollowMod:SharpenedNail","HollowMod:MonarchWings"],"picked":"HollowMod:HeavyBlow","floor":3},{"not_picked":["HollowMod:TaintedHusks","HollowMod:CloakDash"],"picked":"HollowMod:SoulStrike","floor":5},{"not_picked":["HollowMod:WraithStrike","HollowMod:SharpenedShadows"],"picked":"HollowMod:PureNailStrike","floor":6},{"not_picked":["HollowMod:NewLittleFool","HollowMod:CornifersMapStart"],"picked":"HollowMod:GrimmsGift","floor":8},{"not_picked":["HollowMod:TaintedHusks","HollowMod:FallenFury"],"picked":"HollowMod:GoodIntentions","floor":10},{"not_picked":["HollowMod:AbyssShriek","HollowMod:VengefulVoid"],"picked":"HollowMod:SoulEater","floor":11},{"not_picked":["HollowMod:SoulEater","HollowMod:HuntersJournal"],"picked":"HollowMod:ZotesMagnificence","floor":14},{"not_picked":["HollowMod:ElderbugsWisdom","HollowMod:MidwifesHunger"],"picked":"HollowMod:Hiveblood","floor":16},{"not_picked":["Body Slam+1","Clothesline","HollowMod:SiblingsShadow","Uppercut"],"picked":"SKIP","floor":18},{"not_picked":["HollowMod:FallenFury+1","HollowMod:CloakDash","Flame Barrier","HollowMod:VengefulVoid+1"],"picked":"SKIP","floor":19},{"not_picked":["HollowMod:CrystalDash+1","Perfected Strike","HollowMod:DoubleDash"],"picked":"HollowMod:GreatSlash+1","floor":20},{"not_picked":["Feel No Pain","Dual Wield","Headbutt","HollowMod:ShadowDash+1"],"picked":"SKIP","floor":21},{"not_picked":["HollowMod:InfectedCysts","HollowMod:SoulShaman","HollowMod:ShadowDash"],"picked":"HollowMod:CycloneSlash","floor":24},{"not_picked":["HollowMod:SoulSplash","HollowMod:HeavyBlow+1","Exhume","HollowMod:CycloneSlash"],"picked":"SKIP","floor":25}],"player_experience":429230,"relics_obtained":[{"floor":6,"key":"Lantern"},{"floor":9,"key":"aspiration:Lifesprig"},{"floor":11,"key":"FossilizedHelix"},{"floor":24,"key":"Sundial"},{"floor":26,"key":"PreservedInsect"}],"event_choices":[{"damage_healed":0,"gold_gain":0,"player_choice":"Entered Light","damage_taken":15,"max_hp_gain":0,"max_hp_loss":0,"event_name":"Shining Light","floor":4,"gold_loss":0,"cards_upgraded":["HollowMod:HeavyBlow","HollowMod:QuickDashStart"]},{"damage_healed":0,"gold_gain":0,"player_choice":"Got Potions","damage_taken":0,"max_hp_gain":0,"max_hp_loss":0,"event_name":"Lab","floor":12,"gold_loss":0},{"damage_healed":0,"gold_gain":0,"player_choice":"1 cards matched","damage_taken":0,"max_hp_gain":0,"max_hp_loss":0,"event_name":"Match and Keep!","floor":22,"gold_loss":0,"cards_obtained":["HollowMod:MonarchWings"]}],"is_beta":false,"boss_relics":[{"not_picked":["aspiration:WatcherSkillbook","SacredBark"],"picked":"aspiration:IroncladSkillbook"}],"items_purged_floors":[],"is_endless":false,"potions_floor_spawned":[1,6,10,11,19,20,21,24],"killed_by":"Slavers","ascension_level":0}}