{"host":"7t8rqoeeopyy0nh0","time":1613342215,"event":{"mods":["AchievementEnabler","Aspiration","BaseMod","Better Third Choice","BetterRewards","Colored Map","Colored Powertips","Conspire","Hubris","Minty Spire (QoL Compilation)","Permanent Neow","Quick Restart","Random Character Button","Rare Cards Sparkle","Reliquary","Replay The Spire","StSLib"],"gold_per_floor":[109,128,162,4,19,19,19,19,43,54,81,98,130,146,146,218,218,238,255,255,255,326,357,368,5,28,41,41,66,66,66,66,143,143,159,159,172,183,195,226,70,70,70,85,113,113,113],"floor_reached":46,"language":"ENG","playtime":1516,"items_purged":["ReplayTheSpireMod:Restless Dread","Strike_R"],"score":1135,"play_id":"79427ba5-b065-400e-97e0-e76a375e2ee3","local_time":"20210214173655","is_ascension_mode":true,"campfire_choices":[{"floor":6.0,"key":"REST"},{"data":"Perfected Strike","floor":8.0,"key":"SMITH"},{"data":"Limit Break","floor":15.0,"key":"SMITH"},{"floor":28,"key":"REST"},{"floor":30,"key":"REST"},{"data":"Limit Break","floor":32,"key":"SMITH"},{"floor":42,"key":"REST"}],"circlet_count":0,"master_deck":["AscendersBane","Strike_R","Strike_R","Strike_R","Strike_R","Defend_R","Defend_R","Defend_R","Defend_R","Bash","ReplayTheSpireMod:Muscle Training","Disarm+1","Blood for Blood","Perfected Strike+1","Pummel","Pommel Strike","Sword Boomerang","Armaments","Limit Break+1","Demon Form","True Grit","Cleave","Limit Break+1","Inflame","hubris:ReadiedAction","Shrug It Off","Limit Break+1","ReplayTheSpireMod:From All Sides","Flame Barrier+1","Havoc+1","Calculated Gamble","ReplayTheSpireMod:Stacked+1","Rupture","Feed"],"relics":["Burning Blood","hubris:GlazedTorus","hubris:Zylophone","reliquary:Stiletto","FaceOfCleric","Orichalcum","reliquary:WeakTea","aspiration:ChemicalBlood","reliquary:Ember","MutagenicStrength","hubris:DisguiseKit","HornCleat","ClockworkSouvenir","ReplayTheSpireMod:Lightbulb","Girya","reliquary:RedPaperclip","Bag of Preparation","reliquary:MedicineBall","Durian"],"acts_visited":["Exordium","TheCity","TheBeyond"],"potions_floor_usage":[19,23,23,24,27,29,33,33,35,38,38,39,39,40,44,45,45,46],"damage_taken":[{"damage":2.0,"enemies":"Cultist","floor":1.0,"turns":3.0},{"damage":1.0,"enemies":"Small Slimes","floor":2.0,"turns":4.0},{"damage":19.0,"enemies":"conspire:MimicChest","floor":3.0,"turns":3.0},{"damage":15.0,"enemies":"2 Louse","floor":5.0,"turns":3.0},{"damage":11.0,"enemies":"Lots of Slimes","floor":10.0,"turns":5.0},{"damage":7.0,"enemies":"Gremlin Nob","floor":11.0,"turns":3.0},{"damage":7.0,"enemies":"Exordium Wildlife","floor":12.0,"turns":4.0},{"damage":18.0,"enemies":"Lagavulin","floor":13.0,"turns":5.0},{"damage":4.0,"enemies":"Gremlin Gang","floor":14.0,"turns":2.0},{"damage":26.0,"enemies":"Hexaghost","floor":16.0,"turns":8.0},{"damage":17,"enemies":"Chosen","floor":18,"turns":4},{"damage":21,"enemies":"2 Thieves","floor":19,"turns":3},{"damage":19,"enemies":"Book of Stabbing","floor":23,"turns":5},{"damage":39,"enemies":"3 Cultists","floor":24,"turns":5},{"damage":8,"enemies":"Centurion and Healer","floor":27,"turns":4},{"damage":29,"enemies":"Gremlin Leader","floor":29,"turns":5},{"damage":26,"enemies":"conspire:MysteriousRune","floor":33,"turns":6},{"damage":15,"enemies":"3 Darklings","floor":35,"turns":4},{"damage":5,"enemies":"Orb Walker","floor":37,"turns":3},{"damage":26,"enemies":"Transient","floor":38,"turns":6},{"damage":59,"enemies":"4 Shapes","floor":39,"turns":4},{"damage":17,"enemies":"Giant Head","floor":40,"turns":5},{"damage":35,"enemies":"Spire Growth","floor":44,"turns":4},{"damage":5,"enemies":"R_Hoarder","floor":45,"turns":2},{"damage":37,"enemies":"Jaw Worm Horde","floor":46,"turns":1}],"seed_played":"-5472659382990770641","potions_obtained":[{"floor":2.0,"key":"LiquidMemories"},{"floor":5.0,"key":"BloodPotion"},{"floor":10.0,"key":"Explosive Potion"},{"floor":14.0,"key":"BloodPotion"},{"floor":23,"key":"BloodPotion"},{"floor":23,"key":"Dexterity Potion"},{"floor":24,"key":"Venom Potion"},{"floor":24,"key":"LifebloodPotion"},{"floor":24,"key":"Reflective Coating"},{"floor":29,"key":"FearPotion"},{"floor":33,"key":"FairyPotion"},{"floor":37,"key":"Dexterity Potion"},{"floor":38,"key":"AttackPotion"},{"floor":38,"key":"Fire Potion"},{"floor":40,"key":"ColorlessPotion"},{"floor":45,"key":"Strength Potion"},{"floor":45,"key":"ColorlessPotion"}],"is_trial":false,"path_per_floor":["M","M","?","$","M","R","?","R","T","M","E","M","E","M","R","B",null,"M","M","?","?","T","E","M","$","T","M","R","E","R","?","R","B",null,"M","?","M","M","M","E","$","R","T","M","E","M"],"character_chosen":"IRONCLAD","items_purchased":["hubris:GlazedTorus","ReplayTheSpireMod:Muscle Training","Disarm+1","Blood for Blood","reliquary:Stiletto","ClockworkSouvenir","Inflame","hubris:ReadiedAction","BloodPotion"],"campfire_rested":4,"item_purchase_floors":[0,0,0,0,4,25,25,25,41],"current_hp_per_floor":[37,42,29,29,20,42,42,42,42,53,53,53,42,45,45,42,71,61,47,47,47,47,51,19,19,19,18,43,21,47,47,47,28,73,65,65,67,48,23,13,13,40,40,30,37,0,0],"gold":113,"neow_bonus":"","is_daily":false,"chose_seed":false,"campfire_upgraded":3,"win_rate":0.0,"timestamp":1613342215,"path_taken":["M","M","?","?","?","R","?","R","T","M","E","?","E","M","R","BOSS","M","M","?","?","?","E","M","$","T","?","R","E","R","?","R","BOSS","M","?","M","M","M","E","?","R","T","M","E","M"],"items_purchased_type":["Relic","Card","Card","Card","Relic","Relic","Card","Card","Potion"],"build_version":"2020-12-22","purchased_purges":2,"victory":false,"max_hp_per_floor":[75,75,75,75,75,75,75,75,75,76,77,78,79,80,80,81,81,82,83,83,83,83,84,85,85,85,86,86,87,87,87,87,88,88,89,89,90,91,92,93,93,93,93,94,100,100,100],"card_choices":[{"not_picked":["True Grit","Anger"],"picked":"Perfected Strike","floor":1.0},{"not_picked":["Run Through","Fire Breathing","Havoc"],"picked":"SKIP","floor":2.0},{"not_picked":["ReplayTheSpireMod:Corrosion Curse","Infernal Blade"],"picked":"Pummel","floor":3.0},{"not_picked":["Metallicize","Wild Strike"],"picked":"Pommel Strike","floor":5.0},{"not_picked":["hubris:ReadiedAction","Dual Wield"],"picked":"Sword Boomerang","floor":10.0},{"not_picked":["ReplayTheSpireMod:LeadingStrike","Cleave"],"picked":"Armaments","floor":11.0},{"not_picked":["Blood for Blood","hubris:SharpeningStone","Defy Death"],"picked":"SKIP","floor":12.0},{"not_picked":["hubris:CleavingFinish","Hemokinesis"],"picked":"Limit Break","floor":13.0},{"not_picked":["Replay:Undeath\u0027s Touch","Metallicize","Fire Breathing"],"picked":"SKIP","floor":14.0},{"not_picked":["conspire:Purge","Fiend Fire"],"picked":"Demon Form","floor":16.0},{"not_picked":["Headbutt","Whirlwind"],"picked":"True Grit","floor":18},{"not_picked":["Headbutt","Evolve","Combust"],"picked":"SKIP","floor":19},{"not_picked":["Dual Wield","Pommel Strike","Flying Knee"],"picked":"Cleave","floor":23},{"not_picked":["Clash","Anger","Hidden Blade"],"picked":"Limit Break","floor":24},{"not_picked":["Cleave","Rage+1","ReplayTheSpireMod:Strike From Hell+1","Hidden Blade"],"picked":"SKIP","floor":27},{"not_picked":["Double Tap","Life Link","Backflip"],"picked":"Shrug It Off","floor":29},{"not_picked":["Brutality","Hemogenesis","conspire:Purge"],"picked":"ReplayTheSpireMod:From All Sides","floor":33},{"not_picked":["Dark Embrace+1","Whirlwind","Skewer"],"picked":"Flame Barrier+1","floor":35},{"not_picked":["Evolve","Wild Strike","Dagger Throw"],"picked":"Havoc+1","floor":37},{"not_picked":["Shrug It Off+1","Body Slam+1","Sentinel+1"],"picked":"Calculated Gamble","floor":38},{"not_picked":["Seeing Red","ReplayReversal+1","After Image"],"picked":"ReplayTheSpireMod:Stacked+1","floor":39},{"not_picked":["Cleave","Sever Soul","Atom Bomb"],"picked":"Rupture","floor":40},{"not_picked":["Abandon","Perfected Strike+1","Sever Soul","Predator"],"picked":"SKIP","floor":44},{"not_picked":["Sword Boomerang","hubris:CleavingFinish","Deadly Poison"],"picked":"Feed","floor":45}],"player_experience":413786,"relics_obtained":[{"floor":3.0,"key":"King of Hearts"},{"floor":9.0,"key":"Orichalcum"},{"floor":11.0,"key":"reliquary:WeakTea"},{"floor":13.0,"key":"aspiration:ChemicalBlood"},{"floor":22,"key":"HornCleat"},{"floor":23,"key":"hubris:ChampionShield"},{"floor":26,"key":"ReplayTheSpireMod:Lightbulb"},{"floor":29,"key":"Girya"},{"floor":40,"key":"Bag of Preparation"},{"floor":43,"key":"reliquary:MedicineBall"},{"floor":45,"key":"Durian"}],"event_choices":[{"damage_healed":0.0,"max_hp_gain":0.0,"max_hp_loss":0.0,"gold_gain":0.0,"event_name":"FaceTrader","player_choice":"Trade","floor":7.0,"gold_loss":0.0,"damage_taken":0.0,"relics_obtained":["FaceOfCleric"]},{"damage_healed":0,"gold_gain":0,"player_choice":"Inject Mutagens","damage_taken":0,"relics_obtained":["MutagenicStrength"],"max_hp_gain":0,"max_hp_loss":0,"event_name":"Drug Dealer","floor":20,"gold_loss":0},{"damage_healed":0,"gold_gain":0,"player_choice":"1 cards matched","damage_taken":0,"max_hp_gain":0,"max_hp_loss":0,"event_name":"Match and Keep!","floor":31,"gold_loss":0,"cards_obtained":["Limit Break"]},{"damage_healed":0,"gold_gain":0,"player_choice":"Forge","damage_taken":0,"max_hp_gain":0,"max_hp_loss":0,"event_name":"Accursed Blacksmith","floor":36,"gold_loss":0,"cards_upgraded":["Limit Break"]}],"is_beta":false,"boss_relics":[{"not_picked":["Ring of Chaos","hubris:HollowSoul"],"picked":"reliquary:Ember"},{"not_picked":["Snecko Heart","conspire:SpecialSausage"],"picked":"reliquary:RedPaperclip"}],"items_purged_floors":[25,41],"is_endless":false,"potions_floor_spawned":[2,5,10,14,19,23,24,29,37,40,44,45],"killed_by":"Jaw Worm Horde","ascension_level":20}}