{"host":"i4d8tgqbnmcnjm0a","time":1613305201,"event":{"mods":["BaseMod","Keyboard Shortcuts","Minty Spire (QoL Compilation)"],"gold_per_floor":[110,110,110,124,139,172,172,205,205,205,221,239,13,23,23,120,170,188,206,206,222,233,260,260,260,260,77,105,121,146,161,161,257,257,270,285,299,8,19,19,52,52,132,160,160,186,206,225,225,225,225,225,21,49,49,49],"floor_reached":55,"language":"ENG","playtime":4452,"items_purged":["Strike_B","Defend_B"],"score":1123,"play_id":"975a6e37-aea3-4535-95bc-a577a385177a","local_time":"20210214072001","is_ascension_mode":true,"campfire_choices":[{"floor":7,"key":"REST"},{"floor":10,"key":"REST"},{"floor":15,"key":"REST"},{"floor":25,"key":"REST"},{"floor":32,"key":"REST"},{"floor":40,"key":"RECALL"},{"floor":42,"key":"REST"},{"floor":49,"key":"REST"},{"floor":52,"key":"REST"}],"circlet_count":0,"master_deck":["Strike_B","Strike_B","Strike_B","Defend_B","Defend_B+1","Defend_B","Zap+1","Dualcast","Sunder","Storm","FTL","Doom and Gloom","Buffer+1","Heatsinks+1","Genetic Algorithm","Sunder+1","Conserve Battery","Creative AI+1","Buffer+1","BootSequence","Streamline+1","Storm+1","Sweeping Beam+1","White Noise","Core Surge+1","Fission+1","Aggregate+1","Compile Driver+1","Steam Power","Sweeping Beam+1","Electrodynamics+1"],"relics":["Fusion Hammer","Mummified Hand","Lantern","Frozen Egg 2","Molten Egg 2","Tiny House","Thread and Needle","MutagenicStrength","Art of War","Red Mask","Du-Vu Doll","SacredBark","Bottled Tornado","Ginger","Emotion Chip","Blood Vial","OrangePellets","Strawberry"],"acts_visited":["Exordium","TheCity","TheBeyond","TheEnding"],"potions_floor_usage":[16,22,30,31,33,35,41,50,54,55,55],"damage_taken":[{"damage":4,"enemies":"2 Louse","floor":1,"turns":4},{"damage":2,"enemies":"Jaw Worm","floor":4,"turns":3},{"damage":0,"enemies":"Cultist","floor":5,"turns":3},{"damage":25,"enemies":"Lagavulin","floor":6,"turns":5},{"damage":25,"enemies":"3 Sentries","floor":8,"turns":7},{"damage":6,"enemies":"Blue Slaver","floor":11,"turns":3},{"damage":0,"enemies":"Large Slime","floor":12,"turns":4},{"damage":0,"enemies":"Exordium Thugs","floor":14,"turns":2},{"damage":0,"enemies":"Slime Boss","floor":16,"turns":8},{"damage":0,"enemies":"Chosen","floor":18,"turns":4},{"damage":12,"enemies":"3 Byrds","floor":19,"turns":3},{"damage":0,"enemies":"Snake Plant","floor":21,"turns":3},{"damage":19,"enemies":"Snecko","floor":22,"turns":5},{"damage":19,"enemies":"Slavers","floor":23,"turns":5},{"damage":15,"enemies":"Masked Bandits","floor":28,"turns":3},{"damage":0,"enemies":"Chosen and Byrds","floor":29,"turns":3},{"damage":0,"enemies":"Gremlin Leader","floor":30,"turns":4},{"damage":0,"enemies":"Cultist and Chosen","floor":31,"turns":4},{"damage":33,"enemies":"Collector","floor":33,"turns":7},{"damage":7,"enemies":"3 Darklings","floor":35,"turns":3},{"damage":0,"enemies":"Orb Walker","floor":36,"turns":3},{"damage":0,"enemies":"Maw","floor":37,"turns":6},{"damage":14,"enemies":"4 Shapes","floor":39,"turns":3},{"damage":0,"enemies":"Reptomancer","floor":41,"turns":4},{"damage":0,"enemies":"Nemesis","floor":44,"turns":3},{"damage":23,"enemies":"Reptomancer","floor":46,"turns":4},{"damage":0,"enemies":"Sphere and 2 Shapes","floor":47,"turns":3},{"damage":0,"enemies":"3 Darklings","floor":48,"turns":2},{"damage":0,"enemies":"Donu and Deca","floor":50,"turns":5},{"damage":14,"enemies":"Shield and Spear","floor":54,"turns":3},{"damage":75,"enemies":"The Heart","floor":55,"turns":3}],"seed_played":"-6197232422521786008","potions_obtained":[{"floor":1,"key":"ColorlessPotion"},{"floor":12,"key":"SkillPotion"},{"floor":14,"key":"SmokeBomb"},{"floor":17,"key":"SneckoOil"},{"floor":21,"key":"SpeedPotion"},{"floor":22,"key":"PotionOfCapacity"},{"floor":30,"key":"ColorlessPotion"},{"floor":31,"key":"BlessingOfTheForge"},{"floor":33,"key":"PowerPotion"},{"floor":37,"key":"Energy Potion"},{"floor":44,"key":"SteroidPotion"},{"floor":48,"key":"CultistPotion"}],"is_trial":false,"path_per_floor":["M","?","?","M","M","E","R","E","T","R","M","M","$","M","R","B",null,"M","M","?","M","M","E","?","R","T","$","?","M","E","M","R","B",null,"M","M","M","$","M","R","E","R","T","E","?","E","M","M","R","B",null,"R","$","E","B"],"character_chosen":"DEFECT","items_purchased":["Genetic Algorithm","Sunder+1","Storm+1","Sweeping Beam+1","Bottled Tornado","SteroidPotion","OrangePellets","ColorlessPotion"],"campfire_rested":8,"item_purchase_floors":[13,13,27,27,38,38,53,53],"current_hp_per_floor":[71,71,71,69,69,44,66,41,41,63,57,57,57,57,75,75,80,80,68,68,68,49,30,30,54,54,54,39,39,39,39,63,30,80,73,73,73,73,59,59,59,80,80,80,80,57,59,61,80,80,80,80,80,73,0,0],"gold":49,"neow_bonus":"BOSS_RELIC","is_daily":false,"chose_seed":false,"campfire_upgraded":0,"win_rate":0.0,"timestamp":1613305201,"path_taken":["M","?","?","M","M","E","R","E","T","R","M","M","$","?","R","BOSS","M","M","?","M","M","E","?","R","T","$","?","M","E","M","R","BOSS","M","M","M","$","M","R","E","R","T","E","?","E","M","M","R","BOSS","R","$","E","BOSS"],"items_purchased_type":["Card","Card","Card","Card","Relic","Potion","Relic","Potion"],"build_version":"2020-12-22","purchased_purges":2,"victory":false,"max_hp_per_floor":[75,75,75,75,75,75,75,75,75,75,75,75,75,75,75,75,80,80,80,80,80,80,80,80,80,80,80,80,80,80,80,80,80,80,80,80,80,80,80,80,80,80,80,80,80,80,80,80,80,80,80,80,80,87,87,87],"card_choices":[{"not_picked":["Loop","Defragment","Stack"],"picked":"SKIP","floor":1},{"not_picked":["Redo","Cold Snap"],"picked":"Sunder","floor":4},{"not_picked":["Beam Cell","Ball Lightning"],"picked":"Storm","floor":5},{"not_picked":["Barrage","Ball Lightning"],"picked":"FTL","floor":6},{"not_picked":["Consume","Beam Cell"],"picked":"Doom and Gloom","floor":8},{"not_picked":["Streamline+1","Lockon+1"],"picked":"Buffer+1","floor":11},{"not_picked":["Barrage+1","Steam"],"picked":"Heatsinks+1","floor":12},{"not_picked":["Compile Driver+1","Melter+1"],"picked":"Conserve Battery","floor":14},{"not_picked":["All For One+1","Amplify"],"picked":"Creative AI+1","floor":16},{"not_picked":["Streamline+1","Sweeping Beam+1"],"picked":"Buffer+1","floor":18},{"not_picked":["Turbo","Steam","Gash+1"],"picked":"SKIP","floor":19},{"not_picked":["Amplify","Reprogram"],"picked":"BootSequence","floor":21},{"not_picked":["Leap","Chaos+1","Rebound+1"],"picked":"SKIP","floor":22},{"not_picked":["Loop+1","Stack"],"picked":"Streamline+1","floor":23},{"not_picked":["Rebound+1","Hologram"],"picked":"White Noise","floor":28},{"not_picked":["Rebound+1","Turbo+1","Streamline+1"],"picked":"SKIP","floor":29},{"not_picked":["Streamline+1","Compile Driver+1"],"picked":"Core Surge+1","floor":30},{"not_picked":["Redo","Reinforced Body","Hello World+1"],"picked":"SKIP","floor":31},{"not_picked":["Biased Cognition+1","All For One+1"],"picked":"Fission","floor":33},{"not_picked":["Auto Shields","Streamline+1","Reinforced Body"],"picked":"SKIP","floor":35},{"not_picked":["Darkness+1","Sweeping Beam+1","Stack"],"picked":"SKIP","floor":36},{"not_picked":["Redo","Melter+1","Streamline+1"],"picked":"SKIP","floor":37},{"not_picked":["Sunder+1","Barrage+1"],"picked":"Aggregate+1","floor":39},{"not_picked":["Lockon+1","Loop+1"],"picked":"Compile Driver+1","floor":41},{"not_picked":["Recycle+1","Capacitor+1"],"picked":"Steam Power","floor":44},{"not_picked":["Fusion+1","Reprogram+1","Glacier+1"],"picked":"SKIP","floor":46},{"not_picked":["Compile Driver+1","Turbo"],"picked":"Sweeping Beam+1","floor":47},{"not_picked":["Barrage+1","Cold Snap+1"],"picked":"Electrodynamics+1","floor":48},{"not_picked":["Steam","Turbo","Genetic Algorithm"],"picked":"SKIP","floor":54}],"player_experience":338697,"relics_obtained":[{"floor":6,"key":"Lantern"},{"floor":8,"key":"Frozen Egg 2"},{"floor":9,"key":"Molten Egg 2"},{"floor":23,"key":"Thread and Needle"},{"floor":26,"key":"Art of War"},{"floor":28,"key":"Red Mask"},{"floor":30,"key":"Du-Vu Doll"},{"floor":41,"key":"Ginger"},{"floor":44,"key":"Emotion Chip"},{"floor":46,"key":"Blood Vial"},{"floor":54,"key":"Strawberry"}],"event_choices":[{"damage_healed":0,"gold_gain":0,"player_choice":"Grow","damage_taken":0,"max_hp_gain":0,"max_hp_loss":0,"event_name":"Living Wall","floor":2,"gold_loss":0,"cards_upgraded":["Zap"]},{"damage_healed":0,"gold_gain":0,"player_choice":"Gave Potion","damage_taken":0,"relics_obtained":["Mummified Hand"],"max_hp_gain":0,"max_hp_loss":0,"event_name":"WeMeetAgain","floor":3,"gold_loss":0},{"damage_healed":0,"gold_gain":0,"player_choice":"Ignored","damage_taken":0,"max_hp_gain":0,"max_hp_loss":0,"event_name":"Ghosts","floor":20,"gold_loss":0},{"damage_healed":0,"gold_gain":0,"player_choice":"Inject Mutagens","damage_taken":0,"relics_obtained":["MutagenicStrength"],"max_hp_gain":0,"max_hp_loss":0,"event_name":"Drug Dealer","floor":24,"gold_loss":0},{"damage_healed":0,"gold_gain":0,"player_choice":"Fought Bandits","damage_taken":0,"max_hp_gain":0,"max_hp_loss":0,"event_name":"Masked Bandits","floor":28,"gold_loss":0},{"damage_healed":0,"gold_gain":0,"player_choice":"Upgraded","damage_taken":0,"max_hp_gain":0,"max_hp_loss":0,"event_name":"Upgrade Shrine","floor":45,"gold_loss":0,"cards_upgraded":["Fission"]}],"is_beta":false,"boss_relics":[{"not_picked":["Busted Crown","Ectoplasm"],"picked":"Tiny House"},{"not_picked":["Velvet Choker","Inserter"],"picked":"SacredBark"}],"items_purged_floors":[13,27],"is_endless":false,"potions_floor_spawned":[1,12,14,21,22,29,30,31,33,37,44,48],"killed_by":"The Heart","ascension_level":4}}