{"host":"fortuna","time":1613302214,"event":{"mods":["100% Spire Juice","Act Like it!","Arknights","BaseMod","CapriCore","Gensokyo","Hallownest","Koishi","Marisa£®ÏF”Í°°ƒß¿Ì…≥£©","Minty Spire (QoL Compilation)","MostiFishMod","Reimu£®≤©¿ˆ¡È√Œ£©","Relic Stats","StSLib","The Animator","The Bug Knight","The Immortal","Waifu the Spire","WarShipGirlsR/’ΩΩ¢…Ÿ≈ÆR mod","Yakumo Yukari mod"],"gold_per_floor":[111,111,111,123,123,158,184,213,213,213,242,282,302,331,331,435,435,454,57,78,78,78,78,128,172,245,312,312,356,396,396,396,396,396],"floor_reached":33,"language":"ZHS","playtime":1576,"items_purged":["Strike_MRS"],"score":349,"play_id":"d6b77cc1-652f-4fd8-a44b-10e35dfc3ad8","local_time":"20210214193014","is_ascension_mode":false,"campfire_choices":[{"data":"PropBag","floor":15.0,"key":"SMITH"},{"data":"TreasureHunter","floor":23.0,"key":"SMITH"},{"data":"JA","floor":32.0,"key":"SMITH"}],"circlet_count":0,"master_deck":["Strike_MRS","Strike_MRS","Strike_MRS","Defend_MRS","Defend_MRS","Defend_MRS","Defend_MRS","MasterSpark","UpSweep","EnergyFlow","DC","LuminesStrike","6A","UnstableBomb","PropBag+1","MagicAbsorber","PowerUp","DeepEcoloBomb","TreasureHunter+1","WitchOfGreed","UltimateShortwave","WitchOfGreed","Acceleration+1","JA+1","GravityBeat+1","EarthLightRay"],"relics":["MiniHakkero","DaveBox","NeowsBlessing","SynthV:TestCard","SynthV","Hallownest:DreamNailRelic","CeramicFish","DianPoetry","ArrowTower","Hallownest:TeacherSealRelic","Blood Vial","Philosopher\u0027s Stone","ChiLing","Chi","Ling","Tiny Chest","Singing Bowl","Mastiff:ReiMu","ImprovedEquipment","Question Card","Gensokyo:RedStar","Letter Opener","Meat on the Bone"],"acts_visited":["Hallownest:Greenpath","Gensokyo:Gensokyoer"],"potions_floor_usage":[],"damage_taken":[{"damage":0.0,"enemies":"Hallownest:2_Baldur","floor":1.0,"turns":1.0},{"damage":0.0,"enemies":"2_ Uuma","floor":4.0,"turns":1.0},{"damage":0.0,"enemies":"Hallownest:eliteVengeflyKing","floor":6.0,"turns":1.0},{"damage":7.0,"enemies":"Hallownest:2_Tiktiks_and_1_Crawlid","floor":7.0,"turns":2.0},{"damage":6.0,"enemies":"Hallownest:1_Ooma_and_2_Uuma","floor":8.0,"turns":4.0},{"damage":0.0,"enemies":"Hallownest:MossCreep_and_Mosskin","floor":11.0,"turns":3.0},{"damage":0.0,"enemies":"Hallownest:eliteCrystalGuardian","floor":12.0,"turns":3.0},{"damage":1.0,"enemies":"Hallownest:1_Baldur_1_Crawlid_1_Warrior","floor":13.0,"turns":2.0},{"damage":0.0,"enemies":"Hallownest:Wandering_and_Horned","floor":14.0,"turns":2.0},{"damage":3.0,"enemies":"Hallownest:BossFalseKnight","floor":16.0,"turns":4.0},{"damage":0.0,"enemies":"Gensokyo:CosmicMonolith","floor":18.0,"turns":3.0},{"damage":2.0,"enemies":"Gensokyo:AngelMirror","floor":20.0,"turns":2.0},{"damage":20.0,"enemies":"Gensokyo:Koishi","floor":24.0,"turns":4.0},{"damage":8.0,"enemies":"Gensokyo:Monolith_and_Dog","floor":25.0,"turns":3.0},{"damage":6.0,"enemies":"Gensokyo:Reisen","floor":27.0,"turns":3.0},{"damage":18.0,"enemies":"Gensokyo:Wraith","floor":29.0,"turns":3.0},{"damage":3.0,"enemies":"Gensokyo:Chomper_and_Gloop","floor":30.0,"turns":2.0},{"damage":3,"enemies":"Gensokyo:Eternal_Rivals","floor":33,"turns":5}],"seed_played":"1320675144674141736","potions_obtained":[{"floor":4.0,"key":"AttackPotion"},{"floor":8.0,"key":"DistilledChaos"},{"floor":13.0,"key":"ShroomBrew"},{"floor":14.0,"key":"ShroomBrew"},{"floor":25.0,"key":"FearPotion"},{"floor":25.0,"key":"BottledSpark"},{"floor":25.0,"key":"Regen Potion"},{"floor":27.0,"key":"ColorlessPotion"},{"floor":29.0,"key":"BottledSpark"}],"is_trial":false,"path_per_floor":["M","?","$","M","T","E","M","M","T","?","M","E","M","M","R","B",null,"M","$","M","?","$","R","E","M","T","E","T","M","M","?","R","B"],"character_chosen":"MARISA","items_purchased":["UltimateShortwave","WitchOfGreed","ChiLing"],"campfire_rested":0,"item_purchase_floors":[19,19,19],"current_hp_per_floor":[75,75,75,75,75,75,68,62,62,62,62,62,63,65,65,64,75,75,75,73,69,69,69,51,47,47,52,52,36,35,35,35,34,34],"gold":396,"neow_bonus":"THREE_ENEMY_KILL","is_daily":false,"chose_seed":false,"campfire_upgraded":3,"win_rate":0.0,"timestamp":1613302214,"path_taken":["M","?","$","?","?","E","?","M","T","?","M","E","M","M","R","BOSS","M","$","M","?","$","R","E","M","T","E","?","?","M","?","R","BOSS"],"items_purchased_type":["Card","Card","Relic"],"build_version":"2020-12-18","purchased_purges":1,"victory":false,"max_hp_per_floor":[75,75,75,75,75,75,75,75,75,75,75,75,75,75,75,75,75,75,75,75,69,69,69,71,73,73,73,73,73,73,73,73,37,37],"relic_stats":{"Blood Vial":16,"Singing Bowl":4,"counters":[18,48],"CeramicFish":135,"Tiny Chest":0,"Letter Opener":[20],"Question Card":2,"obtain_stats":[{"AmplifyWand":13,"DaveBox":0,"Gremlin Horn":12,"Singing Bowl":24,"SynthV":1,"DianPoetry":6,"Chi":19,"CeramicFish":5,"Hallownest:DreamNailRelic":2,"Blood Vial":12,"Frozen Eye":24,"Mummified Hand":20,"Mastiff:ReiMu":24,"Sundial":29,"Philosopher\u0027s Stone":17,"Tiny Chest":21,"Kunai":24,"Hallownest:TeacherSealRelic":10,"NeowsBlessing":0,"Blue Candle":24,"ImprovedEquipment":27,"Letter Opener":14,"Question Card":28,"Gensokyo:RedStar":31,"Ling":19,"SynthV:TestCard":1,"Ornamental Fan":16,"Shuriken":16,"MiniHakkero":0,"ArrowTower":9,"ChiLing":19,"Meat on the Bone":33},{"AmplifyWand":8,"DaveBox":0,"Gremlin Horn":7,"Singing Bowl":13,"SynthV":1,"DianPoetry":3,"Chi":11,"CeramicFish":2,"Hallownest:DreamNailRelic":1,"Blood Vial":7,"Frozen Eye":12,"Mummified Hand":12,"Mastiff:ReiMu":13,"Sundial":16,"Philosopher\u0027s Stone":10,"Tiny Chest":12,"Kunai":13,"Hallownest:TeacherSealRelic":5,"NeowsBlessing":0,"Blue Candle":13,"ImprovedEquipment":15,"Letter Opener":9,"Question Card":15,"Gensokyo:RedStar":17,"Ling":11,"SynthV:TestCard":1,"Ornamental Fan":10,"Shuriken":10,"MiniHakkero":0,"ArrowTower":5,"ChiLing":11,"Meat on the Bone":18},{"AmplifyWand":17,"DaveBox":0,"Gremlin Horn":15,"Singing Bowl":32,"SynthV":1,"DianPoetry":3,"Chi":26,"CeramicFish":2,"Hallownest:DreamNailRelic":1,"Blood Vial":15,"Frozen Eye":28,"Mummified Hand":27,"Mastiff:ReiMu":32,"Sundial":39,"Philosopher\u0027s Stone":23,"Tiny Chest":28,"Kunai":29,"Hallownest:TeacherSealRelic":9,"NeowsBlessing":0,"Blue Candle":29,"ImprovedEquipment":38,"Letter Opener":18,"Question Card":38,"Gensokyo:RedStar":43,"Ling":26,"SynthV:TestCard":1,"Ornamental Fan":20,"Shuriken":20,"MiniHakkero":0,"ArrowTower":9,"ChiLing":26,"Meat on the Bone":44}],"Meat on the Bone":0},"card_choices":[{"not_picked":["PowerUp","FairyDestructionRay"],"picked":"EnergyFlow","floor":1.0},{"not_picked":["AsteroidBelt","ShootTheMoon","MilkyWay","NonDirectionalLaser"],"picked":"DC","floor":4.0},{"not_picked":["EventHorizon","AsteroidBelt","Orbital","BlazeAway"],"picked":"LuminesStrike","floor":6.0},{"not_picked":["Orbital","BlazeAway","RefractionSpark","SporeBomb"],"picked":"6A","floor":7.0},{"not_picked":["MaximisePower","AlicesGift","DarkSpark","OpenUniverse"],"picked":"UnstableBomb","floor":8.0},{"not_picked":["UnstableBomb","DC","OpenUniverse","NonDirectionalLaser"],"picked":"PropBag","floor":11.0},{"not_picked":["OrrerysSun","6A","IllusionStar","OneTimeOff"],"picked":"MagicAbsorber","floor":12.0},{"not_picked":["OrrerysSun","LuminesStrike","DC","WitchLeyline"],"picked":"PowerUp","floor":13.0},{"not_picked":["OrrerysSun","PulseMagic","IllusionStar","MagicChant"],"picked":"DeepEcoloBomb","floor":14.0},{"not_picked":["ManaRampage","SatelliteIllusion","CollectingQuirk","FinalSpark"],"picked":"TreasureHunter","floor":16.0},{"not_picked":["MysteriousBeam","6A","AsteroidBelt","MilkyWay"],"picked":"WitchOfGreed","floor":18.0},{"not_picked":["DarkMatter+1","MysteriousBeam+1","DoubleSpark","LuminesStrike+1"],"picked":"Acceleration+1","floor":20.0},{"not_picked":["Robbery","CasketOfStar","SprinkleStarSeal","ManaRampage","AlicesGift+1"],"picked":"Singing Bowl","floor":24.0},{"not_picked":["AsteroidBelt","UnstableBomb","LuminesStrike","PowerUp","DC+1"],"picked":"Singing Bowl","floor":25.0},{"not_picked":["NonDirectionalLaser+1","PowerUp","PulseMagic","EventHorizon"],"picked":"JA","floor":27.0},{"not_picked":["GalacticHalo","GasGiant","SporeBomb+1","EnergyFlow","ShootingEcho"],"picked":"GravityBeat+1","floor":29.0},{"not_picked":["GalacticHalo","Acceleration","SprinkleStarSeal+1","UnstableBomb","OpenUniverse"],"picked":"EarthLightRay","floor":30.0}],"player_experience":384130,"relics_obtained":[{"floor":1.0,"key":"SynthV:TestCard"},{"floor":5.0,"key":"CeramicFish"},{"floor":6.0,"key":"DianPoetry"},{"floor":9.0,"key":"ArrowTower"},{"floor":12.0,"key":"Blood Vial"},{"floor":24.0,"key":"Singing Bowl"},{"floor":24.0,"key":"Mastiff:ReiMu"},{"floor":27.0,"key":"ImprovedEquipment"},{"floor":28.0,"key":"Question Card"}],"event_choices":[],"is_beta":true,"boss_relics":[{"not_picked":["Cursed Key","Runic Dome"],"picked":"Philosopher\u0027s Stone"}],"items_purged_floors":[19],"is_endless":false,"potions_floor_spawned":[4,8,13,14,18,20,25,29],"killed_by":"Gensokyo:Eternal_Rivals","ascension_level":0}}