{"host":"2yqfi47fogfu1ic4","time":1613267072,"event":{"mods":["AchievementEnabler","BaseMod","Colored Map","Colored Powertips","Highlight Path","Minty Spire (QoL Compilation)","Permanent Neow","Relic Stats","StSLib"],"gold_per_floor":[117,117,42,42,52,52,72,107,132,165,192,192,192,232,232,327,327,345,383,383,383,126,141,141,141,141,141,15,53,53,66,66,155,155,170,188,188,206,1205,649,690,690,714,757,757,979,869,884,884,884,884,884,884,10,45,45],"floor_reached":57,"language":"DEU","playtime":5987,"items_purged":["Writhe","Normality"],"score":3030,"play_id":"a08dcde4-e8f8-47aa-847b-95cafecd9313","local_time":"20210214024432","is_ascension_mode":true,"campfire_choices":[{"data":"Predator","floor":6,"key":"SMITH"},{"data":"Bouncing Flask","floor":13,"key":"SMITH"},{"data":"Dash","floor":15,"key":"SMITH"},{"data":"Wraith Form v2","floor":24,"key":"SMITH"},{"data":"Ghostly","floor":30,"key":"SMITH"},{"data":"Ghostly","floor":32,"key":"SMITH"},{"data":"Ghostly","floor":45,"key":"SMITH"},{"floor":49,"key":"RECALL"},{"data":"Footwork","floor":53,"key":"SMITH"}],"circlet_count":0,"master_deck":["AscendersBane","Strike_G","Strike_G","Defend_G","Defend_G","Defend_G","Defend_G","Defend_G","Survivor","Neutralize","Predator+1","Poisoned Stab","Bane","Bouncing Flask+1","Dash+1","PiercingWail","Footwork+1","Wraith Form v2+1","Backflip+1","PiercingWail","Well Laid Plans","Well Laid Plans+1","Ghostly+1","Ghostly+1","Ghostly+1","Crippling Poison+1","Crippling Poison","Blur","Backflip","Noxious Fumes","Bouncing Flask+1"],"relics":["Snecko Eye","Snake Skull","Matryoshka","MealTicket","Juzu Bracelet","Golden Idol","Potion Belt","Velvet Choker","Red Mask","Oddly Smooth Stone","Meat on the Bone","The Courier","Lantern","Blood Vial","Orrery","Akabeko","SacredBark","Strange Spoon","Centennial Puzzle","Anchor","Mummified Hand","Smiling Mask","Bottled Tornado","Art of War","Frozen Eye","InkBottle","Orichalcum","Blue Candle"],"acts_visited":["Exordium","TheCity","TheBeyond","TheEnding"],"potions_floor_usage":[8,18,33,44,50,54,56,56,56,56],"damage_taken":[{"damage":1,"enemies":"2 Louse","floor":1,"turns":6},{"damage":0,"enemies":"Jaw Worm","floor":5,"turns":4},{"damage":0,"enemies":"Small Slimes","floor":7,"turns":2},{"damage":2,"enemies":"Lagavulin","floor":8,"turns":6},{"damage":0,"enemies":"Gremlin Nob","floor":10,"turns":2},{"damage":17,"enemies":"3 Sentries","floor":14,"turns":7},{"damage":0,"enemies":"Hexaghost","floor":16,"turns":7},{"damage":7,"enemies":"3 Byrds","floor":18,"turns":3},{"damage":3,"enemies":"Masked Bandits","floor":19,"turns":6},{"damage":0,"enemies":"Spheric Guardian","floor":23,"turns":3},{"damage":0,"enemies":"Gremlin Leader","floor":29,"turns":6},{"damage":4,"enemies":"Cultist and Chosen","floor":31,"turns":6},{"damage":4,"enemies":"Automaton","floor":33,"turns":9},{"damage":1,"enemies":"3 Shapes","floor":35,"turns":5},{"damage":2,"enemies":"3 Darklings","floor":36,"turns":4},{"damage":0,"enemies":"Maw","floor":38,"turns":7},{"damage":0,"enemies":"Nemesis","floor":41,"turns":8},{"damage":2,"enemies":"Reptomancer","floor":44,"turns":6},{"damage":0,"enemies":"Spire Growth","floor":48,"turns":6},{"damage":6,"enemies":"Awakened One","floor":50,"turns":22},{"damage":9,"enemies":"Time Eater","floor":51,"turns":15},{"damage":0,"enemies":"Shield and Spear","floor":55,"turns":7},{"damage":3,"enemies":"The Heart","floor":56,"turns":9}],"seed_played":"-1913659258864589376","potions_obtained":[{"floor":1,"key":"Fire Potion"},{"floor":5,"key":"ColorlessPotion"},{"floor":7,"key":"Block Potion"},{"floor":16,"key":"Fire Potion"},{"floor":19,"key":"FearPotion"},{"floor":23,"key":"Energy Potion"},{"floor":25,"key":"SpeedPotion"},{"floor":29,"key":"Block Potion"},{"floor":36,"key":"Energy Potion"},{"floor":44,"key":"Dexterity Potion"}],"is_trial":false,"path_per_floor":["M","?","?","$","M","R","M","E","T","E","T","?","R","E","R","B",null,"M","?","?","T","$","M","R","?","T","?","$","E","R","M","R","B",null,"M","M","?","M","?","$","E","?","T","E","R","?","?","M","R","B","B",null,"R","$","E","B",null],"character_chosen":"THE_SILENT","items_purchased":["Lantern","Well Laid Plans","Orrery","Strange Spoon","Centennial Puzzle","Fruit Juice","Anchor","Art of War","PowerPotion","Frozen Eye","Dexterity Potion","InkBottle","Orichalcum","PowerPotion","ColorlessPotion","Fruit Juice","Strength Potion"],"campfire_rested":0,"item_purchase_floors":[22,22,28,40,40,40,40,54,54,54,54,54,54,54,54,54,54],"current_hp_per_floor":[58,58,58,58,58,58,58,56,56,56,56,33,33,16,16,16,54,47,44,44,44,59,59,59,59,59,33,33,33,33,29,29,27,32,32,31,21,23,23,33,33,33,33,41,41,41,41,43,43,37,30,40,40,53,53,50],"gold":45,"neow_bonus":"BOSS_RELIC","is_daily":false,"chose_seed":false,"campfire_upgraded":8,"win_rate":0.0,"timestamp":1613267072,"path_taken":["M","?","?","?","M","R","M","E","T","E","?","?","R","E","R","BOSS","M","?","?","?","$","M","R","?","T","?","$","E","R","M","R","BOSS","M","M","?","M","?","$","E","?","T","E","R","?","?","M","R","BOSS","BOSS","R","$","E","BOSS"],"items_purchased_type":["Relic","Card","Relic","Relic","Relic","Potion","Relic","Relic","Potion","Relic","Potion","Relic","Relic","Potion","Potion","Potion","Potion"],"build_version":"2020-12-22","purchased_purges":2,"victory":true,"max_hp_per_floor":[66,66,66,66,66,66,66,66,66,66,66,66,66,66,66,66,66,66,66,66,66,66,66,66,66,66,33,33,33,33,33,33,33,33,33,33,33,33,33,33,33,33,33,43,43,43,43,43,43,43,43,43,43,53,53,53],"relic_stats":{"counters":[23,156],"Golden Idol":164,"Blue Candle":[0],"Snake Skull":[265],"Juzu Bracelet":3,"Orichalcum":[12],"Smiling Mask":0,"Blood Vial":10,"Strange Spoon":[24],"Centennial Puzzle":[12],"Mummified Hand":[49],"Snecko Eye":[260,291,297,272],"MealTicket":28,"Art of War":[3],"obtain_stats":[{"Lantern":22,"SacredBark":34,"Snake Skull":8,"Juzu Bracelet":11,"Bottled Tornado":44,"Smiling Mask":43,"Blood Vial":26,"Frozen Eye":54,"Centennial Puzzle":40,"Matryoshka":10,"Mummified Hand":41,"MealTicket":11,"Red Mask":19,"InkBottle":54,"Ring of the Snake":0,"Potion Belt":14,"Golden Idol":12,"Blue Candle":55,"Velvet Choker":17,"Oddly Smooth Stone":20,"The Courier":21,"Orichalcum":54,"Akabeko":29,"Strange Spoon":40,"Anchor":40,"Snecko Eye":0,"Orrery":28,"Art of War":54,"Meat on the Bone":21},{"Lantern":9,"SacredBark":13,"Snake Skull":4,"Juzu Bracelet":5,"Bottled Tornado":18,"Smiling Mask":17,"Blood Vial":10,"Frozen Eye":21,"Centennial Puzzle":16,"Matryoshka":5,"Mummified Hand":17,"MealTicket":5,"Red Mask":9,"InkBottle":21,"Ring of the Snake":0,"Potion Belt":6,"Golden Idol":5,"Blue Candle":22,"Velvet Choker":7,"Oddly Smooth Stone":9,"The Courier":9,"Orichalcum":21,"Akabeko":11,"Strange Spoon":16,"Anchor":16,"Snecko Eye":0,"Orrery":10,"Art of War":21,"Meat on the Bone":9},{"Lantern":43,"SacredBark":67,"Snake Skull":18,"Juzu Bracelet":20,"Bottled Tornado":97,"Smiling Mask":91,"Blood Vial":46,"Frozen Eye":140,"Centennial Puzzle":83,"Matryoshka":20,"Mummified Hand":91,"MealTicket":20,"Red Mask":43,"InkBottle":140,"Ring of the Snake":0,"Potion Belt":27,"Golden Idol":20,"Blue Candle":147,"Velvet Choker":34,"Oddly Smooth Stone":43,"The Courier":43,"Orichalcum":140,"Akabeko":52,"Strange Spoon":83,"Anchor":83,"Snecko Eye":0,"Orrery":46,"Art of War":140,"Meat on the Bone":43}],"InkBottle":[6],"Meat on the Bone":0},"card_choices":[{"not_picked":["Dash","Backstab"],"picked":"Predator","floor":1},{"not_picked":["Escape Plan","Tactician"],"picked":"Bane","floor":5},{"not_picked":["Setup","Eviscerate"],"picked":"Bouncing Flask","floor":7},{"not_picked":["Dagger Spray","Blur"],"picked":"Dash","floor":8},{"not_picked":["Infinite Blades","Heel Hook"],"picked":"PiercingWail","floor":10},{"not_picked":["Flying Knee","Cloak And Dagger"],"picked":"Footwork","floor":14},{"not_picked":["Night Terror","Adrenaline"],"picked":"Wraith Form v2","floor":16},{"not_picked":["Poisoned Stab","Skewer+1"],"picked":"Backflip","floor":18},{"not_picked":["Dagger Spray+1","Bane"],"picked":"PiercingWail","floor":19},{"not_picked":["Deadly Poison","Reflex"],"picked":"Well Laid Plans+1","floor":23},{"not_picked":["Well Laid Plans","Tactician"],"picked":"Crippling Poison+1","floor":28},{"not_picked":["PiercingWail","Outmaneuver"],"picked":"Crippling Poison","floor":28},{"not_picked":["Dodge and Roll","Setup"],"picked":"Blur","floor":29},{"not_picked":["Outmaneuver","Poisoned Stab","Underhanded Strike"],"picked":"SKIP","floor":31},{"not_picked":["Concentrate","Distraction","Cloak And Dagger"],"picked":"SKIP","floor":35},{"not_picked":["Accuracy+1","Dodge and Roll","Terror+1"],"picked":"SKIP","floor":36},{"not_picked":["Deflect","Dodge and Roll"],"picked":"Backflip","floor":38},{"not_picked":["Calculated Gamble","Quick Slash+1","Cloak And Dagger+1"],"picked":"SKIP","floor":41},{"not_picked":["Underhanded Strike","Dodge and Roll"],"picked":"Noxious Fumes","floor":44},{"not_picked":["Calculated Gamble","Deflect","Dagger Throw+1"],"picked":"SKIP","floor":48},{"not_picked":["Slice","Choke"],"picked":"Bouncing Flask+1","floor":55}],"player_experience":1825183,"relics_obtained":[{"floor":8,"key":"Snake Skull"},{"floor":10,"key":"Matryoshka"},{"floor":11,"key":"MealTicket"},{"floor":11,"key":"Juzu Bracelet"},{"floor":14,"key":"Potion Belt"},{"floor":19,"key":"Red Mask"},{"floor":21,"key":"Meat on the Bone"},{"floor":21,"key":"The Courier"},{"floor":26,"key":"Blood Vial"},{"floor":29,"key":"Akabeko"},{"floor":41,"key":"Mummified Hand"},{"floor":43,"key":"Smiling Mask"},{"floor":44,"key":"Bottled Tornado"},{"floor":55,"key":"Blue Candle"}],"event_choices":[{"damage_healed":0,"gold_gain":0,"cards_transformed":["Strike_G"],"player_choice":"Change","damage_taken":0,"max_hp_gain":0,"max_hp_loss":0,"event_name":"Living Wall","floor":2,"gold_loss":0,"cards_obtained":["Poisoned Stab"]},{"cards_removed":["Strike_G"],"damage_healed":0,"gold_gain":0,"player_choice":"Card Removal","damage_taken":0,"max_hp_gain":0,"max_hp_loss":0,"event_name":"The Cleric","floor":3,"gold_loss":75},{"damage_healed":0,"gold_gain":0,"player_choice":"Take Damage","damage_taken":23,"relics_obtained":["Golden Idol"],"max_hp_gain":0,"max_hp_loss":0,"event_name":"Golden Idol","floor":12,"gold_loss":0},{"damage_healed":0,"gold_gain":0,"player_choice":"Fought Bandits","damage_taken":0,"max_hp_gain":0,"max_hp_loss":0,"event_name":"Masked Bandits","floor":19,"gold_loss":0},{"damage_healed":0,"gold_gain":0,"player_choice":"Opened","damage_taken":0,"relics_obtained":["Oddly Smooth Stone"],"max_hp_gain":0,"max_hp_loss":0,"event_name":"The Mausoleum","floor":20,"gold_loss":0,"cards_obtained":["Writhe"]},{"damage_healed":0,"gold_gain":0,"player_choice":"Got Potions","damage_taken":0,"max_hp_gain":0,"max_hp_loss":0,"event_name":"Lab","floor":25,"gold_loss":0},{"damage_healed":0,"gold_gain":0,"player_choice":"Became a Ghost","damage_taken":0,"max_hp_gain":0,"max_hp_loss":33,"event_name":"Ghosts","floor":27,"gold_loss":0,"cards_obtained":["Ghostly","Ghostly","Ghostly"]},{"damage_healed":0,"gold_gain":0,"player_choice":"Memory 3","damage_taken":10,"max_hp_gain":0,"max_hp_loss":0,"event_name":"SensoryStone","floor":37,"gold_loss":0},{"damage_healed":0,"gold_gain":999,"player_choice":"Gold","damage_taken":0,"max_hp_gain":0,"max_hp_loss":0,"event_name":"MindBloom","floor":39,"gold_loss":0,"cards_obtained":["Normality","Normality"]},{"cards_removed":["Strike_G"],"damage_healed":0,"gold_gain":0,"player_choice":"Removed Attack","damage_taken":0,"max_hp_gain":0,"max_hp_loss":0,"event_name":"Falling","floor":42,"gold_loss":0},{"damage_healed":0,"gold_gain":222,"player_choice":"Wore Mask","damage_taken":0,"max_hp_gain":0,"max_hp_loss":0,"event_name":"Tomb of Lord Red Mask","floor":46,"gold_loss":0},{"cards_removed":["Normality"],"damage_healed":0,"gold_gain":0,"player_choice":"Upgrade and Remove","damage_taken":0,"max_hp_gain":0,"max_hp_loss":0,"event_name":"Designer","floor":47,"gold_loss":110,"cards_upgraded":["Backflip"]}],"is_beta":false,"boss_relics":[{"not_picked":["Runic Dome","Ectoplasm"],"picked":"Velvet Choker"},{"not_picked":["Sozu","Runic Pyramid"],"picked":"SacredBark"}],"items_purged_floors":[22,40],"is_endless":false,"potions_floor_spawned":[1,5,7,16,19,23,29,31,36,44],"ascension_level":20}}