{"host":"hpn0uxah5qjr7pa6","time":1613292306,"event":{"mods":["2.2 Compatiblity","Act Like it!","Aspiration","BaseMod","Better Third Choice","BetterRewards","Challenge The Spire","Colored Powertips","Conspire","DeckTracker","Downfall","Energized Spire","Hallownest","Hermit","Highlight Path","Hubris","Infinite Spire","Minty Spire (QoL Compilation)","Permanent Neow","Quick Restart","Rare Cards Sparkle","Replay The Spire","Spicy Shops","StSLib","The Bug Knight","The Jungle"],"gold_per_floor":[112,123,130,148,88,88,108,123,123,123,123,123,136,156,156,174,174,174,174,174],"floor_reached":18,"language":"ENG","playtime":517,"items_purged":["Injury"],"score":154,"play_id":"aa11fbf5-92cf-4155-b738-36733b843093","local_time":"20210214004506","is_ascension_mode":true,"campfire_choices":[{"data":"bronze:BronzeOrb","floor":6,"key":"SMITH"},{"data":"bronze:Strike","floor":15,"key":"SMITH"},{"data":"bronze:Repair","floor":17,"key":"SMITH"}],"circlet_count":0,"master_deck":["bronze:Strike","bronze:Strike","bronze:Strike","bronze:Strike+1","bronze:Defend","bronze:Defend","bronze:Defend","bronze:Defend","bronze:Replicate","bronze:Goto","bronze:Repair+1","bronze:Repair","bronze:BronzeOrb+1","Parasite"],"relics":["bronze:BronzeCore","ReplayTheSpireMod:CursedCoin","bronze:SilverBullet","Question Card"],"acts_visited":["Exordium"],"potions_floor_usage":[18,18,18],"damage_taken":[{"damage":4,"enemies":"Jaw Worm","floor":1,"turns":6},{"damage":0,"enemies":"Cultist","floor":2,"turns":3},{"damage":8,"enemies":"Small Slimes","floor":4,"turns":5},{"damage":1,"enemies":"Looter","floor":7,"turns":4},{"damage":0,"enemies":"Blue Slaver","floor":8,"turns":5},{"damage":1,"enemies":"3 Louse","floor":13,"turns":3},{"damage":3,"enemies":"Red Slaver","floor":14,"turns":6},{"damage":0,"enemies":"Exordium Wildlife","floor":16,"turns":5},{"damage":80,"enemies":"Slime Boss","floor":18,"turns":11}],"seed_played":"-2863107963989742950","potions_obtained":[{"floor":1,"key":"LiquidMemories"},{"floor":4,"key":"sneckomod:MuddlingPotion"},{"floor":13,"key":"Milkshake"}],"is_trial":false,"path_per_floor":["M","M","$","M","$","R","M","M","T","PTL","PTL","?","M","M","R","M","R","B"],"character_chosen":"THE_AUTOMATON","items_purchased":["ReplayTheSpireMod:CursedCoin","bronze:BronzeOrb","bronze:SilverBullet"],"campfire_rested":0,"item_purchase_floors":[3,3,5],"current_hp_per_floor":[66,73,73,75,75,75,76,77,77,77,77,77,76,73,73,77,77,0,0,0],"gold":174,"neow_bonus":"TEN_PERCENT_HP_BONUS","is_daily":false,"chose_seed":false,"campfire_upgraded":3,"win_rate":0.0,"timestamp":1613292306,"path_taken":["M","M","$","M","$","R","M","M","T","PTL","PTL","?","M","?","R","M","R","BOSS"],"items_purchased_type":["Relic","Card","Relic"],"build_version":"2020-12-22","purchased_purges":1,"victory":false,"max_hp_per_floor":[77,77,77,77,77,77,77,77,77,77,77,77,77,77,77,77,77,77,77,77],"card_choices":[{"not_picked":["bronze:Invalidate","bronze:DelayedSlice"],"picked":"bronze:Repair","floor":1},{"not_picked":["bronze:BugBarrage","bronze:InfiniteBeams"],"picked":"bronze:Repair","floor":2},{"not_picked":["bronze:FineTuning","bronze:Separator","bronze:Overheat"],"picked":"SKIP","floor":4},{"not_picked":["bronze:Repulsor","bronze:Iterate","bronze:Separator"],"picked":"SKIP","floor":7},{"not_picked":["bronze:Invalidate","bronze:HyperBeam","bronze:DelayedGuard"],"picked":"SKIP","floor":8},{"not_picked":["bronze:CloningBeam","bronze:Constructor","bronze:DelayedSlice","bronze:Invalidate"],"picked":"SKIP","floor":13},{"not_picked":["bronze:Repair","bronze:BugBarrage","bronze:DelayedSlice","bronze:ForceShield"],"picked":"SKIP","floor":14},{"not_picked":["bronze:BugBarrage","bronze:Return","bronze:Invalidate","bronze:Frontload"],"picked":"SKIP","floor":16}],"player_experience":245043,"relics_obtained":[{"floor":9,"key":"Question Card"}],"event_choices":[{"damage_healed":0,"gold_gain":0,"player_choice":"Bought 0 Potions","damage_taken":0,"max_hp_gain":0,"max_hp_loss":0,"event_name":"The Woman in Blue","floor":12,"gold_loss":0}],"is_beta":false,"boss_relics":[],"items_purged_floors":[3],"is_endless":false,"potions_floor_spawned":[1,4,13,16],"killed_by":"Slime Boss","ascension_level":9}}