{"host":"k7udt7atmcuzf6l0","time":1613298707,"event":{"mods":["AchievementEnabler","Act Like it!","BaseMod","BetterRewards","Colored Map","Colored Powertips","Highlight Path","Minty Spire (QoL Compilation)","Quick Restart","Rare Cards Sparkle","StSLib","UnlockEverythingMod"],"gold_per_floor":[110,125,95,17,27,27,40,69,69,15,29,29,56,75,75,174,174,187,33,33,53,70,90,90,90,90],"floor_reached":25,"language":"ZHS","playtime":1044,"items_purged":[],"score":240,"play_id":"afde126e-ca26-4ce5-9986-da01a2044f90","local_time":"20210214183146","is_ascension_mode":false,"campfire_choices":[{"data":"Flex","floor":6.0,"key":"SMITH"},{"data":"Armaments","floor":15.0,"key":"SMITH"},{"data":"Blind","floor":24,"key":"SMITH"}],"circlet_count":0,"master_deck":["Strike_R","Strike_R","Strike_R","Strike_R","Defend_R","Defend_R","Defend_R","Defend_R","Bash","Flex+1","Cleave","Inflame","Pommel Strike","Reaper","Dual Wield","Armaments+1","Inflame+1","Uppercut","Rupture+1","Combust+1","Double Tap","Seeing Red","Rupture+1","Blind+1","Cleave+1","Pommel Strike+1","Flex+1"],"relics":["Black Star","Juzu Bracelet","Frozen Egg 2","Strawberry","Self Forming Clay","Prayer Wheel","Philosopher\u0027s Stone"],"acts_visited":["Exordium","TheCity"],"potions_floor_usage":[21,22,23,23],"damage_taken":[{"damage":6.0,"enemies":"Jaw Worm","floor":1.0,"turns":3.0},{"damage":6.0,"enemies":"Cultist","floor":2.0,"turns":3.0},{"damage":7.0,"enemies":"2 Louse","floor":5.0,"turns":2.0},{"damage":6.0,"enemies":"Exordium Thugs","floor":7.0,"turns":3.0},{"damage":0.0,"enemies":"Gremlin Nob","floor":8.0,"turns":2.0},{"damage":11.0,"enemies":"Red Slaver","floor":11.0,"turns":3.0},{"damage":29.0,"enemies":"3 Sentries","floor":13.0,"turns":6.0},{"damage":21.0,"enemies":"Exordium Wildlife","floor":14.0,"turns":3.0},{"damage":28.0,"enemies":"Slime Boss","floor":16.0,"turns":7.0},{"damage":12.0,"enemies":"Chosen","floor":18.0,"turns":3.0},{"damage":3,"enemies":"Spheric Guardian","floor":21,"turns":3},{"damage":20,"enemies":"3 Cultists","floor":22,"turns":4},{"damage":16,"enemies":"Snecko","floor":23,"turns":4},{"damage":46,"enemies":"Gremlin Leader","floor":25,"turns":2}],"seed_played":"-7391297213134141993","potions_obtained":[{"floor":2.0,"key":"PowerPotion"},{"floor":3.0,"key":"Energy Potion"},{"floor":3.0,"key":"Dexterity Potion"},{"floor":8.0,"key":"FearPotion"},{"floor":13.0,"key":"Regen Potion"},{"floor":14.0,"key":"Fruit Juice"},{"floor":16.0,"key":"Fire Potion"},{"floor":18.0,"key":"EssenceOfSteel"},{"floor":20,"key":"Weak Potion"},{"floor":20,"key":"SteroidPotion"},{"floor":21,"key":"FearPotion"}],"is_trial":false,"path_per_floor":["M","M","?","$","M","R","M","E","T","$","M","?","E","M","R","B",null,"M","$","?","M","M","M","R","E"],"character_chosen":"IRONCLAD","items_purchased":["Inflame","Armaments","Rupture+1","Blind"],"campfire_rested":0,"item_purchase_floors":[4,10,19,19],"current_hp_per_floor":[74,68,68,68,61,61,55,55,62,62,57,50,48,36,36,13,92,80,80,80,77,57,41,41,0,0],"gold":90,"neow_bonus":"BOSS_RELIC","is_daily":false,"chose_seed":false,"campfire_upgraded":3,"win_rate":0.0,"timestamp":1613298706,"path_taken":["M","M","?","$","M","R","M","E","T","$","M","?","E","M","R","BOSS","M","$","?","M","M","M","R","E"],"items_purchased_type":["Card","Card","Card","Card"],"build_version":"2020-12-22","purchased_purges":0,"victory":false,"max_hp_per_floor":[80,80,80,80,80,80,80,80,87,87,87,87,87,87,87,92,92,92,92,92,92,92,92,92,92,92],"card_choices":[{"not_picked":["Body Slam","Pommel Strike"],"picked":"Flex","floor":1.0},{"not_picked":["Thunderclap","True Grit"],"picked":"Cleave","floor":2.0},{"not_picked":["Warcry","Thunderclap"],"picked":"Pommel Strike","floor":5.0},{"not_picked":["True Grit","Rage"],"picked":"Reaper","floor":7.0},{"not_picked":["Uppercut","Iron Wave"],"picked":"Dual Wield","floor":8.0},{"not_picked":["Shrug It Off","Dropkick"],"picked":"Inflame+1","floor":11.0},{"not_picked":["Iron Wave","Second Wind"],"picked":"Uppercut","floor":13.0},{"not_picked":["Clothesline","Dropkick"],"picked":"Rupture+1","floor":14.0},{"not_picked":["Seeing Red","Cleave"],"picked":"Combust+1","floor":14.0},{"not_picked":["Juggernaut+1","Barricade+1"],"picked":"Double Tap","floor":16.0},{"not_picked":["Intimidate","Iron Wave"],"picked":"Seeing Red","floor":18.0},{"not_picked":["Clash","Carnage","Headbutt"],"picked":"SKIP","floor":18.0},{"not_picked":["Headbutt","Pommel Strike"],"picked":"Cleave+1","floor":21},{"not_picked":["Inflame+1","True Grit","Demon Form+1"],"picked":"SKIP","floor":21},{"not_picked":["Clash+1","Warcry"],"picked":"Pommel Strike+1","floor":22},{"not_picked":["Disarm+1","Clash+1"],"picked":"Flex+1","floor":22},{"not_picked":["Sword Boomerang","Body Slam","Headbutt"],"picked":"SKIP","floor":23},{"not_picked":["Clash","Perfected Strike","True Grit"],"picked":"SKIP","floor":23}],"player_experience":124438,"relics_obtained":[{"floor":8.0,"key":"Juzu Bracelet"},{"floor":8.0,"key":"Frozen Egg 2"},{"floor":9.0,"key":"Strawberry"},{"floor":13.0,"key":"Self Forming Clay"},{"floor":13.0,"key":"Prayer Wheel"}],"event_choices":[{"damage_healed":0.0,"max_hp_gain":0.0,"max_hp_loss":0.0,"gold_gain":0.0,"event_name":"The Woman in Blue","player_choice":"Bought 2 Potions","floor":3.0,"gold_loss":0.0,"damage_taken":0.0},{"cards_removed":["Strike_R"],"damage_healed":0.0,"max_hp_gain":0.0,"max_hp_loss":0.0,"gold_gain":0.0,"event_name":"Golden Wing","player_choice":"Card Removal","floor":12.0,"gold_loss":0.0,"damage_taken":7.0},{"damage_healed":0,"gold_gain":0,"player_choice":"Got Potions","damage_taken":0,"max_hp_gain":0,"max_hp_loss":0,"event_name":"Lab","floor":20,"gold_loss":0}],"is_beta":false,"boss_relics":[{"not_picked":["SacredBark","Cursed Key"],"picked":"Philosopher\u0027s Stone"}],"items_purged_floors":[],"is_endless":false,"potions_floor_spawned":[2,8,13,14,16,18,21],"killed_by":"Gremlin Leader","ascension_level":0}}