{"host":"7mhqs6f6s6k42ena","time":1613289584,"event":{"mods":["BaseMod","Minty Spire (QoL Compilation)","StSLib"],"gold_per_floor":[114,114,8529,8529,8547,8547,8577,8596,8621,8638,8649,8649,8621,8633,8633,8735,8735,8754,8771,8771,7912,7931,7931,7945,7963,7963,7963,7963,7923,7162,7162,7162,7267,7267,7285,6718,6818,6283,6283,6315,6360,6360,6414,6414,6427,6427,6427,6442,6442,6442,6442,6442,5767,5798,5798],"floor_reached":56,"language":"ZHS","playtime":7034,"items_purged":["Writhe"],"score":1265,"play_id":"eb2fa767-f9d0-46ab-abdd-3bb137739dac","local_time":"20210214155944","is_ascension_mode":true,"campfire_choices":[{"data":"Mind Blast","floor":6,"key":"SMITH"},{"floor":15,"key":"REST"},{"floor":23,"key":"RECALL"},{"floor":27,"key":"REST"},{"floor":32,"key":"REST"},{"floor":42,"key":"REST"},{"floor":44,"key":"REST"},{"floor":47,"key":"REST"},{"floor":49,"key":"REST"},{"floor":52,"key":"REST"}],"circlet_count":0,"master_deck":["Strike_P","Strike_P","Strike_P","Strike_P","Defend_P+1","Defend_P+1","Defend_P","Defend_P","Eruption","Vigilance","BowlingBash","SashWhip","SandsOfTime","Vengeance","Perseverance","BattleHymn","Metamorphosis","Mind Blast+1","Pray","CrushJoints+1","DeceiveReality","EmptyFist","Prostrate","FlurryOfBlows","DeusExMachina+1","Swivel","JustLucky+1","Pray","Conclude","DeceiveReality","Weave+1","Tantrum+1","LikeWater","RitualDagger","Nirvana","Dark Shackles","Weave","ClearTheMind","Secret Weapon","Devotion","PathToVictory+1","Devotion","Establishment","Panacea","Chrysalis","ThirdEye","Collect+1","TalkToTheHand","Enlightenment","CrushJoints","EmptyBody","The Bomb","ClearTheMind+1","Battle Trance","Purity","Halt+1","Wallop+1","Prostrate","FlyingSleeves","CutThroughFate","Pray","Devotion","Flash of Steel","Magnetism"],"relics":["PureWater","Sling","Sundial","Pocketwatch","Damaru","Anchor","Fusion Hammer","Pantograph","Lantern","Chemical X","Gambling Chip","Juzu Bracelet","Strawberry","Membership Card","Busted Crown","Shuriken","Oddly Smooth Stone","DollysMirror","InkBottle","Du-Vu Doll","PrismaticShard","Orichalcum","Torii","Calipers","War Paint","Lizard Tail","Orrery","Bottled Flame","Pear"],"acts_visited":["Exordium","TheCity","TheBeyond","TheEnding"],"potions_floor_usage":[41,55,55,55],"damage_taken":[{"damage":0,"enemies":"Small Slimes","floor":1,"turns":2},{"damage":1,"enemies":"2 Louse","floor":5,"turns":2},{"damage":18,"enemies":"3 Sentries","floor":7,"turns":4},{"damage":4,"enemies":"Cultist","floor":8,"turns":3},{"damage":3,"enemies":"Red Slaver","floor":10,"turns":2},{"damage":7,"enemies":"Exordium Thugs","floor":11,"turns":5},{"damage":0,"enemies":"3 Louse","floor":14,"turns":2},{"damage":27,"enemies":"Slime Boss","floor":16,"turns":5},{"damage":6,"enemies":"2 Thieves","floor":18,"turns":4},{"damage":11,"enemies":"3 Byrds","floor":19,"turns":5},{"damage":3,"enemies":"Snecko","floor":22,"turns":5},{"damage":0,"enemies":"Cultist and Chosen","floor":24,"turns":4},{"damage":17,"enemies":"3 Cultists","floor":25,"turns":4},{"damage":58,"enemies":"Champ","floor":33,"turns":11},{"damage":12,"enemies":"3 Shapes","floor":35,"turns":5},{"damage":47,"enemies":"Nemesis","floor":40,"turns":5},{"damage":23,"enemies":"2 Orb Walkers","floor":41,"turns":4},{"damage":1,"enemies":"Orb Walker","floor":45,"turns":4},{"damage":30,"enemies":"Sphere and 2 Shapes","floor":48,"turns":3},{"damage":45,"enemies":"Awakened One","floor":50,"turns":8},{"damage":58,"enemies":"Shield and Spear","floor":54,"turns":5},{"damage":119,"enemies":"The Heart","floor":55,"turns":9}],"seed_played":"8056302934840412487","potions_obtained":[],"is_trial":false,"path_per_floor":["M","?","$","?","M","R","E","M","T","M","M","?","?","M","R","B",null,"M","M","?","$","M","R","M","M","T","R","?","?","$","?","R","B",null,"M","$","?","$","T","E","?","R","T","R","M","?","R","M","R","B",null,"R","$","E","B",null],"character_chosen":"WATCHER","items_purchased":["SashWhip","Sling","Sundial","Pocketwatch","SandsOfTime","Vengeance","Perseverance","BattleHymn","Metamorphosis","Mind Blast","StancePotion","BlessingOfTheForge","SkillPotion","Pray","Conclude","Lantern","Chemical X","Gambling Chip","DeceiveReality","Nirvana","Dark Shackles","Juzu Bracelet","Strawberry","Membership Card","Weave","ClearTheMind","Secret Weapon","Shuriken","Oddly Smooth Stone","DollysMirror","Establishment","Panacea","Chrysalis","ThirdEye","Collect","TalkToTheHand","Enlightenment","InkBottle","Du-Vu Doll","PrismaticShard","CrushJoints","EmptyBody","The Bomb","Lizard Tail","Orrery","EssenceOfSteel","Prostrate","FlyingSleeves","CutThroughFate","Pray","Devotion","Flash of Steel","Magnetism","Bottled Flame"],"campfire_rested":8,"item_purchase_floors":[3,3,3,3,3,3,3,3,3,3,3,3,3,21,21,21,21,21,21,30,30,30,30,30,30,30,30,36,36,36,36,36,36,36,36,36,38,38,38,38,38,38,38,53,53,53,53,53,53,53,53,53,53,53],"current_hp_per_floor":[79,79,79,84,83,83,65,61,61,58,51,51,51,51,76,49,84,78,67,67,67,64,64,64,47,47,72,66,66,73,73,91,33,91,79,79,79,79,79,32,9,36,36,63,62,62,89,59,86,46,91,91,91,101,67],"gold":5798,"neow_bonus":"TEN_PERCENT_HP_BONUS","is_daily":false,"chose_seed":false,"campfire_upgraded":1,"win_rate":0.0,"timestamp":1613289584,"path_taken":["M","?","$","?","M","R","E","M","T","M","M","?","?","M","R","BOSS","M","M","?","$","M","R","M","M","T","R","?","?","$","?","R","BOSS","M","$","?","$","?","E","?","R","T","R","M","?","R","M","R","BOSS","R","$","E","BOSS"],"items_purchased_type":["Card","Relic","Relic","Relic","Card","Card","Card","Card","Card","Card","Potion","Potion","Potion","Card","Card","Relic","Relic","Relic","Card","Card","Card","Relic","Relic","Relic","Card","Card","Card","Relic","Relic","Relic","Card","Card","Card","Card","Card","Card","Card","Relic","Relic","Relic","Card","Card","Card","Relic","Relic","Potion","Card","Card","Card","Card","Card","Card","Card","Relic"],"build_version":"2020-12-22","purchased_purges":1,"victory":true,"max_hp_per_floor":[79,79,79,84,84,84,84,84,84,84,84,84,84,84,84,84,84,84,84,84,84,84,84,84,84,84,84,84,84,91,91,91,91,91,91,91,91,91,91,91,91,91,91,91,91,91,91,91,91,91,91,91,91,101,101],"card_choices":[{"not_picked":["ClearTheMind","Nirvana"],"picked":"BowlingBash","floor":1},{"not_picked":["FollowUp","Halt"],"picked":"Pray","floor":5},{"not_picked":["PathToVictory","Evaluate"],"picked":"CrushJoints","floor":7},{"not_picked":["Fasting2","CutThroughFate"],"picked":"DeceiveReality","floor":8},{"not_picked":["SandsOfTime","PathToVictory"],"picked":"EmptyFist","floor":10},{"not_picked":["EmptyFist","Wallop"],"picked":"Prostrate","floor":11},{"not_picked":["BattleHymn","CutThroughFate"],"picked":"FlurryOfBlows","floor":14},{"not_picked":["LessonLearned","Ragnarok"],"picked":"DeusExMachina","floor":16},{"not_picked":["EmptyMind","EmptyFist"],"picked":"Swivel","floor":18},{"not_picked":["SashWhip+1","EmptyBody"],"picked":"JustLucky+1","floor":19},{"not_picked":["CarveReality","ReachHeaven"],"picked":"Weave+1","floor":22},{"not_picked":["Consecrate+1","JustLucky"],"picked":"Tantrum+1","floor":24},{"not_picked":["Evaluate","ThirdEye"],"picked":"LikeWater","floor":25},{"not_picked":["Brilliance","Judgement"],"picked":"Devotion","floor":33},{"not_picked":[],"picked":"PathToVictory+1","floor":35},{"not_picked":["The Bomb"],"picked":"SKIP","floor":40},{"not_picked":[],"picked":"ClearTheMind+1","floor":41},{"not_picked":[],"picked":"Battle Trance","floor":45},{"not_picked":[],"picked":"Purity","floor":46},{"not_picked":[],"picked":"Halt+1","floor":48},{"not_picked":[],"picked":"Wallop+1","floor":53},{"not_picked":["Steam Power+1"],"picked":"SKIP","floor":54}],"player_experience":37514,"relics_obtained":[{"floor":7,"key":"Damaru"},{"floor":9,"key":"Anchor"},{"floor":39,"key":"Orichalcum"},{"floor":40,"key":"Torii"},{"floor":41,"key":"Calipers"},{"floor":43,"key":"War Paint"},{"floor":54,"key":"Pear"}],"event_choices":[{"damage_healed":0,"gold_gain":0,"player_choice":"Leave","damage_taken":0,"max_hp_gain":0,"max_hp_loss":0,"event_name":"The Cleric","floor":2,"gold_loss":0},{"damage_healed":0,"gold_gain":0,"player_choice":"Donut","damage_taken":0,"max_hp_gain":5,"max_hp_loss":0,"event_name":"Big Fish","floor":4,"gold_loss":0},{"damage_healed":0,"gold_gain":0,"player_choice":"Ignored","damage_taken":0,"max_hp_gain":0,"max_hp_loss":0,"event_name":"Liars Game","floor":12,"gold_loss":0},{"damage_healed":0,"gold_gain":0,"player_choice":"Left Gold","damage_taken":0,"max_hp_gain":0,"max_hp_loss":0,"event_name":"World of Goop","floor":13,"gold_loss":28},{"damage_healed":0,"gold_gain":0,"player_choice":"Opened","damage_taken":0,"relics_obtained":["Pantograph"],"max_hp_gain":0,"max_hp_loss":0,"event_name":"The Mausoleum","floor":20,"gold_loss":0,"cards_obtained":["Writhe"]},{"damage_healed":0,"gold_gain":0,"player_choice":"Joined the Cult","damage_taken":6,"max_hp_gain":0,"max_hp_loss":0,"event_name":"Nest","floor":28,"gold_loss":0,"cards_obtained":["RitualDagger"]},{"damage_healed":0,"gold_gain":0,"player_choice":"Upgraded Two","damage_taken":0,"max_hp_gain":0,"max_hp_loss":0,"event_name":"Designer","floor":29,"gold_loss":40,"cards_upgraded":["CrushJoints","Defend_P"]},{"damage_healed":0,"gold_gain":0,"player_choice":"Upgraded","damage_taken":0,"max_hp_gain":0,"max_hp_loss":0,"event_name":"Upgrade Shrine","floor":31,"gold_loss":0,"cards_upgraded":["DeusExMachina"]},{"damage_healed":0,"gold_gain":100,"player_choice":"Pray","damage_taken":0,"max_hp_gain":0,"max_hp_loss":0,"event_name":"Golden Shrine","floor":37,"gold_loss":0},{"damage_healed":0,"gold_gain":0,"player_choice":"Fight","damage_taken":0,"max_hp_gain":0,"max_hp_loss":0,"event_name":"Mysterious Sphere","floor":41,"gold_loss":0},{"damage_healed":0,"gold_gain":0,"player_choice":"Memory 1","damage_taken":0,"max_hp_gain":0,"max_hp_loss":0,"event_name":"SensoryStone","floor":46,"gold_loss":0}],"is_beta":false,"boss_relics":[{"not_picked":["Runic Pyramid","SacredBark"],"picked":"Fusion Hammer"},{"not_picked":["Empty Cage","Cursed Key"],"picked":"Busted Crown"}],"items_purged_floors":[21],"is_endless":false,"potions_floor_spawned":[7,11,16,19,22,40,41,45],"ascension_level":1}}