{"host":"x1d9cj1vze2ie4yu","time":1613326036,"event":{"mods":["Act Like it!","BaseMod","Better Vampires","Conspire","Minty Spire (QoL Compilation)","Pale of the Ancients","Permanent Neow","Relic Stats","Reliquary","Replay The Spire","Spicy Shops","StSLib","[IsaacMod]以撒尖塔","【功能Mod】聪明的最终Boss"],"gold_per_floor":[117,117,117,117,13,72,84,129,165,204,216,228,293,346,358,471,483,539,551,581,629,657,669,740,752,764,776,800,812,812],"floor_reached":29,"language":"ZHS","playtime":800,"items_purged":[],"score":463,"play_id":"eefa32a7-40c7-4649-9382-6c69dbfaed58","local_time":"20210215020716","is_ascension_mode":true,"campfire_choices":[{"data":"BettingIsNotGood","floor":7.0,"key":"SMITH"},{"floor":12.0,"key":"RECALL"},{"floor":15.0,"key":"DIG"},{"floor":23.0,"key":"REST"},{"data":"ReplayTheSpireMod:Limb From Limb","floor":27.0,"key":"SMITH"}],"circlet_count":0,"master_deck":["Strike_R","Strike_R","Defend_R","Defend_R","Defend_R","Bash+1","BettingIsNotGood+1","Injury","ReplayTheSpireMod:Limb From Limb+1","Impervious","Flame Barrier+1"],"relics":["Burning Blood","HushsDoor","BloodDonationMachine","NeowsBlessing","reliquary:Sideboard","MawBank","reliquary:ExpiredCoupon","MoneyPower","Gremlin Horn","Replay:WaspNest","conspire:RunicOctahedron","Replay:Wax Seal","Oddly Smooth Stone"],"acts_visited":["Exordium","TheCity"],"potions_floor_usage":[29],"damage_taken":[{"damage":0.0,"enemies":"Small Slimes","floor":1.0,"turns":1.0},{"damage":0.0,"enemies":"3 Sentries","floor":6.0,"turns":2.0},{"damage":0.0,"enemies":"Gremlin Nob","floor":8.0,"turns":1.0},{"damage":17.0,"enemies":"Lagavulin","floor":10.0,"turns":3.0},{"damage":40.0,"enemies":"3 Sentries","floor":13.0,"turns":5.0},{"damage":2.0,"enemies":"2 Louse","floor":14.0,"turns":4.0},{"damage":53.0,"enemies":"Slime Boss","floor":16.0,"turns":7.0},{"damage":19.0,"enemies":"Chosen","floor":18.0,"turns":4.0},{"damage":33.0,"enemies":"Spheric Guardian","floor":20.0,"turns":3.0},{"damage":48.0,"enemies":"Snake Plant","floor":21.0,"turns":3.0},{"damage":7.0,"enemies":"Chosen and Byrds","floor":22.0,"turns":2.0},{"damage":39.0,"enemies":"conspire:Head Lice","floor":24.0,"turns":10.0},{"damage":0.0,"enemies":"Snecko","floor":28.0,"turns":2.0},{"damage":37,"enemies":"Book of Stabbing","floor":29,"turns":4}],"seed_played":"4903041091568186137","potions_obtained":[{"floor":6.0,"key":"Reflective Coating"},{"floor":10.0,"key":"Elixir"},{"floor":14.0,"key":"ColorlessPotion"},{"floor":18.0,"key":"DistilledChaos"},{"floor":20.0,"key":"Strength Potion"},{"floor":21.0,"key":"Strength Potion"},{"floor":24.0,"key":"ColorlessPotion"}],"is_trial":false,"path_per_floor":["M","?","?","?","$","E","R","E","T","E","?","R","E","M","R","B",null,"M","?","M","M","M","R","E","?","T","R","M","E"],"character_chosen":"IRONCLAD","items_purchased":["reliquary:Sideboard"],"campfire_rested":1,"item_purchase_floors":[5],"current_hp_per_floor":[78,71,71,71,71,74,74,80,80,69,69,69,45,59,59,12,63,50,76,53,11,10,34,31,31,31,31,37,0,0],"gold":812,"neow_bonus":"THREE_ENEMY_KILL","is_daily":false,"chose_seed":false,"campfire_upgraded":2,"win_rate":0.0,"timestamp":1613326036,"path_taken":["M","?","?","?","?","E","R","E","T","E","?","R","E","M","R","BOSS","M","?","?","M","M","R","E","?","T","R","M","E"],"items_purchased_type":["Relic"],"build_version":"2020-12-22","purchased_purges":0,"victory":false,"max_hp_per_floor":[80,80,80,80,80,80,80,80,80,80,80,80,80,80,80,80,80,80,80,80,80,80,80,80,80,80,80,80,80,80],"relic_stats":{"Gremlin Horn":[16,16],"counters":[14,51],"MawBank":276,"obtain_stats":[{"KeepersGift":0,"NeowsBlessing":0,"Gremlin Horn":13,"reliquary:Sideboard":5,"Oddly Smooth Stone":26,"conspire:RunicOctahedron":17,"Replay:WaspNest":15,"MoneyPower":10,"MawBank":6,"Burning Blood":0,"reliquary:ExpiredCoupon":8,"Replay:Wax Seal":24,"HushsDoor":0,"BloodDonationMachine":0},{"KeepersGift":0,"NeowsBlessing":0,"Gremlin Horn":5,"reliquary:Sideboard":1,"Oddly Smooth Stone":12,"conspire:RunicOctahedron":7,"Replay:WaspNest":6,"MoneyPower":4,"MawBank":2,"Burning Blood":0,"reliquary:ExpiredCoupon":3,"Replay:Wax Seal":12,"HushsDoor":0,"BloodDonationMachine":0},{"KeepersGift":0,"NeowsBlessing":0,"Gremlin Horn":12,"reliquary:Sideboard":1,"Oddly Smooth Stone":45,"conspire:RunicOctahedron":23,"Replay:WaspNest":16,"MoneyPower":7,"MawBank":3,"Burning Blood":0,"reliquary:ExpiredCoupon":4,"Replay:Wax Seal":45,"HushsDoor":0,"BloodDonationMachine":0}],"Burning Blood":78},"card_choices":[{"not_picked":[],"picked":"BettingIsNotGood","floor":0.0},{"not_picked":["Flex","Shockwave","Replay:Undeath\u0027s Touch"],"picked":"SKIP","floor":1.0},{"not_picked":["Pummel","Ghostly Armor","Fire Breathing"],"picked":"SKIP","floor":6.0},{"not_picked":["Flex","Disarm"],"picked":"ReplayTheSpireMod:Limb From Limb","floor":8.0},{"not_picked":["Dropkick","Pummel","Run Through"],"picked":"SKIP","floor":10.0},{"not_picked":["Perfected Strike","Life Link","Thunderclap"],"picked":"SKIP","floor":13.0},{"not_picked":["Shockwave","ReplayTheSpireMod:Strike From Hell","Bloodletting"],"picked":"SKIP","floor":14.0},{"not_picked":["Demon Form","Feed"],"picked":"Impervious","floor":16.0},{"not_picked":["Iron Wave+1","Replay:Undeath\u0027s Touch+1","Wild Strike"],"picked":"SKIP","floor":18.0},{"not_picked":["ReplayTheSpireMod:LeadingStrike+1","Ghostly Armor","Burning Pact"],"picked":"SKIP","floor":20.0},{"not_picked":["conspire:ExplosiveBarrier","Body Slam"],"picked":"Flame Barrier+1","floor":21.0},{"not_picked":["Uppercut","Thunderclap","Intimidate"],"picked":"SKIP","floor":22.0},{"not_picked":["Feel No Pain","Iron Wave+1","Anger"],"picked":"SKIP","floor":24.0},{"not_picked":["Hemokinesis","Body Slam","ReplayTheSpireMod:Corrosion Curse+1"],"picked":"SKIP","floor":28.0}],"player_experience":80316,"relics_obtained":[{"floor":6.0,"key":"MawBank"},{"floor":8.0,"key":"reliquary:ExpiredCoupon"},{"floor":10.0,"key":"MoneyPower"},{"floor":13.0,"key":"Gremlin Horn"},{"floor":15.0,"key":"Replay:WaspNest"},{"floor":24.0,"key":"Replay:Wax Seal"},{"floor":26.0,"key":"Oddly Smooth Stone"}],"event_choices":[{"cards_removed":["Defend_R"],"damage_healed":0.0,"max_hp_gain":0.0,"max_hp_loss":0.0,"gold_gain":0.0,"event_name":"Golden Wing","player_choice":"Card Removal","floor":2.0,"gold_loss":0.0,"damage_taken":7.0},{"cards_removed":["Strike_R"],"damage_healed":0.0,"max_hp_gain":0.0,"max_hp_loss":0.0,"gold_gain":0.0,"event_name":"Living Wall","player_choice":"Forget","floor":4.0,"gold_loss":0.0,"damage_taken":0.0},{"damage_healed":0.0,"max_hp_gain":0.0,"max_hp_loss":0.0,"gold_gain":0.0,"event_name":"Upgrade Shrine","player_choice":"Upgraded","floor":11.0,"gold_loss":0.0,"damage_taken":0.0,"cards_upgraded":["Bash"]},{"damage_healed":26.0,"max_hp_gain":0.0,"max_hp_loss":0.0,"gold_gain":0.0,"event_name":"The Library","player_choice":"Heal","floor":19.0,"gold_loss":0.0,"damage_taken":0.0},{"cards_removed":["Strike_R"],"damage_healed":0.0,"max_hp_gain":0.0,"max_hp_loss":0.0,"gold_gain":0.0,"event_name":"Back to Basics","player_choice":"Elegance","floor":25.0,"gold_loss":0.0,"damage_taken":0.0}],"is_beta":false,"boss_relics":[{"not_picked":["Cursed Key","Runic Pyramid"],"picked":"conspire:RunicOctahedron"},{"not_picked":[]}],"items_purged_floors":[],"is_endless":false,"potions_floor_spawned":[6,10,14,18,20,21,24],"killed_by":"Book of Stabbing","ascension_level":9}}