{"host":"1e3ivg30op4goso1","time":1613336728,"event":{"mods":["AchievementEnabler","Ascension Unlocker","BaseMod","Colored Map","Minty Spire (QoL Compilation)","Permanent Neow","Quick Restart","Relic Filter","StSLib","SuperFastMode"],"gold_per_floor":[109,109,129,129,139,139,167,167,167,202,120,120,139,150,150,223,223,233,245,245,43,43,43,53,66,66,83,83,83],"floor_reached":28,"language":"ENG","playtime":1374,"items_purged":[],"score":440,"play_id":"43e8b106-ff2d-4184-85ad-bf226e39cf45","local_time":"20210214160528","is_ascension_mode":true,"campfire_choices":[{"data":"Go for the Eyes","floor":6.0,"key":"SMITH"},{"floor":8.0,"key":"REST"},{"data":"Beam Cell","floor":12.0,"key":"SMITH"},{"floor":15.0,"key":"REST"},{"floor":23,"key":"REST"}],"circlet_count":0,"master_deck":["AscendersBane","Strike_B","Strike_B","Strike_B","Strike_B","Defend_B","Defend_B","Zap","Dualcast","Go for the Eyes+1","Self Repair","Reprogram","Beam Cell+1","Streamline","Hologram","Gash","Go for the Eyes","Scrape","FTL","Scrape","Sweeping Beam","Machine Learning","FTL"],"relics":["Runic Pyramid","Odd Mushroom","Mango","CaptainsWheel","Runic Dome","Orrery","MutagenicStrength","Letter Opener"],"acts_visited":["Exordium","TheCity"],"potions_floor_usage":[16],"damage_taken":[{"damage":6.0,"enemies":"Jaw Worm","floor":1.0,"turns":5.0},{"damage":16.0,"enemies":"2 Louse","floor":3.0,"turns":2.0},{"damage":4.0,"enemies":"Cultist","floor":5.0,"turns":4.0},{"damage":29.0,"enemies":"The Mushroom Lair","floor":7.0,"turns":5.0},{"damage":25.0,"enemies":"Gremlin Nob","floor":10.0,"turns":4.0},{"damage":16.0,"enemies":"Looter","floor":13.0,"turns":3.0},{"damage":17.0,"enemies":"3 Louse","floor":14.0,"turns":4.0},{"damage":22,"enemies":"Slime Boss","floor":16,"turns":12},{"damage":50,"enemies":"3 Byrds","floor":18,"turns":6},{"damage":23,"enemies":"2 Thieves","floor":19,"turns":4},{"damage":18,"enemies":"Snake Plant","floor":24,"turns":4},{"damage":14,"enemies":"Snecko","floor":25,"turns":4},{"damage":16,"enemies":"Centurion and Healer","floor":27,"turns":4},{"damage":6,"enemies":"Snake Plant","floor":28,"turns":2}],"seed_played":"328688253750309088","potions_obtained":[{"floor":1.0,"key":"FocusPotion"},{"floor":7.0,"key":"AttackPotion"},{"floor":13.0,"key":"ColorlessPotion"},{"floor":18,"key":"Swift Potion"},{"floor":19,"key":"DuplicationPotion"}],"is_trial":false,"path_per_floor":["M","?","M","?","M","R","?","R","T","E","$","R","M","M","R","B",null,"M","M","?","$","?","R","M","M","T","M","M"],"character_chosen":"DEFECT","items_purchased":["Streamline","Hologram","FTL","Orrery"],"campfire_rested":3,"item_purchase_floors":[11,11,21,21],"current_hp_per_floor":[58,51,35,35,38,38,16,37,51,33,33,33,24,14,39,24,70,27,11,11,11,11,36,25,18,18,2,0,0],"gold":83,"neow_bonus":"BOSS_RELIC","is_daily":false,"chose_seed":false,"campfire_upgraded":2,"win_rate":0.0,"timestamp":1613336728,"path_taken":["M","?","M","?","M","R","?","R","T","E","?","R","?","M","R","BOSS","M","M","?","$","?","R","M","M","T","?","?"],"items_purchased_type":["Card","Card","Card","Relic"],"build_version":"2020-12-22","purchased_purges":0,"victory":false,"max_hp_per_floor":[71,71,71,71,71,71,71,71,85,85,85,85,85,85,85,85,85,85,85,85,85,85,85,85,85,85,85,85,85],"card_choices":[{"not_picked":["White Noise","Rebound"],"picked":"Go for the Eyes","floor":1.0},{"not_picked":["Coolheaded","Conserve Battery"],"picked":"Self Repair","floor":3.0},{"not_picked":["Consume","Ball Lightning"],"picked":"Reprogram","floor":5.0},{"not_picked":["Force Field","Leap"],"picked":"Beam Cell","floor":10.0},{"not_picked":["Coolheaded","Fusion","Defragment"],"picked":"SKIP","floor":13.0},{"not_picked":["Darkness","Double Energy","Barrage"],"picked":"SKIP","floor":14.0},{"not_picked":["Compile Driver","Sweeping Beam"],"picked":"Gash","floor":18},{"not_picked":["Streamline","Lockon"],"picked":"Go for the Eyes","floor":19},{"not_picked":["Self Repair","Go for the Eyes"],"picked":"Scrape","floor":21},{"not_picked":["Auto Shields","Compile Driver"],"picked":"Sweeping Beam","floor":21},{"not_picked":["Doom and Gloom+1","Sweeping Beam"],"picked":"Machine Learning","floor":21},{"not_picked":["Steam","Melter","Hologram"],"picked":"SKIP","floor":24},{"not_picked":["Reprogram","Steam"],"picked":"FTL","floor":25},{"not_picked":["Barrage","Hologram","Steam Power"],"picked":"SKIP","floor":27}],"player_experience":3615,"relics_obtained":[{"floor":7.0,"key":"Odd Mushroom"},{"floor":9.0,"key":"Mango"},{"floor":10.0,"key":"CaptainsWheel"},{"floor":26,"key":"Letter Opener"}],"event_choices":[{"cards_removed":["Defend_B"],"damage_healed":0.0,"max_hp_gain":0.0,"max_hp_loss":0.0,"gold_gain":0.0,"event_name":"Golden Wing","player_choice":"Card Removal","floor":2.0,"gold_loss":0.0,"damage_taken":7.0},{"cards_removed":["Defend_B"],"damage_healed":0.0,"max_hp_gain":0.0,"max_hp_loss":0.0,"gold_gain":0.0,"event_name":"Living Wall","player_choice":"Forget","floor":4.0,"gold_loss":0.0,"damage_taken":0.0},{"damage_healed":0.0,"max_hp_gain":0.0,"max_hp_loss":0.0,"gold_gain":0.0,"event_name":"Mushrooms","player_choice":"Fought Mushrooms","floor":7.0,"gold_loss":0.0,"damage_taken":0.0},{"damage_healed":0,"gold_gain":0,"player_choice":"Read","damage_taken":0,"max_hp_gain":0,"max_hp_loss":0,"event_name":"The Library","floor":20,"gold_loss":0,"cards_obtained":["Scrape"]},{"damage_healed":0,"gold_gain":0,"player_choice":"Inject Mutagens","damage_taken":0,"relics_obtained":["MutagenicStrength"],"max_hp_gain":0,"max_hp_loss":0,"event_name":"Drug Dealer","floor":22,"gold_loss":0}],"is_beta":false,"boss_relics":[{"not_picked":["Velvet Choker","Inserter"],"picked":"Runic Dome"}],"items_purged_floors":[],"is_endless":false,"potions_floor_spawned":[1,7,13,18,19,24],"killed_by":"Snake Plant","ascension_level":20}}