{"host":"onfdonezo2qmaex3","time":1613304910,"event":{"mods":["2.2 Compatiblity","AchievementEnabler","Act Like it!","Aspiration","BaseMod","Colored Powertips","Downfall","Friendly Minions","Gensokyo","Hallownest","Hermit","Highlight Path","Jorbs\u0027s Wanderer Trilogy","Marisa????????","Marked Mod","Minty Spire (QoL Compilation)","Quick Restart","Reliquary","Shop Mod","StSLib","The Disciple","The Hayseed","The Hierophant","The Marked","The Runesmith"],"gold_per_floor":[117,18,18,36,56,91,116,116,140,65,84,84,84,96,96,96,96],"floor_reached":16,"language":"ENG","playtime":916,"items_purged":["hermit:Cheat"],"score":102,"play_id":"9574c822-0fce-4ce3-87d6-d843b7904335","local_time":"20210214131510","is_ascension_mode":false,"campfire_choices":[{"data":"Bullet Time","floor":13,"key":"SMITH"},{"data":"hermit:TakeCover","floor":15,"key":"SMITH"}],"circlet_count":0,"master_deck":["hermit:Strike_Hermit","hermit:Strike_Hermit","hermit:Strike_Hermit","hermit:Defend_Hermit","hermit:Defend_Hermit","hermit:Defend_Hermit","hermit:Snapshot","hermit:Covet","hermit:FinalCanter","hermit:GhostlyPresence","Pain","Phantasmal Killer","Bullet Time+1","Masterful Stab","hermit:TakeCover+1"],"relics":["hermit:Momento","Gensokyo:Companionship","Unceasing Top","Gensokyo:LunaticRedEyes"],"acts_visited":["Gensokyo:Gensokyo"],"potions_floor_usage":[6,6],"damage_taken":[{"damage":0,"enemies":"Gensokyo:Gryphon","floor":1,"turns":2},{"damage":9,"enemies":"Gensokyo:3_Fairies","floor":4,"turns":4},{"damage":1,"enemies":"Gensokyo:2_Kodama","floor":5,"turns":3},{"damage":3,"enemies":"Gensokyo:Cirno","floor":6,"turns":7},{"damage":0,"enemies":"Gensokyo:2_Rabbits","floor":7,"turns":5},{"damage":0,"enemies":"Gensokyo:LivingMonolith","floor":11,"turns":2},{"damage":4,"enemies":"Gensokyo:VengefulSpirit","floor":14,"turns":3},{"damage":41,"enemies":"Gensokyo:Kokoro","floor":16,"turns":13}],"seed_played":"-1040838135010869857","potions_obtained":[{"floor":1,"key":"hexamod:SoulburnPotion"},{"floor":5,"key":"Strength Potion"}],"is_trial":false,"path_per_floor":["M","COS","?","M","M","E","M","?","T","$","M","?","R","M","R","B"],"character_chosen":"HERMIT","items_purchased":[],"campfire_rested":0,"item_purchase_floors":[],"current_hp_per_floor":[54,54,47,38,37,34,34,34,34,34,34,34,34,30,30,0,0],"gold":96,"neow_bonus":"THREE_RARE_CARDS","is_daily":false,"chose_seed":false,"campfire_upgraded":2,"win_rate":0.0,"timestamp":1613304910,"path_taken":["M","COS","?","M","M","E","M","?","T","$","M","?","R","?","R","BOSS"],"items_purchased_type":[],"build_version":"2020-12-22","purchased_purges":1,"victory":false,"max_hp_per_floor":[75,75,75,75,75,75,75,75,75,75,75,75,75,75,75,75,75],"card_choices":[{"not_picked":["hermit:HeroicBravado","hermit:OverwhelmingPower"],"picked":"hermit:FinalCanter","floor":0},{"not_picked":["hermit:Misfire","hermit:Vantage"],"picked":"hermit:Scavenge","floor":1},{"not_picked":["hermit:Quickdraw","hermit:Feint","hermit:Ricochet"],"picked":"SKIP","floor":4},{"not_picked":["hermit:BodyArmor","hermit:Snipe"],"picked":"hermit:Cheat","floor":5},{"not_picked":["hermit:HighNoon","hermit:TrackingShot"],"picked":"hermit:GhostlyPresence","floor":6},{"not_picked":["hermit:Quickdraw","hermit:NoHoldsBarred","hermit:ItchyTrigger"],"picked":"SKIP","floor":7},{"not_picked":["hermit:Desperado","hermit:Showdown","hermit:Maintenance"],"picked":"SKIP","floor":11},{"not_picked":["hermit:Vantage","hermit:LuckOfTheDraw"],"picked":"hermit:TakeCover","floor":14}],"player_experience":190620,"relics_obtained":[{"floor":6,"key":"Unceasing Top"}],"event_choices":[],"is_beta":false,"boss_relics":[],"items_purged_floors":[10],"is_endless":false,"potions_floor_spawned":[1,5],"killed_by":"Gensokyo:Kokoro","ascension_level":0}}