{"host":"qp7xs8nuzfsyommi","time":1613274429,"event":{"mods":["2.2 Compatiblity","BaseMod","Colored Powertips","DeckTracker","Highlight Path","Minty Spire (QoL Compilation)","Permanent Neow","Quick Restart","StSLib"],"gold_per_floor":[13,33,53,69,83,83,83,112,191,191,191,224,224,59,59,132,132,147,163,181,7,7,7,7,0,25,25,25,25,25,25],"floor_reached":30,"language":"ENG","playtime":1463,"items_purged":[],"score":572,"play_id":"5bfc2cda-f888-48da-a1e8-1abd11f81bb4","local_time":"20210213224709","is_ascension_mode":true,"campfire_choices":[{"data":"Machine Learning","floor":6.0,"key":"SMITH"},{"floor":10.0,"key":"REST"},{"data":"Buffer","floor":15.0,"key":"SMITH"},{"data":"Loop","floor":23,"key":"SMITH"},{"floor":24,"key":"RECALL"},{"data":"Self Repair","floor":29,"key":"SMITH"}],"circlet_count":0,"master_deck":["AscendersBane","Strike_B","Strike_B","Strike_B","Strike_B","Defend_B","Defend_B","Defend_B","Defend_B+1","Zap","Dualcast+1","Coolheaded","Melter","Self Repair+1","Machine Learning+1","Sweeping Beam","Buffer+1","Echo Form","Turbo","Loop+1","Hologram","Streamline","Regret"],"relics":["Cracked Core","WingedGreaves","Happy Flower","Symbiotic Virus","White Beast Statue","Emotion Chip","OrangePellets","Cursed Key","Membership Card","DataDisk"],"acts_visited":["Exordium","TheCity"],"potions_floor_usage":[19,20,30,30],"damage_taken":[{"damage":7.0,"enemies":"Jaw Worm","floor":1.0,"turns":3.0},{"damage":4.0,"enemies":"2 Louse","floor":2.0,"turns":3.0},{"damage":4.0,"enemies":"Small Slimes","floor":3.0,"turns":4.0},{"damage":11.0,"enemies":"3 Louse","floor":4.0,"turns":3.0},{"damage":2.0,"enemies":"Blue Slaver","floor":5.0,"turns":5.0},{"damage":9.0,"enemies":"Lagavulin","floor":8.0,"turns":7.0},{"damage":8.0,"enemies":"3 Sentries","floor":12.0,"turns":6.0},{"damage":0,"enemies":"Slime Boss","floor":16,"turns":8},{"damage":0,"enemies":"Spheric Guardian","floor":18,"turns":2},{"damage":16,"enemies":"Shell Parasite","floor":19,"turns":5},{"damage":11,"enemies":"Centurion and Healer","floor":20,"turns":6},{"damage":47,"enemies":"Shelled Parasite and Fungi","floor":30,"turns":4}],"seed_played":"-8977800033820752473","potions_obtained":[{"floor":2.0,"key":"SpeedPotion"},{"floor":4.0,"key":"CultistPotion"},{"floor":5.0,"key":"FearPotion"},{"floor":8.0,"key":"Energy Potion"},{"floor":12.0,"key":"Weak Potion"},{"floor":16,"key":"ColorlessPotion"},{"floor":18,"key":"LiquidMemories"},{"floor":19,"key":"SpeedPotion"},{"floor":20,"key":"Energy Potion"}],"is_trial":false,"path_per_floor":["M","M","M","M","M","R","?","E","T","R","T","E","?","$","R","B",null,"M","M","M","$","?","R","R","?","T","?","$","R","M"],"character_chosen":"DEFECT","items_purchased":["OrangePellets","Membership Card","Streamline"],"campfire_rested":1,"item_purchase_floors":[14,21,21],"current_hp_per_floor":[57,53,49,38,43,43,22,20,20,41,41,40,45,45,45,52,70,70,68,64,64,42,42,42,42,42,42,42,42,0,0],"gold":25,"neow_bonus":"ONE_RARE_RELIC","is_daily":false,"chose_seed":false,"campfire_upgraded":4,"win_rate":0.0,"timestamp":1613274429,"path_taken":["M","M","M","M","M","R","?","E","T","R","?","E","?","$","R","BOSS","M","M","M","$","?","R","R","?","T","?","?","R","M"],"items_purchased_type":["Relic","Relic","Card"],"build_version":"2020-12-22","purchased_purges":0,"victory":false,"max_hp_per_floor":[71,71,71,71,71,71,71,71,71,71,71,71,76,76,76,76,76,76,76,76,76,81,81,81,81,81,81,81,81,81,81],"card_choices":[{"not_picked":["Streamline","Turbo"],"picked":"Coolheaded","floor":1.0},{"not_picked":["Go for the Eyes","Conserve Battery"],"picked":"Melter","floor":2.0},{"not_picked":["Melter","Reinforced Body","Heatsinks"],"picked":"SKIP","floor":3.0},{"not_picked":["Sweeping Beam","Tempest"],"picked":"Self Repair","floor":4.0},{"not_picked":["Lockon","Go for the Eyes"],"picked":"Machine Learning","floor":5.0},{"not_picked":["Sunder","Go for the Eyes"],"picked":"Sweeping Beam","floor":8.0},{"not_picked":["Doom and Gloom","Beam Cell"],"picked":"Buffer","floor":12.0},{"not_picked":["Meteor Strike","Thunder Strike"],"picked":"Echo Form","floor":16},{"not_picked":["Rebound","Aggregate"],"picked":"Turbo","floor":18},{"not_picked":["Auto Shields","Streamline"],"picked":"Loop","floor":19},{"not_picked":["Blizzard","Rip and Tear"],"picked":"Hologram","floor":20}],"player_experience":1898704,"relics_obtained":[{"floor":8.0,"key":"Happy Flower"},{"floor":9.0,"key":"Symbiotic Virus"},{"floor":11.0,"key":"White Beast Statue"},{"floor":12.0,"key":"Emotion Chip"},{"floor":26,"key":"DataDisk"}],"event_choices":[{"damage_healed":0.0,"max_hp_gain":0.0,"max_hp_loss":0.0,"gold_gain":0.0,"event_name":"Shining Light","player_choice":"Entered Light","floor":7.0,"gold_loss":0.0,"damage_taken":21.0,"cards_upgraded":["Dualcast","Defend_B"]},{"damage_healed":0.0,"max_hp_gain":5.0,"max_hp_loss":0.0,"gold_gain":0.0,"event_name":"Big Fish","player_choice":"Donut","floor":13.0,"gold_loss":0.0,"damage_taken":0.0},{"damage_healed":0,"gold_gain":0,"player_choice":"Shed Blood","damage_taken":27,"max_hp_gain":5,"max_hp_loss":0,"event_name":"Forgotten Altar","floor":22,"gold_loss":0},{"damage_healed":0,"gold_gain":0,"player_choice":"Paid Fearfully","damage_taken":0,"max_hp_gain":0,"max_hp_loss":0,"event_name":"Masked Bandits","floor":25,"gold_loss":7}],"is_beta":false,"boss_relics":[{"not_picked":["Velvet Choker","Runic Dome"],"picked":"Cursed Key"}],"items_purged_floors":[],"is_endless":false,"potions_floor_spawned":[2,4,5,8,12,16,18,19,20],"killed_by":"Shelled Parasite and Fungi","ascension_level":20}}