{"host":"x723o2td8y6yx7sq","time":1613314014,"event":{"mods":["AchievementEnabler","Aspiration","BaseMod","Better Third Choice","ChefMod","Conspire","Halation","Hermit","Hubris","Infinite Spire","Jorbs\u0027s Wanderer Trilogy","Marked Mod","Minty Spire (QoL Compilation)","Reliquary","Replay The Spire","Robot Space Explorer","StSLib","The Blue Laboratory"],"gold_per_floor":[111,128,128,138,36,69,82,82,109,119,132,193,263,282,282,282,282],"floor_reached":16,"language":"ENG","playtime":1417,"items_purged":[],"score":104,"play_id":"f1b1d3d6-0e89-4ca8-b4a5-aae442fb56fc","local_time":"20210214154654","is_ascension_mode":false,"campfire_choices":[{"floor":8,"key":"REST"},{"floor":15,"key":"REST"}],"circlet_count":0,"master_deck":["RobotSpaceExplorer:Strike","RobotSpaceExplorer:Strike","RobotSpaceExplorer:Strike+1","RobotSpaceExplorer:Strike","RobotSpaceExplorer:Defend","RobotSpaceExplorer:Defend","RobotSpaceExplorer:Defend","RobotSpaceExplorer:Defend","RobotSpaceExplorer:Scan","RobotSpaceExplorer:MiniLasers","RobotSpaceExplorer:Counterblock","RobotSpaceExplorer:StunGrenade","Pain","RobotSpaceExplorer:MiniDrones","RobotSpaceExplorer:Pulsar","RobotSpaceExplorer:MiniBoosters","RobotSpaceExplorer:PlasmaMissile","RobotSpaceExplorer:FranticSearch","RobotSpaceExplorer:Probe","RobotSpaceExplorer:StunGrenade","RobotSpaceExplorer:Counterblock"],"relics":["RobotSpaceExplorer:RoboCore","NeowsBlessing","WarpedTongs","halation:LostSnail","hubris:ToyBattleship","Gremlin Food","reliquary:Boomerang","reliquary:BoilingFlask"],"acts_visited":["Exordium"],"potions_floor_usage":[4,12],"damage_taken":[{"damage":0,"enemies":"conspire:RoseBush","floor":1,"turns":1},{"damage":0,"enemies":"Cultist","floor":2,"turns":1},{"damage":2,"enemies":"Small Slimes","floor":4,"turns":1},{"damage":30,"enemies":"3 Sentries","floor":6,"turns":9},{"damage":9,"enemies":"conspire:2 RoseBushes","floor":7,"turns":4},{"damage":4,"enemies":"Blue Slaver","floor":10,"turns":4},{"damage":9,"enemies":"3 Louse","floor":11,"turns":3},{"damage":38,"enemies":"Lagavulin Event","floor":12,"turns":10},{"damage":3,"enemies":"2 Fungi Beasts","floor":14,"turns":2},{"damage":36,"enemies":"Slime Boss","floor":16,"turns":9}],"seed_played":"6355292882720647562","potions_obtained":[{"floor":1,"key":"conspire:TimeTravelPotion"},{"floor":2,"key":"blueLaboratory:EmptyBottle"},{"floor":4,"key":"blueLaboratory:BottleOfVodka"},{"floor":14,"key":"blueLaboratory:Moonshine"}],"is_trial":false,"path_per_floor":["M","M","?","M","$","E","M","R","T","M","M","?","T","M","R","B"],"character_chosen":"RobotSpaceExplorer","items_purchased":["halation:LostSnail","RobotSpaceExplorer:Pulsar"],"campfire_rested":2,"item_purchase_floors":[5,5],"current_hp_per_floor":[75,75,75,73,73,43,34,56,56,52,43,17,17,14,36,0,0],"gold":282,"neow_bonus":"THREE_ENEMY_KILL","is_daily":false,"chose_seed":false,"campfire_upgraded":0,"win_rate":0.0,"timestamp":1613314014,"path_taken":["M","M","?","M","$","E","?","R","T","M","?","?","?","M","R","BOSS"],"items_purchased_type":["Relic","Card"],"build_version":"2020-12-22","purchased_purges":0,"victory":false,"max_hp_per_floor":[75,75,75,75,75,75,75,75,75,75,75,75,75,75,75,75,75],"card_choices":[{"not_picked":["RobotSpaceExplorer:SwiftStep","RobotSpaceExplorer:ScrapShield"],"picked":"RobotSpaceExplorer:Counterblock","floor":1},{"not_picked":["RobotSpaceExplorer:ShovelStrike","RobotSpaceExplorer:JunkDive"],"picked":"RobotSpaceExplorer:StunGrenade","floor":2},{"not_picked":["RobotSpaceExplorer:Probe","RobotSpaceExplorer:StunGrenade"],"picked":"RobotSpaceExplorer:MiniDrones","floor":4},{"not_picked":["RobotSpaceExplorer:GlueShot","RobotSpaceExplorer:Blaster"],"picked":"RobotSpaceExplorer:MiniBoosters","floor":6},{"not_picked":["RobotSpaceExplorer:ShovelStrike","RobotSpaceExplorer:ScrapMissile"],"picked":"RobotSpaceExplorer:PlasmaMissile","floor":7},{"not_picked":["RobotSpaceExplorer:FrostMissile","RobotSpaceExplorer:GlueShot"],"picked":"RobotSpaceExplorer:FranticSearch","floor":10},{"not_picked":["RobotSpaceExplorer:ShockKick","RobotSpaceExplorer:Counterblock"],"picked":"RobotSpaceExplorer:Probe","floor":11},{"not_picked":["RobotSpaceExplorer:SlimeMissile","RobotSpaceExplorer:Multitool"],"picked":"RobotSpaceExplorer:StunGrenade","floor":12},{"not_picked":["RobotSpaceExplorer:FrostMissile","RobotSpaceExplorer:ImprovisedAttack"],"picked":"RobotSpaceExplorer:Counterblock","floor":14}],"player_experience":141049,"relics_obtained":[{"floor":6,"key":"hubris:ToyBattleship"},{"floor":9,"key":"Gremlin Food"},{"floor":12,"key":"reliquary:Boomerang"},{"floor":13,"key":"reliquary:BoilingFlask"}],"event_choices":[{"damage_healed":0,"gold_gain":0,"player_choice":"Rummage","damage_taken":0,"relics_obtained":["WarpedTongs"],"max_hp_gain":0,"max_hp_loss":0,"event_name":"Accursed Blacksmith","floor":3,"gold_loss":0,"cards_obtained":["Pain"]},{"damage_healed":0,"gold_gain":0,"player_choice":"Searched \u00271\u0027 times","damage_taken":0,"max_hp_gain":0,"max_hp_loss":0,"event_name":"Dead Adventurer","floor":12,"gold_loss":0}],"is_beta":false,"boss_relics":[],"items_purged_floors":[],"is_endless":false,"potions_floor_spawned":[1,2,4,14],"killed_by":"Slime Boss","ascension_level":0}}