{"host":"8vqkh0x3c7vpgzzm","time":1613296731,"event":{"mods":["AchievementEnabler","BaseMod","Colored Map","Colored Powertips","Curses Come First","DeckTracker","Highlight Path","Minty Spire (QoL Compilation)","Permanent Neow","Quick Restart","Random Character Mod","Rare Cards Sparkle","Relic Sorter","Relic Stats","StSLib","SuperFastMode","Unceasing Turn Reminder","egg","everything is the same but u backflip on backflip"],"gold_per_floor":[116,41,116,116,23,23,59,59,59,59,79,79,98,98,98,217,217,238,251,270,16,30,30,30,30,30,30,55,80,123,248,248,377,377,393,393,418,434,434,454,489,489,515,115,135,135,135,199,199,199],"floor_reached":51,"language":"ENG","playtime":2527,"items_purged":["Defend_R","Berserk"],"score":793,"play_id":"291604bf-856a-4a7c-b216-c1cf84d3e532","local_time":"20210214105851","daily_mods":["Specialized"],"is_ascension_mode":false,"campfire_choices":[{"data":"Bash","floor":6,"key":"SMITH"},{"data":"Trip","floor":8,"key":"SMITH"},{"data":"Metallicize","floor":10,"key":"SMITH"},{"data":"Metallicize","floor":15,"key":"SMITH"},{"data":"Demon Form","floor":23,"key":"SMITH"},{"data":"Metallicize","floor":25,"key":"SMITH"},{"data":"Barricade","floor":27,"key":"SMITH"},{"data":"Pommel Strike","floor":32,"key":"SMITH"},{"data":"Body Slam","floor":42,"key":"SMITH"},{"data":"Evolve","floor":46,"key":"SMITH"}],"circlet_count":0,"master_deck":["Bash+1","Metallicize+1","Metallicize+1","Metallicize+1","Metallicize+1","Metallicize+1","Trip+1","Battle Trance+1","Spot Weakness+1","Barricade+1","Dual Wield+1","Demon Form+1","Clothesline+1","Heavy Blade+1","Pommel Strike+1","Brutality+1","Exhume+1","True Grit+1","Wild Strike+1","Evolve+1","Exhume+1","Infernal Blade+1","Madness+1","Madness+1","Inflame+1","Body Slam+1","Shockwave+1","Entrench+1"],"relics":["Burning Blood","Golden Idol","CaptainsWheel","Lizard Tail","Coffee Dripper","Mummified Hand","Matryoshka","Lantern","Gambling Chip","Pantograph","Pandora\u0027s Box","FossilizedHelix","Toy Ornithopter","Nunchaku","Dead Branch","Mark of the Bloom","Unceasing Top"],"acts_visited":["Exordium","TheCity","TheBeyond"],"potions_floor_usage":[16,22,31,37,41,48,48],"damage_taken":[{"damage":4,"enemies":"Small Slimes","floor":1,"turns":5},{"damage":6,"enemies":"Lagavulin","floor":7,"turns":8},{"damage":0,"enemies":"2 Louse","floor":11,"turns":3},{"damage":0,"enemies":"Jaw Worm","floor":13,"turns":5},{"damage":20,"enemies":"Hexaghost","floor":16,"turns":8},{"damage":8,"enemies":"Shell Parasite","floor":18,"turns":6},{"damage":0,"enemies":"Spheric Guardian","floor":19,"turns":5},{"damage":4,"enemies":"Chosen and Byrds","floor":20,"turns":10},{"damage":12,"enemies":"Snake Plant","floor":22,"turns":6},{"damage":11,"enemies":"Centurion and Healer","floor":28,"turns":5},{"damage":0,"enemies":"Snecko","floor":29,"turns":5},{"damage":32,"enemies":"Slavers","floor":30,"turns":4},{"damage":7,"enemies":"Colosseum Slavers","floor":31,"turns":3},{"damage":7,"enemies":"Colosseum Nobs","floor":31,"turns":5},{"damage":0,"enemies":"Collector","floor":33,"turns":6},{"damage":14,"enemies":"3 Shapes","floor":35,"turns":5},{"damage":2,"enemies":"3 Darklings","floor":37,"turns":5},{"damage":5,"enemies":"4 Shapes","floor":38,"turns":6},{"damage":4,"enemies":"Sphere and 2 Shapes","floor":40,"turns":6},{"damage":8,"enemies":"Nemesis","floor":41,"turns":5},{"damage":17,"enemies":"Spire Growth","floor":45,"turns":5},{"damage":29,"enemies":"2 Orb Walkers","floor":48,"turns":4},{"damage":17,"enemies":"Donu and Deca","floor":50,"turns":10}],"seed_played":"-4466329716308998516","potions_obtained":[{"floor":7,"key":"LiquidMemories"},{"floor":11,"key":"BloodPotion"},{"floor":13,"key":"LiquidBronze"},{"floor":16,"key":"Fire Potion"},{"floor":22,"key":"FairyPotion"},{"floor":30,"key":"PowerPotion"},{"floor":31,"key":"ColorlessPotion"},{"floor":37,"key":"ColorlessPotion"},{"floor":41,"key":"ColorlessPotion"},{"floor":48,"key":"BloodPotion"}],"is_trial":true,"path_per_floor":["M","$","?","?","$","R","E","R","T","R","M","?","M","?","R","B",null,"M","M","M","$","M","R","$","R","T","R","M","M","E","?","R","B",null,"M","?","M","M","?","M","E","R","T","$","M","R","?","?","R","B",null],"character_chosen":"IRONCLAD","items_purchased":["Trip","Mummified Hand","Dead Branch"],"campfire_rested":0,"item_purchase_floors":[5,21,44],"current_hp_per_floor":[80,80,69,49,49,49,49,49,49,49,55,55,61,54,54,40,80,78,80,80,80,80,80,80,80,80,80,75,80,54,52,52,80,80,72,72,76,77,67,69,67,67,67,67,56,56,56,27,27,10],"gold":199,"neow_bonus":"","is_daily":false,"chose_seed":false,"campfire_upgraded":10,"win_rate":0.0,"timestamp":1613296731,"path_taken":["M","$","?","?","$","R","E","R","T","R","M","?","M","?","R","BOSS","M","M","M","$","M","R","$","R","T","R","M","M","E","?","R","BOSS","M","?","M","M","?","M","E","R","T","$","M","R","?","?","R","BOSS"],"items_purchased_type":["Card","Relic","Relic"],"build_version":"2020-12-22","purchased_purges":2,"victory":true,"max_hp_per_floor":[80,80,80,80,80,80,80,80,80,80,80,80,80,80,80,80,80,80,80,80,80,80,80,80,80,80,80,80,80,80,80,80,80,80,80,80,80,80,80,80,80,80,80,80,80,80,80,80,80,80],"relic_stats":{"Mark of the Bloom":47,"counters":[23,130],"Golden Idol":186,"Dead Branch":[39],"Burning Blood":114,"Lizard Tail":0,"Nunchaku":[2],"Mummified Hand":[171],"Gambling Chip":[20],"Pantograph":25,"Pandora\u0027s Box":["Exhume","True Grit","Wild Strike","Evolve","Berserk","Exhume","Infernal Blade"],"obtain_stats":[{"Lantern":30,"Mark of the Bloom":47,"Golden Idol":4,"Dead Branch":44,"Burning Blood":0,"CaptainsWheel":7,"Lizard Tail":9,"Nunchaku":43,"Matryoshka":26,"Mummified Hand":21,"Gambling Chip":31,"Pantograph":31,"Pandora\u0027s Box":34,"Coffee Dripper":17,"FossilizedHelix":41,"Toy Ornithopter":43,"Unceasing Top":48},{"Lantern":12,"Mark of the Bloom":21,"Golden Idol":1,"Dead Branch":20,"Burning Blood":0,"CaptainsWheel":2,"Lizard Tail":2,"Nunchaku":20,"Matryoshka":9,"Mummified Hand":8,"Gambling Chip":14,"Pantograph":14,"Pandora\u0027s Box":15,"Coffee Dripper":5,"FossilizedHelix":20,"Toy Ornithopter":20,"Unceasing Top":22},{"Lantern":70,"Mark of the Bloom":116,"Golden Idol":5,"Dead Branch":111,"Burning Blood":0,"CaptainsWheel":13,"Lizard Tail":13,"Nunchaku":111,"Matryoshka":56,"Mummified Hand":50,"Gambling Chip":78,"Pantograph":78,"Pandora\u0027s Box":84,"Coffee Dripper":29,"FossilizedHelix":111,"Toy Ornithopter":111,"Unceasing Top":120}],"Toy Ornithopter":0,"Unceasing Top":[2]},"card_choices":[{"not_picked":["Twin Strike","Perfected Strike","Flex"],"picked":"SKIP","floor":1},{"not_picked":["Armaments","Twin Strike"],"picked":"Battle Trance","floor":7},{"not_picked":["Clothesline","Bludgeon"],"picked":"Spot Weakness","floor":11},{"not_picked":["Havoc","Iron Wave","Perfected Strike"],"picked":"SKIP","floor":13},{"not_picked":["Offering","Exhume"],"picked":"Barricade","floor":16},{"not_picked":["Clash","Perfected Strike+1","Anger"],"picked":"SKIP","floor":18},{"not_picked":["Sword Boomerang","Armaments"],"picked":"Dual Wield+1","floor":19},{"not_picked":["Perfected Strike","Clash","Havoc"],"picked":"SKIP","floor":20},{"not_picked":["Perfected Strike+1","Twin Strike+1"],"picked":"Demon Form","floor":22},{"not_picked":["Havoc","Armaments+1"],"picked":"Clothesline","floor":28},{"not_picked":["Burning Pact","Rupture"],"picked":"Heavy Blade","floor":29},{"not_picked":["Warcry+1","Barricade","Fire Breathing"],"picked":"SKIP","floor":30},{"not_picked":["Iron Wave","Evolve+1"],"picked":"Pommel Strike","floor":31},{"not_picked":["Exhume","Immolate"],"picked":"Brutality","floor":33},{"not_picked":["Twin Strike","Evolve+1","Clash+1"],"picked":"SKIP","floor":35},{"not_picked":["Rampage+1","Reckless Charge","Rage+1"],"picked":"SKIP","floor":37},{"not_picked":["Clothesline+1","Blood for Blood+1","Clash+1"],"picked":"SKIP","floor":38},{"not_picked":["Heavy Blade","Sword Boomerang"],"picked":"Inflame","floor":40},{"not_picked":["Flame Barrier+1","Combust+1"],"picked":"Body Slam","floor":41},{"not_picked":["Twin Strike","Anger+1"],"picked":"Shockwave","floor":45},{"not_picked":["Feel No Pain+1","Twin Strike+1"],"picked":"Entrench+1","floor":48}],"player_experience":556460,"relics_obtained":[{"floor":7,"key":"CaptainsWheel"},{"floor":9,"key":"Lizard Tail"},{"floor":26,"key":"Matryoshka"},{"floor":30,"key":"Lantern"},{"floor":31,"key":"Gambling Chip"},{"floor":31,"key":"Pantograph"},{"floor":41,"key":"FossilizedHelix"},{"floor":43,"key":"Toy Ornithopter"},{"floor":43,"key":"Nunchaku"},{"floor":48,"key":"Unceasing Top"}],"event_choices":[{"damage_healed":0,"gold_gain":75,"player_choice":"Gather Gold","damage_taken":11,"max_hp_gain":0,"max_hp_loss":0,"event_name":"World of Goop","floor":3,"gold_loss":0},{"damage_healed":0,"gold_gain":0,"player_choice":"Take Damage","damage_taken":20,"relics_obtained":["Golden Idol"],"max_hp_gain":0,"max_hp_loss":0,"event_name":"Golden Idol","floor":4,"gold_loss":0},{"damage_healed":0,"gold_gain":0,"player_choice":"Ignored","damage_taken":0,"max_hp_gain":0,"max_hp_loss":0,"event_name":"Liars Game","floor":12,"gold_loss":0},{"cards_removed":["Defend_R"],"damage_healed":0,"gold_gain":0,"player_choice":"Card Removal","damage_taken":7,"max_hp_gain":0,"max_hp_loss":0,"event_name":"Golden Wing","floor":14,"gold_loss":0},{"damage_healed":0,"gold_gain":0,"player_choice":"Fight","damage_taken":0,"max_hp_gain":0,"max_hp_loss":0,"event_name":"Colosseum","floor":31,"gold_loss":0},{"damage_healed":0,"gold_gain":0,"player_choice":"Fought Nobs","damage_taken":0,"max_hp_gain":0,"max_hp_loss":0,"event_name":"Colosseum","floor":31,"gold_loss":0},{"damage_healed":0,"gold_gain":0,"player_choice":"Ignored","damage_taken":0,"max_hp_gain":0,"max_hp_loss":0,"event_name":"Tomb of Lord Red Mask","floor":36,"gold_loss":0},{"damage_healed":0,"gold_gain":0,"player_choice":"Embrace Madness","damage_taken":10,"max_hp_gain":0,"max_hp_loss":0,"event_name":"Winding Halls","floor":39,"gold_loss":0,"cards_obtained":["Madness","Madness"]},{"damage_healed":0,"gold_gain":0,"player_choice":"Upgrade","damage_taken":0,"relics_obtained":["Mark of the Bloom"],"max_hp_gain":0,"max_hp_loss":0,"event_name":"MindBloom","floor":47,"gold_loss":0,"cards_upgraded":["Metallicize","Metallicize","Battle Trance","Spot Weakness","Clothesline","Heavy Blade","Brutality","Exhume","True Grit","Wild Strike","Exhume","Infernal Blade","Madness","Madness","Inflame","Shockwave"]},{"damage_healed":0,"gold_gain":0,"player_choice":"Fight","damage_taken":0,"max_hp_gain":0,"max_hp_loss":0,"event_name":"Mysterious Sphere","floor":48,"gold_loss":0}],"is_beta":false,"boss_relics":[{"not_picked":["Astrolabe","Fusion Hammer"],"picked":"Coffee Dripper"},{"not_picked":["Philosopher\u0027s Stone","Calling Bell"],"picked":"Pandora\u0027s Box"}],"items_purged_floors":[2,44],"is_endless":false,"potions_floor_spawned":[7,11,13,16,18,20,22,30,31,35,37,41,48],"ascension_level":0}}