{"host":"2no1vwhhkhf0ohz3","time":1613325198,"event":{"mods":["AchievementEnabler","BaseMod","BetterRewards","Colored Map","DeckTracker","Keyboard Shortcuts","Minty Spire (QoL Compilation)","SuperFastMode"],"gold_per_floor":[119,137,137,137,160,200,200,225,225,225,250,250,281,299,299,418,418,432,357,373,396,53,53,94,94,140,140,161,161,196,72,72,202,202,221,221,236,236,251,251,310,310,310,324,324,48,48,48,48,48,48,48,48,87,87],"floor_reached":56,"language":"KOR","playtime":1572,"items_purged":["Strike_G","Strike_G","Strike_G","Strike_G"],"score":1655,"play_id":"7341c06d-3dcf-4a06-9346-852e4cff66a6","local_time":"20210215025318","is_ascension_mode":true,"campfire_choices":[{"data":"Bouncing Flask","floor":7,"key":"SMITH"},{"data":"Deadly Poison","floor":10,"key":"SMITH"},{"data":"Calculated Gamble","floor":12,"key":"SMITH"},{"data":"Acrobatics","floor":15,"key":"SMITH"},{"data":"Well Laid Plans","floor":23,"key":"SMITH"},{"data":"Footwork","floor":25,"key":"SMITH"},{"data":"After Image","floor":27,"key":"SMITH"},{"data":"Neutralize","floor":29,"key":"SMITH"},{"data":"Footwork","floor":32,"key":"SMITH"},{"data":"Catalyst","floor":40,"key":"SMITH"},{"data":"Dodge and Roll","floor":42,"key":"SMITH"},{"floor":45,"key":"REST"},{"floor":49,"key":"RECALL"},{"data":"PiercingWail","floor":52,"key":"SMITH"}],"circlet_count":0,"master_deck":["Defend_G","Defend_G","Defend_G","Defend_G","Defend_G","Survivor+1","Neutralize+1","Deadly Poison+1","Calculated Gamble+1","Bouncing Flask+1","Escape Plan+1","Backflip","Acrobatics+1","After Image+1","PiercingWail+1","Blur","Well Laid Plans+1","Dodge and Roll+1","Footwork+1","Deflect","Footwork+1","Crippling Poison+1","Catalyst+1","Catalyst+1","Panacea","Prepared+1","PiercingWail+1","Noxious Fumes","Prepared+1"],"relics":["Ring of the Serpent","NeowsBlessing","Snake Skull","The Specimen","TwistedFunnel","Golden Idol","Toy Ornithopter","White Beast Statue","Prayer Wheel","Sozu","ClockworkSouvenir","Smiling Mask","Lantern","InkBottle","Thread and Needle","War Paint","Akabeko"],"acts_visited":["Exordium","TheCity","TheBeyond","TheEnding"],"potions_floor_usage":[6,14,16,24,24],"damage_taken":[{"damage":0,"enemies":"Small Slimes","floor":1,"turns":1},{"damage":0,"enemies":"2 Louse","floor":2,"turns":1},{"damage":0,"enemies":"Jaw Worm","floor":5,"turns":1},{"damage":6,"enemies":"Gremlin Nob","floor":6,"turns":3},{"damage":1,"enemies":"2 Fungi Beasts","floor":8,"turns":3},{"damage":0,"enemies":"Blue Slaver","floor":11,"turns":2},{"damage":12,"enemies":"3 Sentries","floor":13,"turns":6},{"damage":3,"enemies":"Red Slaver","floor":14,"turns":2},{"damage":0,"enemies":"Slime Boss","floor":16,"turns":4},{"damage":0,"enemies":"Spheric Guardian","floor":18,"turns":2},{"damage":8,"enemies":"3 Byrds","floor":20,"turns":4},{"damage":0,"enemies":"Centurion and Healer","floor":21,"turns":5},{"damage":18,"enemies":"Book of Stabbing","floor":24,"turns":5},{"damage":3,"enemies":"Snecko","floor":28,"turns":4},{"damage":4,"enemies":"Gremlin Leader","floor":30,"turns":6},{"damage":3,"enemies":"Champ","floor":33,"turns":12},{"damage":6,"enemies":"3 Shapes","floor":35,"turns":3},{"damage":0,"enemies":"3 Darklings","floor":37,"turns":4},{"damage":3,"enemies":"Maw","floor":39,"turns":5},{"damage":13,"enemies":"2 Orb Walkers","floor":41,"turns":5},{"damage":20,"enemies":"Writhing Mass","floor":44,"turns":4},{"damage":38,"enemies":"Awakened One","floor":50,"turns":12},{"damage":0,"enemies":"Shield and Spear","floor":54,"turns":2},{"damage":26,"enemies":"The Heart","floor":55,"turns":9}],"seed_played":"-2606711564300008005","potions_obtained":[{"floor":2,"key":"LiquidBronze"},{"floor":6,"key":"PowerPotion"},{"floor":11,"key":"Explosive Potion"},{"floor":13,"key":"SteroidPotion"},{"floor":14,"key":"Fruit Juice"},{"floor":16,"key":"EntropicBrew"}],"is_trial":false,"path_per_floor":["M","M","?","?","M","E","R","M","T","R","M","R","E","M","R","B",null,"M","$","M","M","$","R","E","R","T","R","M","R","E","$","R","B",null,"M","?","M","?","M","R","?","R","T","M","R","$","$","?","R","B",null,"R","$","E","B",null],"character_chosen":"THE_SILENT","items_purchased":["Well Laid Plans","Dodge and Roll","ClockworkSouvenir","Footwork","War Paint","Noxious Fumes"],"campfire_rested":1,"item_purchase_floors":[22,22,22,31,46,46],"current_hp_per_floor":[63,63,46,51,51,45,45,44,44,44,44,44,32,39,39,44,71,71,71,63,63,63,63,55,55,55,55,52,52,48,48,48,45,71,65,65,65,65,62,62,49,49,49,29,53,53,53,53,53,15,64,64,64,64,38],"gold":87,"neow_bonus":"THREE_ENEMY_KILL","is_daily":false,"chose_seed":false,"campfire_upgraded":12,"win_rate":0.0,"timestamp":1613325198,"path_taken":["M","M","?","?","M","E","R","M","T","R","M","R","E","M","R","BOSS","M","$","M","M","$","R","E","R","T","R","M","R","E","$","R","BOSS","M","?","M","?","M","R","?","R","T","M","R","?","$","?","R","BOSS","R","$","E","BOSS"],"items_purchased_type":["Card","Card","Relic","Card","Relic","Card"],"build_version":"2020-12-22","purchased_purges":4,"victory":true,"max_hp_per_floor":[70,70,70,75,75,75,75,75,75,75,75,75,75,80,80,80,80,80,80,80,80,80,80,80,80,80,80,80,80,80,80,80,80,80,80,80,80,80,80,80,80,80,80,80,80,80,80,80,80,80,80,80,80,80,80],"card_choices":[{"not_picked":["Poisoned Stab","Underhanded Strike"],"picked":"Deadly Poison","floor":1},{"not_picked":["Infinite Blades","Cloak And Dagger"],"picked":"Calculated Gamble","floor":2},{"not_picked":["Terror","Acrobatics"],"picked":"Bouncing Flask","floor":5},{"not_picked":["Blade Dance","Predator","Prepared"],"picked":"SKIP","floor":6},{"not_picked":["Envenom","Quick Slash"],"picked":"Escape Plan","floor":8},{"not_picked":["All Out Attack","Sucker Punch","Outmaneuver"],"picked":"SKIP","floor":11},{"not_picked":["Dagger Spray","Heel Hook","Slice"],"picked":"SKIP","floor":13},{"not_picked":["Bouncing Flask","Bane"],"picked":"Backflip","floor":14},{"not_picked":["Blade Dance","Dash"],"picked":"Acrobatics","floor":14},{"not_picked":["Envenom","Grand Finale"],"picked":"After Image","floor":16},{"not_picked":["Reflex","Quick Slash"],"picked":"PiercingWail","floor":18},{"not_picked":["Backflip","Dagger Spray+1","Underhanded Strike"],"picked":"SKIP","floor":18},{"not_picked":["Sucker Punch","Poisoned Stab+1"],"picked":"Blur","floor":20},{"not_picked":["Prepared","Expertise","Die Die Die"],"picked":"SKIP","floor":20},{"not_picked":["Dagger Throw","Bane","Dagger Spray+1"],"picked":"SKIP","floor":21},{"not_picked":["Expertise","Underhanded Strike","Concentrate"],"picked":"SKIP","floor":21},{"not_picked":["Well Laid Plans","Backflip"],"picked":"Footwork","floor":24},{"not_picked":["Underhanded Strike","Calculated Gamble"],"picked":"Deflect","floor":28},{"not_picked":["Blade Dance","Backflip","Flying Knee+1"],"picked":"SKIP","floor":28},{"not_picked":["Acrobatics+1","Backstab+1","Dodge and Roll"],"picked":"SKIP","floor":30},{"not_picked":["Outmaneuver+1","PiercingWail"],"picked":"Catalyst","floor":35},{"not_picked":["Skewer+1","Dagger Throw+1","Poisoned Stab"],"picked":"SKIP","floor":35},{"not_picked":["Quick Slash+1","Setup+1"],"picked":"Catalyst+1","floor":37},{"not_picked":["Dash+1","Acrobatics+1","Expertise"],"picked":"SKIP","floor":37},{"not_picked":["HandOfGreed","Deep Breath"],"picked":"Panacea","floor":38},{"not_picked":["Cloak And Dagger","Deflect","Blade Dance+1"],"picked":"SKIP","floor":39},{"not_picked":["Underhanded Strike","Well Laid Plans","Cloak And Dagger+1"],"picked":"SKIP","floor":39},{"not_picked":["Bane","Cloak And Dagger+1"],"picked":"Prepared+1","floor":41},{"not_picked":["Deflect","All Out Attack"],"picked":"PiercingWail+1","floor":44},{"not_picked":["Dodge and Roll+1","Unload","Acrobatics+1"],"picked":"SKIP","floor":44},{"not_picked":["Dodge and Roll","Leg Sweep+1"],"picked":"Prepared+1","floor":54}],"player_experience":297689,"relics_obtained":[{"floor":6,"key":"Toy Ornithopter"},{"floor":9,"key":"White Beast Statue"},{"floor":13,"key":"Prayer Wheel"},{"floor":24,"key":"Smiling Mask"},{"floor":26,"key":"Lantern"},{"floor":30,"key":"InkBottle"},{"floor":41,"key":"Thread and Needle"},{"floor":54,"key":"Akabeko"}],"event_choices":[{"damage_healed":0,"gold_gain":0,"player_choice":"Take Damage","damage_taken":17,"relics_obtained":["Golden Idol"],"max_hp_gain":0,"max_hp_loss":0,"event_name":"Golden Idol","floor":3,"gold_loss":0},{"damage_healed":0,"gold_gain":0,"player_choice":"Donut","damage_taken":0,"max_hp_gain":5,"max_hp_loss":0,"event_name":"Big Fish","floor":4,"gold_loss":0},{"damage_healed":0,"gold_gain":0,"player_choice":"Ignored","damage_taken":0,"max_hp_gain":0,"max_hp_loss":0,"event_name":"Tomb of Lord Red Mask","floor":36,"gold_loss":0},{"damage_healed":0,"gold_gain":0,"player_choice":"Memory 1","damage_taken":0,"max_hp_gain":0,"max_hp_loss":0,"event_name":"SensoryStone","floor":38,"gold_loss":0},{"damage_healed":0,"gold_gain":0,"player_choice":"Fight","damage_taken":0,"max_hp_gain":0,"max_hp_loss":0,"event_name":"Mysterious Sphere","floor":41,"gold_loss":0},{"cards_removed":["Strike_G"],"damage_healed":0,"gold_gain":0,"player_choice":"Removed Attack","damage_taken":0,"max_hp_gain":0,"max_hp_loss":0,"event_name":"Falling","floor":48,"gold_loss":0}],"is_beta":false,"boss_relics":[{"not_picked":["Astrolabe","Black Star"],"picked":"Sozu"},{"not_picked":["Snecko Eye","Velvet Choker"],"picked":"Ring of the Serpent"}],"items_purged_floors":[19,22,31,46],"is_endless":false,"potions_floor_spawned":[2,6,11,13,14,16,18,20,21,24,28,30,33,35,37,39,41,44,54],"ascension_level":8}}