{"host":"qqj8xvc6rh6p9rdh","time":1613323770,"event":{"mods":["Act Like it!","BaseMod","DNKmod","Friendly Minions","Hubris","Minty Spire (QoL Compilation)","Small Relic Pack","StSLib","The Animator"],"gold_per_floor":[1220,1238,1238,946,966,1008,1008,1037,1086,1086,1117,1117,1192,1218,1218,1301,1301,1320,926,986,901,254,291,291,291,363,407,428,451,476,221,221,324,324,345,84,153,74,103,103,199,199,199,199,228,228,249,287,287,343,363,363,363,482,542,615,615,615,151,244,342,342,70,190,190,190,190,323,480,480],"floor_reached":71,"language":"ENG","playtime":4109,"items_purged":["animator:Defend","animator:Strike","animator:Strike","animator:Strike","animator:Defend","animator:HiiragiShinya"],"score":3534,"play_id":"09ee74ad-195f-46a6-8358-f0f71f20490f","local_time":"20210215012930","is_ascension_mode":true,"campfire_choices":[{"data":"animator:Vanir","floor":7,"key":"SMITH"},{"data":"animator:Aqua","floor":10,"key":"SMITH"},{"data":"animator:Kazuma","floor":12,"key":"SMITH"},{"data":"animator:Verdia","floor":15,"key":"SMITH"},{"floor":24,"key":"RECALL"},{"data":"animator:Verdia","floor":32,"key":"SMITH"},{"data":"animator:Aqua","floor":40,"key":"SMITH"},{"data":"hubris:DuctTapeCard","floor":46,"key":"SMITH"},{"data":"animator:Albedo","floor":49,"key":"SMITH"},{"data":"animator:Darkness","floor":53,"key":"SMITH"}],"circlet_count":0,"master_deck":["AscendersBane","animator:Strike_Konosuba+1","animator:Defend_Konosuba+1","animator:Defend+1","animator:Kazuma+1","animator:Aqua+1","animator:Kazuma+1","animator:Mitsurugi+1","animator:Vanir+1","animator:Verdia+1","animator:Hans+1","animator:Chris+1","animator:Megunee+1","animator:Eris+1","animator:HigakiRinne+1","animator:Kazuma+1","animator:Mitsurugi+1","animator:Chris+1","animator:Verdia+1","animator:Chomusuke+1","animator:YunYun+1","animator:QuestionMark+1","animator:Albedo+1","animator:Darkness+1","animator:Darkness+1","animator:Aqua+1","animator:HigakiRinne+1","animator:Rimuru","animator:WinryRockbell+1"],"relics":["animator:CursedGlyph","animator:TheWolleyCore","animator:AncientMedallion"],"acts_visited":["Exordium","TheCity","TheBeyond","TheEnding","EYB:TheUnnamedReign"],"potions_floor_usage":[16,33,39,41,51,51,60,68,69,70,70],"damage_taken":[{"damage":0,"enemies":"2 Louse","floor":1,"turns":2},{"damage":0,"enemies":"Jaw Worm","floor":2,"turns":1},{"damage":0,"enemies":"Small Slimes","floor":5,"turns":1},{"damage":39,"enemies":"Lagavulin","floor":6,"turns":12},{"damage":78,"enemies":"Gremlin Nob","floor":8,"turns":5},{"damage":20,"enemies":"Lagavulin","floor":11,"turns":8},{"damage":1,"enemies":"3 Sentries","floor":14,"turns":11},{"damage":385,"enemies":"Hexaghost","floor":16,"turns":5},{"damage":12,"enemies":"2 Thieves","floor":18,"turns":3},{"damage":6,"enemies":"Masked Bandits","floor":20,"turns":4},{"damage":0,"enemies":"animator:HornedBat","floor":23,"turns":5},{"damage":0,"enemies":"Slavers","floor":27,"turns":5},{"damage":0,"enemies":"Chosen","floor":28,"turns":3},{"damage":0,"enemies":"Snecko","floor":29,"turns":2},{"damage":0,"enemies":"Snake Plant","floor":30,"turns":2},{"damage":0,"enemies":"hubris:MusketHawk","floor":33,"turns":5},{"damage":0,"enemies":"Orb Walker","floor":35,"turns":2},{"damage":0,"enemies":"3 Darklings","floor":37,"turns":2},{"damage":0,"enemies":"4 Shapes","floor":39,"turns":2},{"damage":0,"enemies":"Nemesis","floor":41,"turns":5},{"damage":0,"enemies":"Transient","floor":45,"turns":6},{"damage":0,"enemies":"Writhing Mass","floor":47,"turns":5},{"damage":0,"enemies":"Reptomancer","floor":48,"turns":5},{"damage":0,"enemies":"Time Eater","floor":50,"turns":11},{"damage":0,"enemies":"Awakened One","floor":51,"turns":6},{"damage":0,"enemies":"animator:UNNAMED_CULTIST_1","floor":55,"turns":4},{"damage":29,"enemies":"animator:TRIPLE_SHAPES_WEAK","floor":56,"turns":5},{"damage":0,"enemies":"animator:UNNAMED_CULTIST_2","floor":60,"turns":6},{"damage":0,"enemies":"animator:TRIPLE_LAGAVULIN","floor":61,"turns":4},{"damage":0,"enemies":"animator:ULTIMATE_CUBE","floor":64,"turns":7},{"damage":0,"enemies":"animator:ULTIMATE_CRYSTAL","floor":68,"turns":7},{"damage":21,"enemies":"animator:ULTIMATE_WISP","floor":69,"turns":8}],"seed_played":"-5696184576261682680","potions_obtained":[{"floor":5,"key":"animator:GrowthPotion"},{"floor":8,"key":"SteroidPotion"},{"floor":27,"key":"SteroidPotion"},{"floor":29,"key":"LiquidMemories"},{"floor":33,"key":"Swift Potion"},{"floor":39,"key":"SteroidPotion"},{"floor":47,"key":"DuplicationPotion"},{"floor":55,"key":"animator:FalseLifePotion"},{"floor":56,"key":"animator:FalseLifePotion"},{"floor":60,"key":"animator:FalseLifePotion"},{"floor":68,"key":"animator:FalseLifePotion"},{"floor":69,"key":"animator:FalseLifePotion"}],"is_trial":false,"path_per_floor":["M","M","?","$","M","E","R","E","T","R","E","R","?","E","R","B",null,"M","$","?","?","$","E","R","?","T","E","M","M","M","$","R","B",null,"M","$","M","$","M","R","E","?","T","?","M","R","M","E","R","B","B",null,"R","??","M","M","T","?","$","M","M","?","$","E","T","?","$","E","E","B",null],"character_chosen":"THE_ANIMATOR","items_purchased":["animator:Mitsurugi","Strange Spoon","animator:Megunee","animator:Eris","animator:YunYun","hubris:DuctTape","Orrery","animator:QuestionMark","animator:Darkness","animator:Darkness","animator:AncientMedallion","animator:AncientMedallion"],"campfire_rested":0,"item_purchase_floors":[4,4,19,19,22,22,22,31,36,38,59,63],"current_hp_per_floor":[1000,1000,1000,1000,1000,961,961,887,887,887,872,872,861,866,866,486,872,866,866,871,871,871,888,888,1,1,1,1,1,1,1,1,1,1,1,1,1,1,1,1,1,1,1,1,1,1,1,1,1,1,1,1,1,87,87,61,61,61,61,85,87,87,87,87,87,87,87,87,84,87],"gold":480,"neow_bonus":"THREE_ENEMY_KILL","is_daily":false,"chose_seed":false,"campfire_upgraded":9,"win_rate":0.0,"timestamp":1613323770,"path_taken":["M","M","?","$","M","E","R","E","T","R","E","R","?","E","R","BOSS","M","$","?","?","$","E","R","?","T","E","M","M","M","$","R","BOSS","M","$","M","$","M","R","E","?","T","?","M","R","M","E","R","BOSS","BOSS","R","??","M","M","T","?","$","M","M","?","$","E","T","?","$","E","E","BOSS"],"items_purchased_type":["Card","Relic","Card","Card","Card","Relic","Relic","Card","Card","Card","Relic","Relic"],"build_version":"2020-12-22","purchased_purges":6,"victory":true,"max_hp_per_floor":[1000,1000,1000,1000,1000,1000,1000,1000,1000,1000,1000,1000,1000,1001,1001,1001,1001,1002,1002,1002,1002,1002,1002,1002,1,1,1,1,1,1,1,1,1,1,1,1,1,1,1,1,1,1,1,1,1,1,1,1,1,1,1,1,1,87,87,87,87,87,87,87,87,87,87,87,87,87,87,87,87,87],"card_choices":[{"not_picked":["animator:ZankiKiguchi","animator:Nanami"],"picked":"animator:Kazuma","floor":1},{"not_picked":["animator:Sloth","animator:Sebas","animator:CrowleyEusford"],"picked":"SKIP","floor":2},{"not_picked":["animator:ElricAlphonse","animator:Azekura","animator:Mitsuba"],"picked":"SKIP","floor":5},{"not_picked":["animator:Darkness","animator:Verdia"],"picked":"animator:Vanir","floor":6},{"not_picked":["animator:Souei","animator:GuildGirl","animator:Yuuichirou"],"picked":"SKIP","floor":8},{"not_picked":["animator:TsurugaMeisai","animator:ElricAlphonse","animator:Mikaela"],"picked":"SKIP","floor":11},{"not_picked":["animator:GuildGirl","animator:Yuuichirou"],"picked":"animator:Verdia","floor":14},{"not_picked":["animator:Father","animator:Ainz"],"picked":"animator:Hans","floor":16},{"not_picked":["animator:Verdia","animator:Mitsurugi"],"picked":"animator:Chris","floor":18},{"not_picked":["animator:Cocytus+1","animator:Shion"],"picked":"animator:YunYun","floor":20},{"not_picked":["animator:GuildGirl","animator:Biyorigo"],"picked":"animator:Kazuma","floor":22},{"not_picked":["animator:ElricEdward","animator:CrowleyEusford"],"picked":"animator:Mitsurugi","floor":22},{"not_picked":["animator:ZankiKiguchi","animator:Shichika"],"picked":"animator:Chris+1","floor":22},{"not_picked":["animator:Shion","animator:HiiragiShinya","animator:ZankiKiguchi"],"picked":"SKIP","floor":23},{"not_picked":["animator:Souei","animator:Shigure","animator:Spearman"],"picked":"SKIP","floor":27},{"not_picked":["animator:Kazuma","animator:GazelDwargon"],"picked":"animator:Verdia","floor":28},{"not_picked":["animator:Vanir","animator:Chris"],"picked":"animator:Chomusuke","floor":29},{"not_picked":["animator:Mikaela","animator:Kazuma"],"picked":"animator:YunYun+1","floor":30},{"not_picked":["animator:Eris","animator:FeridBathory"],"picked":"animator:Albedo","floor":33},{"not_picked":["animator:Nanami","animator:Hitei+1","animator:Shion"],"picked":"SKIP","floor":35},{"not_picked":["animator:Mitsurugi","animator:WinryRockbell","animator:Shichika"],"picked":"SKIP","floor":37},{"not_picked":["animator:Eris","animator:Kazuma"],"picked":"animator:Aqua","floor":39},{"not_picked":["animator:Shuna","animator:KrulTepes+1","animator:Yuuichirou"],"picked":"SKIP","floor":41},{"not_picked":["animator:Mitsuba","animator:Priestess","animator:Azekura+1"],"picked":"SKIP","floor":45},{"not_picked":["animator:Vanir","animator:GazelDwargon","animator:ElricEdward"],"picked":"SKIP","floor":47},{"not_picked":["animator:Shigure","animator:RoyMustang+1","animator:TsurugaMeisai"],"picked":"SKIP","floor":48},{"not_picked":["animator:UneriGinkaku","animator:Togame","animator:Azekura"],"picked":"SKIP","floor":55},{"not_picked":["animator:LizardPriest","animator:Kaijin+1"],"picked":"animator:HiiragiShinya","floor":56},{"not_picked":["animator:GuildGirl","animator:Entoma","animator:Shichika"],"picked":"SKIP","floor":60},{"not_picked":["animator:Scar","animator:CrowleyEusford+1","animator:Yoichi"],"picked":"SKIP","floor":61},{"not_picked":["animator:UneriGinkaku","animator:Chris"],"picked":"animator:Rimuru","floor":64},{"not_picked":["animator:CrowleyEusford","animator:Pride","animator:Sebas"],"picked":"SKIP","floor":68},{"not_picked":["animator:Entoma+1","animator:Hakurou"],"picked":"animator:WinryRockbell+1","floor":69}],"player_experience":834992,"relics_obtained":[{"floor":6,"key":"Blood Vial"},{"floor":8,"key":"Juzu Bracelet"},{"floor":11,"key":"animator:BattleDrones"},{"floor":14,"key":"hubris:OldNail"},{"floor":20,"key":"Red Mask"},{"floor":23,"key":"Regal Pillow"},{"floor":26,"key":"hubris:Metronome"},{"floor":27,"key":"War Paint"},{"floor":29,"key":"animator:CursedGlyph"},{"floor":41,"key":"animator:OldCoffin"},{"floor":43,"key":"relicPack:NeonSign"},{"floor":48,"key":"Shuriken"},{"floor":54,"key":"animator:TheWolleyCore"},{"floor":54,"key":"animator:AncientMedallion"},{"floor":57,"key":"animator:AncientMedallion"},{"floor":64,"key":"animator:AncientMedallion"},{"floor":65,"key":"animator:AncientMedallion"},{"floor":68,"key":"animator:AncientMedallion"},{"floor":69,"key":"animator:AncientMedallion"}],"event_choices":[{"damage_healed":0,"gold_gain":75,"player_choice":"Gather Gold","damage_taken":11,"max_hp_gain":0,"max_hp_loss":0,"event_name":"World of Goop","floor":13,"gold_loss":0},{"damage_healed":0,"gold_gain":0,"player_choice":"Fought Bandits","damage_taken":0,"max_hp_gain":0,"max_hp_loss":0,"event_name":"Masked Bandits","floor":20,"gold_loss":0},{"damage_healed":0,"gold_gain":0,"player_choice":"Obtained Relic","damage_taken":0,"relics_obtained":["Bag of Preparation"],"max_hp_gain":0,"max_hp_loss":0,"event_name":"Addict","floor":21,"gold_loss":85},{"damage_healed":0,"gold_gain":0,"player_choice":"Memory 1","damage_taken":0,"max_hp_gain":0,"max_hp_loss":0,"event_name":"SensoryStone","floor":42,"gold_loss":0}],"is_beta":false,"boss_relics":[{"not_picked":["hubris:CrackedHourglass","Velvet Choker"],"picked":"SlaversCollar"},{"not_picked":["relicPack:ShieldShield","Calling Bell"],"picked":"relicPack:KazumaCape"}],"items_purged_floors":[4,19,22,31,36,59],"is_endless":false,"potions_floor_spawned":[5,8,11,27,29,33,39,47,48,55,68,69],"ascension_level":20}}