{"host":"rz01j32460kf2mtw","time":1613297333,"event":{"mods":["BaseMod","Downfall","Minty Spire (QoL Compilation)","Quick Restart","StSLib"],"gold_per_floor":[349,362,212,224,9,36,36,36,54,54,72,100,100,100,113,214,214,214,228,248,40,55,55,100,110,135,135,174,174,194,194,194,194],"floor_reached":31,"language":"ENG","playtime":1804,"items_purged":["champ:Strike"],"score":292,"play_id":"b785a7a1-8538-4c30-b014-f36b31e439c7","local_time":"20210214030853","is_ascension_mode":false,"campfire_choices":[{"data":"champ:Execute","floor":1,"key":"SMITH"},{"floor":13,"key":"REST"},{"data":"champ:Taunt","floor":18,"key":"SMITH"},{"floor":27,"key":"REST"}],"circlet_count":0,"master_deck":["champ:Strike","champ:Strike","champ:Strike","champ:Defend","champ:Defend","champ:Defend","champ:Defend","champ:Execute+1","champ:Taunt+1","champ:FanOfKnives","champ:GutPunch","champ:HeartStrike","champ:Shatter","champ:EnGarde","champ:EnragedBash+1","champ:AdrenalArmor+1","champ:Devastate","champ:GutPunch","champ:ShieldSlam","champ:Improvising+1","champ:TornadoPunch+1","champ:DancingMaster+1","champ:Devastate","champ:StanceDance","Ghostly","Ghostly","Ghostly","Ghostly","Ghostly"],"relics":["champ:ChampionCrownUpgraded","Dream Catcher","Frozen Egg 2","Ornamental Fan","Bag of Marbles","Pen Nib"],"acts_visited":["Exordium","TheCity"],"potions_floor_usage":[6,6,12,16,25,28,28,31],"damage_taken":[{"damage":10,"enemies":"Small Slimes","floor":2,"turns":4},{"damage":10,"enemies":"Cultist","floor":4,"turns":4},{"damage":25,"enemies":"downfall:FleeingMerchant","floor":5,"turns":4},{"damage":58,"enemies":"Lagavulin","floor":6,"turns":9},{"damage":7,"enemies":"2 Louse","floor":9,"turns":3},{"damage":40,"enemies":"Large Slime","floor":11,"turns":5},{"damage":48,"enemies":"Gremlin Nob","floor":12,"turns":5},{"damage":25,"enemies":"Exordium Thugs","floor":15,"turns":4},{"damage":76,"enemies":"WA_ARCHETYPE_RETAIN","floor":16,"turns":9},{"damage":19,"enemies":"Chosen","floor":19,"turns":6},{"damage":0,"enemies":"downfall:LooterAlt2","floor":20,"turns":2},{"damage":20,"enemies":"downfall:FleeingMerchant","floor":21,"turns":4},{"damage":37,"enemies":"Snake Plant","floor":22,"turns":4},{"damage":64,"enemies":"Cultist and Chosen","floor":25,"turns":7},{"damage":75,"enemies":"Book of Stabbing","floor":26,"turns":6},{"damage":34,"enemies":"Snecko","floor":28,"turns":5},{"damage":51,"enemies":"Centurion and Healer","floor":30,"turns":10},{"damage":15,"enemies":"Gremlin Leader","floor":31,"turns":6}],"seed_played":"8907431213500740572","potions_obtained":[{"floor":4,"key":"Fruit Juice"},{"floor":11,"key":"Energy Potion"},{"floor":15,"key":"GamblersBrew"},{"floor":16,"key":"SkillPotion"},{"floor":20,"key":"ColorlessPotion"},{"floor":26,"key":"ColorlessPotion"},{"floor":30,"key":"Energy Potion"}],"is_trial":false,"path_per_floor":["R","M","?","M","$","E","T","?","M","?","M","E","R","?","M","B",null,"R","M","M","$","M","?","T","M","E","R","M","?","M","E"],"character_chosen":"THE_CHAMP","items_purchased":["champ:Shatter","BlessingOfTheForge","champ:EnGarde","champ:Devastate","champ:StanceDance"],"campfire_rested":2,"item_purchase_floors":[5,5,5,21,21],"current_hp_per_floor":[81,81,91,91,86,48,48,48,46,46,46,38,66,66,61,10,96,96,92,92,92,70,70,70,56,15,43,29,29,8,0,0,0],"gold":194,"neow_bonus":"TWO_FIFTY_GOLD","is_daily":false,"chose_seed":false,"campfire_upgraded":2,"win_rate":0.0,"timestamp":1613297333,"path_taken":["R","M","?","?","$","E","T","?","?","?","M","E","R","?","M","BOSS","R","M","M","$","M","?","T","M","E","R","M","?","M","E"],"items_purchased_type":["Card","Potion","Card","Card","Card"],"build_version":"2020-12-22","purchased_purges":1,"victory":false,"max_hp_per_floor":[81,81,91,91,91,96,96,96,96,96,96,96,96,96,96,96,96,96,96,96,96,96,96,96,96,96,96,96,48,48,48,48,48],"card_choices":[{"not_picked":["champ:PerfectedStrike","champ:Backstep"],"picked":"champ:FanOfKnives","floor":2},{"not_picked":["champ:DeathBlow","champ:GladiatorStyle"],"picked":"champ:GutPunch","floor":4},{"not_picked":["champ:SwordSigil","champ:Shatter"],"picked":"champ:HeartStrike","floor":5},{"not_picked":["champ:EndlessRage","champ:TornadoPunch"],"picked":"champ:EnragedBash","floor":6},{"not_picked":["champ:BringItOn","champ:FaceSlap"],"picked":"champ:AdrenalArmor","floor":9},{"not_picked":["champ:Circumvent","champ:PreciseThrust","champ:BladeFlurry"],"picked":"SKIP","floor":11},{"not_picked":["champ:PerfectedStrike","champ:FancyFootwork"],"picked":"champ:Devastate","floor":12},{"not_picked":["champ:BladeFlurry","champ:DefensiveShout"],"picked":"champ:GutPunch","floor":13},{"not_picked":["champ:PreciseThrust","champ:BerserkersShout"],"picked":"champ:ShieldSlam","floor":15},{"not_picked":["champ:Devastate","champ:HeavySlash"],"picked":"champ:Improvising+1","floor":16},{"not_picked":["champ:EnragedBash","champ:BerserkersShout"],"picked":"champ:TornadoPunch+1","floor":19},{"not_picked":["champ:TornadoPunch+1","champ:PerfectedStrike","champ:AdrenalArmor"],"picked":"SKIP","floor":20},{"not_picked":["champ:EndlessRage+1","champ:FanOfKnives"],"picked":"champ:DancingMaster+1","floor":21},{"not_picked":["champ:Endure","champ:BladeFlurry","champ:Circumvent"],"picked":"SKIP","floor":22},{"not_picked":["champ:GutPunch","champ:PreciseThrust","champ:TornadoPunch"],"picked":"SKIP","floor":25},{"not_picked":["champ:EndlessRage+1","champ:HoldFirm","champ:BladeFlurry"],"picked":"SKIP","floor":26},{"not_picked":["champ:RisingSlash","champ:GutPunch","champ:BerserkersShout"],"picked":"SKIP","floor":28},{"not_picked":["champ:StanceDance","champ:Shatter+1","champ:AdrenalArmor"],"picked":"SKIP","floor":30}],"player_experience":896888,"relics_obtained":[{"floor":6,"key":"Dream Catcher"},{"floor":7,"key":"Frozen Egg 2"},{"floor":12,"key":"Ornamental Fan"},{"floor":24,"key":"Bag of Marbles"},{"floor":26,"key":"Pen Nib"}],"event_choices":[{"damage_healed":0,"gold_gain":0,"player_choice":"Grow","damage_taken":0,"max_hp_gain":0,"max_hp_loss":0,"event_name":"Living Wall","floor":10,"gold_loss":0,"cards_upgraded":["champ:AdrenalArmor"]},{"damage_healed":0,"gold_gain":0,"player_choice":"Ignored","damage_taken":0,"max_hp_gain":0,"max_hp_loss":0,"event_name":"Vampires","floor":23,"gold_loss":0},{"damage_healed":0,"gold_gain":0,"player_choice":"Became a Ghost","damage_taken":0,"max_hp_gain":0,"max_hp_loss":48,"event_name":"Ghosts","floor":29,"gold_loss":0,"cards_obtained":["Ghostly","Ghostly","Ghostly","Ghostly","Ghostly"]}],"is_beta":false,"boss_relics":[{"not_picked":["Coffee Dripper","Philosopher\u0027s Stone"],"picked":"champ:ChampionCrownUpgraded"}],"items_purged_floors":[5],"is_endless":false,"potions_floor_spawned":[4,11,15,16,20,26,30],"killed_by":"Gremlin Leader","ascension_level":0}}