{"host":"mydft8i2zzydgggw","time":1613299665,"event":{"mods":["AchievementEnabler","BaseMod","Colored Map","Colored Powertips","DeckTracker","Keyboard Shortcuts","Minty Spire (QoL Compilation)","Rare Cards Sparkle","StSLib","SuperFastMode","everything is the same but u backflip on backflip"],"gold_per_floor":[115,115,115,115,75,75,116,116,116,139,139,164,89,103,103,103,103],"floor_reached":16,"language":"KOR","playtime":225,"items_purged":["Strike_B"],"score":181,"play_id":"bbd572d8-49b7-43e8-bb0a-7cc587dfa454","local_time":"20210214194745","is_ascension_mode":true,"campfire_choices":[{"data":"Zap","floor":6,"key":"SMITH"},{"data":"Strike_B","floor":8,"key":"PURGE"},{"floor":11,"key":"REST"},{"data":"Defend_B","floor":15,"key":"PURGE"}],"circlet_count":0,"master_deck":["AscendersBane","Strike_B","Defend_B","Defend_B","Defend_B","Zap+1","Dualcast","Reinforced Body","Conserve Battery","Coolheaded"],"relics":["Busted Crown","Golden Idol","Peace Pipe","Symbiotic Virus"],"acts_visited":["Exordium"],"potions_floor_usage":[7,7],"damage_taken":[{"damage":18,"enemies":"Small Slimes","floor":1,"turns":4},{"damage":37,"enemies":"Gremlin Nob","floor":7,"turns":5},{"damage":0,"enemies":"2 Louse","floor":10,"turns":2},{"damage":0,"enemies":"Cultist","floor":12,"turns":4},{"damage":10,"enemies":"Gremlin Gang","floor":14,"turns":9},{"damage":50,"enemies":"Hexaghost","floor":16,"turns":16}],"seed_played":"2105014410917461372","potions_obtained":[{"floor":1,"key":"Block Potion"},{"floor":5,"key":"FairyPotion"},{"floor":5,"key":"EntropicBrew"},{"floor":12,"key":"SpeedPotion"}],"is_trial":false,"path_per_floor":["M","?","?","?","?","R","E","R","T","M","R","M","$","M","R","B"],"character_chosen":"DEFECT","items_purchased":[],"campfire_rested":1,"item_purchase_floors":[],"current_hp_per_floor":[46,51,51,51,51,51,14,14,14,14,34,34,34,24,24,0,0],"gold":103,"neow_bonus":"BOSS_RELIC","is_daily":false,"chose_seed":false,"campfire_upgraded":1,"win_rate":0.0,"timestamp":1613299665,"path_taken":["M","?","?","?","?","R","E","R","T","M","R","M","$","M","R","BOSS"],"items_purchased_type":[],"build_version":"2020-12-22","purchased_purges":1,"victory":false,"max_hp_per_floor":[71,76,76,69,69,69,69,69,69,69,69,69,69,69,69,69,69],"card_choices":[{"not_picked":[],"picked":"Reinforced Body","floor":1},{"not_picked":[],"picked":"Conserve Battery","floor":7},{"not_picked":["Storm"],"picked":"SKIP","floor":10},{"not_picked":[],"picked":"Coolheaded","floor":12},{"not_picked":["BootSequence"],"picked":"SKIP","floor":14}],"player_experience":269002,"relics_obtained":[{"floor":7,"key":"Peace Pipe"},{"floor":9,"key":"Symbiotic Virus"}],"event_choices":[{"damage_healed":0,"gold_gain":0,"player_choice":"Donut","damage_taken":0,"max_hp_gain":5,"max_hp_loss":0,"event_name":"Big Fish","floor":2,"gold_loss":0},{"cards_removed":["Strike_B"],"damage_healed":0,"gold_gain":0,"player_choice":"Forget","damage_taken":0,"max_hp_gain":0,"max_hp_loss":0,"event_name":"Living Wall","floor":3,"gold_loss":0},{"damage_healed":0,"gold_gain":0,"player_choice":"Lose Max HP","damage_taken":0,"relics_obtained":["Golden Idol"],"max_hp_gain":0,"max_hp_loss":7,"event_name":"Golden Idol","floor":4,"gold_loss":0},{"damage_healed":0,"gold_gain":0,"player_choice":"Bought 3 Potions","damage_taken":0,"max_hp_gain":0,"max_hp_loss":0,"event_name":"The Woman in Blue","floor":5,"gold_loss":0}],"is_beta":false,"boss_relics":[],"items_purged_floors":[13],"is_endless":false,"potions_floor_spawned":[1,12,14],"killed_by":"Hexaghost","ascension_level":17}}