{"host":"dlqyscxstsnu98l1","time":1613320770,"event":{"mods":["AchievementEnabler","BaseMod","Colored Map","Colored Powertips","GifTheSpireLib","Highlight Path","Minty Spire (QoL Compilation)","Random Character Button","SacredBarkPlus","StSLib","everything is the same but u backflip on backflip"],"gold_per_floor":[116,135,135,153,163,194,194,210,235,235,235,251,266,321,321,422,422,422,159,114,114,114,114,114,114,114,114,114,114,29,29,29,29,29,29,29,29,29,29,29],"floor_reached":39,"language":"ENG","playtime":1435,"items_purged":["Strike_R"],"score":508,"play_id":"6e6a889d-fc73-4802-851e-385bcb075ff7","local_time":"20210214103930","is_ascension_mode":true,"campfire_choices":[{"data":"1","floor":7,"key":"LIFT"},{"data":"2","floor":11,"key":"LIFT"},{"data":"3","floor":15,"key":"LIFT"},{"data":"Immolate","floor":23,"key":"SMITH"},{"data":"Burning Pact","floor":27,"key":"SMITH"},{"data":"True Grit","floor":29,"key":"SMITH"},{"floor":32,"key":"REST"}],"circlet_count":0,"master_deck":["Strike_R+1","Strike_R+1","Strike_R+1","Strike_R+1","Defend_R+1","Defend_R+1","Defend_R+1","Defend_R+1","Bash+1","Anger","Shrug It Off","Armaments","Offering","True Grit+1","Second Wind","Cleave","Immolate+1","Combust","Sentinel","Burning Pact+1","Spot Weakness+1","Metallicize+1","Spot Weakness+1"],"relics":["Burning Blood","Girya","Incense Burner","Whetstone","Paper Frog","Tiny Chest","Ectoplasm","Strange Spoon","Bronze Scales","Charon\u0027s Ashes","CaptainsWheel","White Beast Statue","SlaversCollar"],"acts_visited":["Exordium","TheCity","TheBeyond"],"potions_floor_usage":[6,14,14,16,21,33],"damage_taken":[{"damage":1,"enemies":"Cultist","floor":1,"turns":3},{"damage":4,"enemies":"2 Louse","floor":2,"turns":3},{"damage":2,"enemies":"Jaw Worm","floor":4,"turns":3},{"damage":8,"enemies":"Blue Slaver","floor":5,"turns":3},{"damage":19,"enemies":"3 Sentries","floor":6,"turns":8},{"damage":13,"enemies":"3 Louse","floor":8,"turns":5},{"damage":0,"enemies":"Large Slime","floor":12,"turns":6},{"damage":0,"enemies":"2 Fungi Beasts","floor":13,"turns":4},{"damage":12,"enemies":"Lagavulin Event","floor":14,"turns":4},{"damage":27,"enemies":"Hexaghost","floor":16,"turns":9},{"damage":3,"enemies":"Chosen","floor":18,"turns":3},{"damage":20,"enemies":"2 Thieves","floor":20,"turns":3},{"damage":10,"enemies":"Shelled Parasite and Fungi","floor":21,"turns":3},{"damage":2,"enemies":"Centurion and Healer","floor":24,"turns":8},{"damage":25,"enemies":"Slavers","floor":25,"turns":4},{"damage":11,"enemies":"Book of Stabbing","floor":28,"turns":3},{"damage":31,"enemies":"Collector","floor":33,"turns":6},{"damage":17,"enemies":"3 Shapes","floor":35,"turns":3},{"damage":48,"enemies":"3 Darklings","floor":36,"turns":4},{"damage":23,"enemies":"Writhing Mass","floor":37,"turns":3},{"damage":0,"enemies":"4 Shapes","floor":39,"turns":1}],"seed_played":"-1424156258442796831","potions_obtained":[{"floor":2,"key":"FearPotion"},{"floor":6,"key":"FearPotion"},{"floor":13,"key":"Dexterity Potion"},{"floor":14,"key":"GamblersBrew"},{"floor":20,"key":"BloodPotion"},{"floor":28,"key":"FearPotion"},{"floor":33,"key":"EssenceOfSteel"},{"floor":35,"key":"EssenceOfSteel"},{"floor":36,"key":"Ancient Potion"},{"floor":37,"key":"DuplicationPotion"}],"is_trial":false,"path_per_floor":["M","M","?","M","M","E","R","M","T","T","R","M","M","?","R","B",null,"M","$","M","M","?","R","M","E","T","R","E","R","?","?","R","B",null,"M","M","M","T","M"],"character_chosen":"IRONCLAD","items_purchased":["Strange Spoon","Sentinel"],"campfire_rested":1,"item_purchase_floors":[19,19],"current_hp_per_floor":[72,72,58,62,60,47,47,40,40,40,40,46,52,46,46,25,72,72,72,58,68,68,68,72,53,53,53,48,48,48,35,58,33,77,66,24,7,7,7,7],"gold":29,"neow_bonus":"ONE_RARE_RELIC","is_daily":false,"chose_seed":false,"campfire_upgraded":3,"win_rate":0.0,"timestamp":1613320770,"path_taken":["M","?","?","M","M","E","R","M","T","?","R","M","M","?","R","BOSS","M","$","M","M","?","R","M","E","T","R","E","R","?","?","R","BOSS","M","M","M","?","M"],"items_purchased_type":["Relic","Card"],"build_version":"2020-12-22","purchased_purges":1,"victory":false,"max_hp_per_floor":[72,72,72,72,72,72,72,72,72,72,72,72,72,72,72,72,72,72,72,72,72,72,72,72,72,72,72,72,72,72,77,77,77,77,77,77,77,77,77,77],"card_choices":[{"not_picked":["Havoc","Blood for Blood","Clothesline"],"picked":"SKIP","floor":1},{"not_picked":["Body Slam","Thunderclap"],"picked":"Anger","floor":2},{"not_picked":["Anger","Metallicize"],"picked":"Shrug It Off","floor":4},{"not_picked":["Twin Strike","Anger","Iron Wave"],"picked":"SKIP","floor":5},{"not_picked":["Headbutt","Clash"],"picked":"Armaments","floor":6},{"not_picked":["Blood for Blood","Body Slam"],"picked":"Offering","floor":8},{"not_picked":["Infernal Blade","Searing Blow"],"picked":"True Grit","floor":12},{"not_picked":["Thunderclap","Seeing Red"],"picked":"Second Wind","floor":13},{"not_picked":["Power Through","Wild Strike"],"picked":"Cleave","floor":14},{"not_picked":["Corruption","Barricade"],"picked":"Immolate","floor":16},{"not_picked":["Rage+1","Dropkick"],"picked":"Combust","floor":18},{"not_picked":["Body Slam","Havoc","Rage+1"],"picked":"SKIP","floor":20},{"not_picked":["Iron Wave+1","Body Slam+1"],"picked":"Burning Pact","floor":21},{"not_picked":["Clothesline+1","Body Slam+1","Clash"],"picked":"SKIP","floor":24},{"not_picked":["Havoc","Body Slam","Clash"],"picked":"SKIP","floor":25},{"not_picked":["Flex+1","Juggernaut"],"picked":"Spot Weakness+1","floor":28},{"not_picked":["Havoc+1","Body Slam"],"picked":"Metallicize+1","floor":35},{"not_picked":["Anger","Wild Strike"],"picked":"Spot Weakness+1","floor":36},{"not_picked":["Iron Wave","Blood for Blood","Perfected Strike+1"],"picked":"SKIP","floor":37}],"player_experience":204818,"relics_obtained":[{"floor":6,"key":"Incense Burner"},{"floor":9,"key":"Whetstone"},{"floor":10,"key":"Paper Frog"},{"floor":25,"key":"Bronze Scales"},{"floor":26,"key":"Charon\u0027s Ashes"},{"floor":28,"key":"CaptainsWheel"}],"event_choices":[{"damage_healed":0,"gold_gain":0,"player_choice":"Entered Light","damage_taken":14,"max_hp_gain":0,"max_hp_loss":0,"event_name":"Shining Light","floor":3,"gold_loss":0,"cards_upgraded":["Strike_R","Bash"]},{"damage_healed":0,"gold_gain":0,"player_choice":"Searched \u00272\u0027 times","damage_taken":0,"relics_obtained":["Tiny Chest"],"max_hp_gain":0,"max_hp_loss":0,"event_name":"Dead Adventurer","floor":14,"gold_loss":0},{"damage_healed":0,"gold_gain":0,"player_choice":"Simplicity","damage_taken":0,"max_hp_gain":0,"max_hp_loss":0,"event_name":"Back to Basics","floor":22,"gold_loss":0,"cards_upgraded":["Strike_R","Defend_R","Defend_R","Defend_R","Defend_R"]},{"damage_healed":0,"gold_gain":0,"player_choice":"Obtained Relic","damage_taken":0,"relics_obtained":["White Beast Statue"],"max_hp_gain":0,"max_hp_loss":0,"event_name":"Addict","floor":30,"gold_loss":85},{"damage_healed":0,"gold_gain":0,"player_choice":"Shed Blood","damage_taken":18,"max_hp_gain":5,"max_hp_loss":0,"event_name":"Forgotten Altar","floor":31,"gold_loss":0}],"is_beta":false,"boss_relics":[{"not_picked":["Empty Cage","Astrolabe"],"picked":"Ectoplasm"},{"not_picked":["Coffee Dripper","Pandora\u0027s Box"],"picked":"SlaversCollar"}],"items_purged_floors":[19],"is_endless":false,"potions_floor_spawned":[2,6,13,14,20,28,33,35,36,37],"killed_by":"4 Shapes","ascension_level":4}}