{"host":"dl909bjyolgrn2uw","time":1613325141,"event":{"mods":["2.2 Compatiblity","AlwaysNeverKeys","BaseMod","Bestiary","Better Altar","Better Note","Better Sensory Stone","Better Skull","Better Third Choice","Better Vampires","Better-Laid Plans","BetterRewards","Colored Powertips","Curses Come First","Disable Question Mark Monsters","Displayed Cursed Tome","Emptier Cage","Evolution","Minty Spire (QoL Compilation)","Morshu Shopkeeper","Permanent Neow","Quick Restart","Rare Cards Sparkle","Relic Stats","Shop Mod","Spicy Shops","StSLib","SuperFastMode","Transform Curses"],"gold_per_floor":[115,135,151,301,5,38,55,66,66,96,96,109,143,156,156,233,233,251,68,68,80,100,134,159,159,159,194,194,194,205,215,215,293,293,308,318,328,376,376,411,436,436,486,503,531,550,575,593,593,593,593,593,593,32,64,64],"floor_reached":57,"language":"ENG","playtime":3095,"items_purged":["Pride","Dagger Spray","Dagger Spray"],"score":4412,"play_id":"c61cf555-4c32-4df3-aac1-9ae005684142","local_time":"20210214115221","is_ascension_mode":true,"campfire_choices":[{"data":"Cloak And Dagger","floor":11,"key":"SMITH"},{"data":"Cloak And Dagger","floor":15,"key":"SMITH"},{"data":"Cloak And Dagger","floor":25,"key":"SMITH"},{"data":"Neutralize","floor":28,"key":"SMITH"},{"data":"Sucker Punch","floor":32,"key":"SMITH"},{"data":"Sucker Punch","floor":42,"key":"SMITH"},{"floor":49,"key":"RECALL"},{"data":"Dodge and Roll","floor":53,"key":"SMITH"}],"circlet_count":0,"master_deck":["AscendersBane","Sucker Punch+1","Sucker Punch+1","Sucker Punch+1","Cloak And Dagger+1","Dodge and Roll+1","Cloak And Dagger+1","Dodge and Roll+1","Cloak And Dagger+1","Survivor+1","Neutralize+1","Poisoned Stab+1","Accuracy+1","Masterful Stab+1","Backflip+1","Blade Dance+1","Infinite Blades+1","Phantasmal Killer+1","Dash+1","Accuracy+1","Cloak And Dagger+1","Choke+1","Backflip+1","Phantasmal Killer+1","Cloak And Dagger+1","Leg Sweep+1","Terror+1","Blade Dance+1","Tools of the Trade+1","Well Laid Plans+1","Prepared+1","Footwork+1","Deflect+1","Footwork+1","PiercingWail+1","Blade Dance+1","Acrobatics+1","Accuracy+1","Adrenaline+1","Burst+1","Dash+1","Blade Dance+1","Blade Dance+1","Footwork+1","Bullet Time+1","Caltrops+1","A Thousand Cuts+1","Blade Dance+1","PiercingWail+1","Blade Dance+1"],"relics":["Ring of the Snake","EVO:Axolotl","OrangePellets","White Beast Statue","Happy Flower","TwistedFunnel","Paper Crane","Frozen Egg 2","Molten Egg 2","Prayer Wheel","Gambling Chip","Toxic Egg 2","Question Card","Medical Kit","PreservedInsect","Omamori","Centennial Puzzle","Membership Card","Vajra","Bottled Tornado","Pantograph","Letter Opener","Sozu","Singing Bowl","Akabeko","Ancient Tea Set","Eternal Feather","MutagenicStrength","Runic Pyramid","FossilizedHelix","Mummified Hand","Incense Burner","Strawberry","The Courier","War Paint","Bag of Preparation","Kunai","Bag of Marbles","Whetstone","Bottled Lightning","Mango","Strange Spoon","PrismaticShard","Pear"],"acts_visited":["Exordium","TheCity","TheBeyond","TheEnding"],"potions_floor_usage":[23,56,56],"damage_taken":[{"damage":0,"enemies":"2 Louse","floor":1,"turns":1},{"damage":0,"enemies":"Small Slimes","floor":2,"turns":2},{"damage":0,"enemies":"Jaw Worm","floor":3,"turns":2},{"damage":0,"enemies":"3 Sentries","floor":6,"turns":3},{"damage":0,"enemies":"2 Fungi Beasts","floor":7,"turns":2},{"damage":0,"enemies":"Large Slime","floor":8,"turns":2},{"damage":0,"enemies":"Lagavulin","floor":10,"turns":2},{"damage":0,"enemies":"Exordium Wildlife","floor":12,"turns":3},{"damage":0,"enemies":"3 Sentries","floor":13,"turns":2},{"damage":0,"enemies":"Red Slaver","floor":14,"turns":2},{"damage":0,"enemies":"Slime Boss","floor":16,"turns":2},{"damage":0,"enemies":"Shell Parasite","floor":18,"turns":1},{"damage":0,"enemies":"3 Byrds","floor":21,"turns":2},{"damage":0,"enemies":"Snecko","floor":22,"turns":3},{"damage":0,"enemies":"Book of Stabbing","floor":23,"turns":1},{"damage":1,"enemies":"Slavers","floor":27,"turns":2},{"damage":0,"enemies":"Snake Plant","floor":30,"turns":2},{"damage":0,"enemies":"Cultist and Chosen","floor":31,"turns":1},{"damage":0,"enemies":"Automaton","floor":33,"turns":3},{"damage":0,"enemies":"3 Darklings","floor":35,"turns":3},{"damage":0,"enemies":"3 Shapes","floor":36,"turns":1},{"damage":0,"enemies":"Writhing Mass","floor":37,"turns":2},{"damage":0,"enemies":"2 Orb Walkers","floor":38,"turns":3},{"damage":0,"enemies":"Giant Head","floor":40,"turns":3},{"damage":0,"enemies":"Mind Bloom Boss Battle","floor":41,"turns":2},{"damage":0,"enemies":"Jaw Worm Horde","floor":44,"turns":2},{"damage":0,"enemies":"Reptomancer","floor":45,"turns":2},{"damage":0,"enemies":"4 Shapes","floor":46,"turns":2},{"damage":0,"enemies":"Nemesis","floor":47,"turns":1},{"damage":0,"enemies":"Transient","floor":48,"turns":4},{"damage":0,"enemies":"Donu and Deca","floor":50,"turns":5},{"damage":0,"enemies":"Awakened One","floor":51,"turns":6},{"damage":0,"enemies":"Shield and Spear","floor":55,"turns":1},{"damage":20,"enemies":"The Heart","floor":56,"turns":5}],"seed_played":"-450287832061221130","potions_obtained":[],"is_trial":false,"path_per_floor":["M","M","M","?","$","E","M","M","T","E","R","M","E","M","R","B",null,"M","$","?","M","M","E","T","R","T","E","R","?","M","M","R","B",null,"M","M","M","?","?","E","?","R","T","M","E","M","E","M","R","B","B",null,"R","$","E","B",null],"character_chosen":"THE_SILENT","items_purchased":["OrangePellets","Ninja Scroll","White Beast Statue","Happy Flower","CunningPotion","TwistedFunnel","Paper Crane","Frozen Egg 2","Molten Egg 2","Prayer Wheel","Gambling Chip","Toxic Egg 2","Question Card","Medical Kit","CunningPotion","PreservedInsect","Omamori","Centennial Puzzle","Membership Card","Vajra","Infinite Blades+1","Footwork+1","Deflect+1","Bag of Preparation","Kunai","Bag of Marbles","Whetstone","Bottled Lightning","Mango","Blade Dance+1","PiercingWail+1","Blade Dance+1","Strange Spoon","PrismaticShard"],"campfire_rested":0,"item_purchase_floors":[0,0,0,0,0,0,0,0,0,0,0,0,0,0,0,0,0,0,5,5,5,19,19,54,54,54,54,54,54,54,54,54,54,54],"current_hp_per_floor":[69,69,69,69,69,69,69,69,69,69,69,69,69,69,69,76,76,76,76,76,76,76,78,78,78,78,79,80,80,82,84,84,84,84,86,86,86,88,88,88,90,90,97,101,101,105,107,109,109,109,109,109,109,123,135,115],"gold":64,"neow_bonus":"","is_daily":false,"chose_seed":false,"campfire_upgraded":7,"win_rate":0.0,"timestamp":1613325141,"path_taken":["M","M","M","?","$","E","M","M","T","E","R","M","E","M","R","BOSS","M","$","?","M","M","E","?","R","T","E","R","?","M","M","R","BOSS","M","M","M","?","?","E","?","R","T","M","E","M","E","M","R","BOSS","BOSS","R","$","E","BOSS"],"items_purchased_type":["Relic","Relic","Relic","Relic","Potion","Relic","Relic","Relic","Relic","Relic","Relic","Relic","Relic","Relic","Potion","Relic","Relic","Relic","Relic","Relic","Card","Card","Card","Relic","Relic","Relic","Relic","Relic","Relic","Card","Card","Card","Relic","Relic"],"build_version":"2020-12-22","purchased_purges":3,"victory":true,"max_hp_per_floor":[76,76,76,76,76,76,76,76,76,76,76,76,76,76,76,76,76,76,76,76,76,76,78,78,78,78,80,80,80,82,84,84,84,84,86,86,86,88,88,88,90,90,97,101,101,105,107,109,109,109,109,109,109,123,135,135],"relic_stats":{"Happy Flower":[54],"Singing Bowl":62,"counters":[395,1417],"Eternal Feather":1,"PreservedInsect":880,"Bag of Preparation":[70],"Letter Opener":[301],"Whetstone":["Bane","Bane","Dagger Spray","Dagger Spray","Dagger Spray","Neutralize","Sucker Punch"],"War Paint":["Defend_B","Defend_B","Survivor","Dodge and Roll"],"Question Card":49,"Medical Kit":[3],"Sozu":13,"OrangePellets":[61],"Strange Spoon":[18],"Centennial Puzzle":[6],"Mummified Hand":[58],"Gambling Chip":[382],"Pantograph":9,"Prayer Wheel":18,"Kunai":[74],"obtain_stats":[{"TwistedFunnel":0,"Whetstone":46,"Ginger":45,"Bottled Tornado":54,"Boot":48,"Sling":37,"Old Coin":40,"Blood Vial":9,"Sundial":7,"MealTicket":7,"Necronomicon":20,"Kunai":48,"Pear":9,"Blue Candle":53,"Tingsha":8,"Eternal Feather":9,"Pen Nib":24,"Paper Crane":12,"Akabeko":42,"Runic Dome":0,"SlaversCollar":34,"MutagenicStrength":22,"Bird Faced Urn":6,"Snecko Eye":17,"Pandora\u0027s Box":17,"StrikeDummy":31,"Regal Pillow":11,"Lantern":0,"Singing Bowl":9,"Torii":0,"StoneCalendar":28,"Bag of Preparation":46,"Ancient Tea Set":0,"Cursed Key":34,"Smiling Mask":7,"Shovel":45,"Matryoshka":0,"WristBlade":34,"Ninja Scroll":25,"WingedGreaves":36,"Chemical X":0,"InkBottle":43,"Ring of the Snake":0,"Potion Belt":26,"Inserter":17,"The Specimen":31,"Golden Idol":3,"Thread and Needle":43,"PreservedInsect":0,"The Courier":14,"Omamori":23,"Frozen Egg 2":29,"MawBank":12,"Busted Crown":34,"Ornamental Fan":47,"Bloody Idol":19,"Orrery":0,"Turnip":40,"Art of War":27,"Bottled Lightning":25,"Toy Ornithopter":48,"Ice Cream":19,"Mark of the Bloom":37,"Calipers":0,"Gremlin Horn":9,"CeramicFish":25,"Vajra":6,"HoveringKite":34,"EVO:Axolotl":0,"Sozu":17,"Centennial Puzzle":43,"Lizard Tail":45,"HornCleat":29,"DollysMirror":47,"Strawberry":27,"Prayer Wheel":0,"Philosopher\u0027s Stone":17,"Toxic Egg 2":37,"Girya":36,"Happy Flower":36,"Astrolabe":17,"Dead Branch":27,"Oddly Smooth Stone":0,"Letter Opener":26,"War Paint":12,"Question Card":12,"Du-Vu Doll":12,"OrangePellets":0,"Bottled Flame":47,"Shuriken":46,"Bronze Scales":26,"Molten Egg 2":43,"Meat on the Bone":47,"Pocketwatch":13,"Darkstone Periapt":24,"Mango":14,"Snake Skull":19,"Juzu Bracelet":8,"Incense Burner":41,"PrismaticShard":54,"ClockworkSouvenir":47,"Dream Catcher":12,"Nunchaku":37,"Tough Bandages":54,"TheAbacus":36,"Mummified Hand":6,"Pantograph":6,"Gambling Chip":0,"Tiny Chest":27,"Red Mask":30,"Cracked Core":0,"Runic Pyramid":17,"Orichalcum":31,"Medical Kit":48,"White Beast Statue":40,"Mercury Hourglass":31,"Peace Pipe":44,"Strange Spoon":54,"CaptainsWheel":42,"Anchor":26,"Coffee Dripper":0,"Bag of Marbles":0,"Membership Card":19,"FossilizedHelix":37,"TungstenRod":54},{"TwistedFunnel":143,"Whetstone":86,"Ginger":201,"Bottled Tornado":295,"Boot":87,"Sling":106,"Old Coin":138,"Blood Vial":148,"Sundial":208,"MealTicket":6,"Necronomicon":12,"Kunai":142,"Pear":302,"Blue Candle":359,"Tingsha":118,"Eternal Feather":209,"Pen Nib":14,"Paper Crane":68,"Akabeko":85,"Runic Dome":1,"SlaversCollar":224,"MutagenicStrength":156,"Bird Faced Urn":301,"Snecko Eye":305,"Pandora\u0027s Box":97,"StrikeDummy":79,"Regal Pillow":95,"Lantern":265,"Singing Bowl":6,"Torii":265,"StoneCalendar":78,"Bag of Preparation":202,"Ancient Tea Set":18,"Cursed Key":163,"Smiling Mask":177,"Shovel":110,"Matryoshka":328,"WristBlade":285,"Ninja Scroll":49,"WingedGreaves":82,"Chemical X":297,"InkBottle":139,"Ring of the Snake":0,"Potion Belt":49,"Inserter":28,"The Specimen":284,"Golden Idol":62,"Thread and Needle":108,"PreservedInsect":33,"The Courier":272,"Omamori":47,"Frozen Egg 2":192,"MawBank":181,"Busted Crown":52,"Ornamental Fan":59,"Bloody Idol":125,"Orrery":60,"Turnip":228,"Art of War":15,"Bottled Lightning":77,"Toy Ornithopter":142,"Ice Cream":12,"Mark of the Bloom":225,"Calipers":265,"Gremlin Horn":24,"CeramicFish":248,"Vajra":65,"HoveringKite":195,"EVO:Axolotl":0,"Sozu":372,"Centennial Puzzle":57,"Lizard Tail":292,"HornCleat":102,"DollysMirror":59,"Strawberry":101,"Prayer Wheel":88,"Philosopher\u0027s Stone":273,"Toxic Egg 2":165,"Girya":287,"Happy Flower":196,"Astrolabe":70,"Dead Branch":129,"Oddly Smooth Stone":60,"Letter Opener":14,"War Paint":41,"Question Card":211,"Du-Vu Doll":8,"OrangePellets":33,"Bottled Flame":202,"Shuriken":86,"Bronze Scales":219,"Molten Egg 2":85,"Meat on the Bone":59,"Pocketwatch":304,"Darkstone Periapt":128,"Mango":27,"Snake Skull":98,"Juzu Bracelet":24,"Incense Burner":386,"PrismaticShard":393,"ClockworkSouvenir":59,"Dream Catcher":26,"Nunchaku":82,"Tough Bandages":263,"TheAbacus":196,"Mummified Hand":239,"Pantograph":38,"Gambling Chip":88,"Tiny Chest":159,"Red Mask":50,"Cracked Core":0,"Runic Pyramid":43,"Orichalcum":17,"Medical Kit":142,"White Beast Statue":56,"Mercury Hourglass":51,"Peace Pipe":58,"Strange Spoon":393,"CaptainsWheel":57,"Anchor":77,"Coffee Dripper":0,"Bag of Marbles":173,"Membership Card":12,"FossilizedHelix":106,"TungstenRod":326},{"TwistedFunnel":611,"Whetstone":410,"Ginger":815,"Bottled Tornado":1108,"Boot":415,"Sling":499,"Old Coin":596,"Blood Vial":628,"Sundial":838,"MealTicket":19,"Necronomicon":38,"Kunai":608,"Pear":1126,"Blue Candle":1323,"Tingsha":545,"Eternal Feather":841,"Pen Nib":45,"Paper Crane":298,"Akabeko":405,"Runic Dome":1,"SlaversCollar":902,"MutagenicStrength":656,"Bird Faced Urn":1123,"Snecko Eye":1136,"Pandora\u0027s Box":462,"StrikeDummy":361,"Regal Pillow":453,"Lantern":1049,"Singing Bowl":19,"Torii":1049,"StoneCalendar":352,"Bag of Preparation":818,"Ancient Tea Set":58,"Cursed Key":683,"Smiling Mask":743,"Shovel":515,"Matryoshka":1215,"WristBlade":1089,"Ninja Scroll":216,"WingedGreaves":386,"Chemical X":1115,"InkBottle":601,"Ring of the Snake":0,"Potion Belt":216,"Inserter":101,"The Specimen":1085,"Golden Idol":283,"Thread and Needle":503,"PreservedInsect":129,"The Courier":1062,"Omamori":203,"Frozen Egg 2":789,"MawBank":755,"Busted Crown":236,"Ornamental Fan":275,"Bloody Idol":561,"Orrery":280,"Turnip":926,"Art of War":48,"Bottled Lightning":347,"Toy Ornithopter":608,"Ice Cream":38,"Mark of the Bloom":913,"Calipers":1049,"Gremlin Horn":75,"CeramicFish":996,"Vajra":292,"HoveringKite":801,"EVO:Axolotl":0,"Sozu":1360,"Centennial Puzzle":264,"Lizard Tail":1100,"HornCleat":482,"DollysMirror":275,"Strawberry":479,"Prayer Wheel":422,"Philosopher\u0027s Stone":1067,"Toxic Egg 2":689,"Girya":1092,"Happy Flower":802,"Astrolabe":312,"Dead Branch":574,"Oddly Smooth Stone":280,"Letter Opener":45,"War Paint":165,"Question Card":848,"Du-Vu Doll":23,"OrangePellets":129,"Bottled Flame":818,"Shuriken":410,"Bronze Scales":878,"Molten Egg 2":405,"Meat on the Bone":275,"Pocketwatch":1132,"Darkstone Periapt":568,"Mango":90,"Snake Skull":468,"Juzu Bracelet":75,"Incense Burner":1389,"PrismaticShard":1411,"ClockworkSouvenir":275,"Dream Catcher":86,"Nunchaku":386,"Tough Bandages":1040,"TheAbacus":802,"Mummified Hand":971,"Pantograph":148,"Gambling Chip":422,"Tiny Chest":665,"Red Mask":221,"Cracked Core":0,"Runic Pyramid":178,"Orichalcum":55,"Medical Kit":608,"White Beast Statue":258,"Mercury Hourglass":229,"Peace Pipe":270,"Strange Spoon":1411,"CaptainsWheel":264,"Anchor":347,"Coffee Dripper":0,"Bag of Marbles":735,"Membership Card":38,"FossilizedHelix":499,"TungstenRod":1205}],"Ring of the Snake":[722]},"card_choices":[{"not_picked":["Prepared+1","Deflect+1","Slice+1"],"picked":"Poisoned Stab+1","floor":1},{"not_picked":["Deadly Poison+1","Crippling Poison+1","PiercingWail+1"],"picked":"Accuracy+1","floor":1},{"not_picked":["Infinite Blades+1","Acrobatics+1","Sucker Punch+1"],"picked":"Masterful Stab+1","floor":2},{"not_picked":["Dagger Throw+1","Prepared+1","Bane+1"],"picked":"Backflip+1","floor":2},{"not_picked":["Deadly Poison+1","Outmaneuver+1","Quick Slash+1"],"picked":"Blade Dance+1","floor":3},{"not_picked":["Grand Finale+1","All Out Attack+1","Skewer+1","Flying Knee+1"],"picked":"SKIP","floor":3},{"not_picked":["Distraction+1","Acrobatics+1","Sucker Punch+1"],"picked":"Phantasmal Killer+1","floor":6},{"not_picked":["Cloak And Dagger+1","Sucker Punch+1","Deflect+1"],"picked":"Dash+1","floor":7},{"not_picked":["Infinite Blades+1","Corpse Explosion+1","Escape Plan+1"],"picked":"Accuracy+1","floor":7},{"not_picked":["PiercingWail+1","Setup+1","Prepared+1"],"picked":"Cloak And Dagger+1","floor":8},{"not_picked":["Dodge and Roll+1","Dagger Throw+1","Flying Knee+1"],"picked":"Choke+1","floor":8},{"not_picked":["Flying Knee+1","Acrobatics+1","Bane+1"],"picked":"Backflip+1","floor":10},{"not_picked":["Deflect+1","Bane+1","Heel Hook+1"],"picked":"Phantasmal Killer+1","floor":12},{"not_picked":["Flechettes+1","Heel Hook+1","Prepared+1"],"picked":"Cloak And Dagger+1","floor":12},{"not_picked":["Dodge and Roll+1","Deadly Poison+1","Predator+1"],"picked":"Leg Sweep+1","floor":13},{"not_picked":["Backflip+1","Prepared+1","Poisoned Stab+1"],"picked":"Terror+1","floor":14},{"not_picked":["Quick Slash+1","Deflect+1","Setup+1"],"picked":"Blade Dance+1","floor":14},{"not_picked":["Glass Knife+1","Corpse Explosion+1","Grand Finale+1"],"picked":"Tools of the Trade+1","floor":16},{"not_picked":["Backflip+1","Flying Knee+1","Cloak And Dagger+1"],"picked":"Well Laid Plans+1","floor":18},{"not_picked":["Endless Agony+1","Bane+1","Finisher+1"],"picked":"Prepared+1","floor":18},{"not_picked":["Bane+1","Flying Knee+1","Flechettes+1"],"picked":"PiercingWail+1","floor":21},{"not_picked":["Prepared+1","Unload+1","Flechettes+1","Calculated Gamble+1"],"picked":"SKIP","floor":21},{"not_picked":["PiercingWail+1","Dagger Spray+1","Catalyst+1"],"picked":"Blade Dance+1","floor":22},{"not_picked":["Prepared+1","PiercingWail+1","Outmaneuver+1"],"picked":"Acrobatics+1","floor":22},{"not_picked":["Deadly Poison+1","Grand Finale+1","Predator+1","Outmaneuver+1"],"picked":"Singing Bowl","floor":23},{"not_picked":["Outmaneuver+1","All Out Attack+1","Deadly Poison+1","Deflect+1"],"picked":"Singing Bowl","floor":27},{"not_picked":["Riddle With Holes+1","Tactician+1","Backflip+1"],"picked":"Accuracy+1","floor":30},{"not_picked":["Setup+1","Prepared+1","Poisoned Stab+1","Bane+1"],"picked":"Singing Bowl","floor":30},{"not_picked":["Eviscerate+1","PiercingWail+1","Calculated Gamble+1","Concentrate+1"],"picked":"Singing Bowl","floor":31},{"not_picked":["PiercingWail+1","Quick Slash+1","Sucker Punch+1"],"picked":"Adrenaline+1","floor":31},{"not_picked":["Venomology+1","Doppelganger+1","Night Terror+1"],"picked":"Burst+1","floor":33},{"not_picked":["Reflex+1","Quick Slash+1","Bane+1","Slice+1"],"picked":"Singing Bowl","floor":35},{"not_picked":["Noxious Fumes+1","Sucker Punch+1","Slice+1"],"picked":"Dash+1","floor":35},{"not_picked":["Prepared+1","Deflect+1","Dagger Throw+1"],"picked":"Blade Dance+1","floor":36},{"not_picked":["Setup+1","Outmaneuver+1","Deadly Poison+1"],"picked":"Corpse Explosion+1","floor":36},{"not_picked":["Quick Slash+1","Flechettes+1","Flying Knee+1"],"picked":"Blade Dance+1","floor":37},{"not_picked":["Predator+1","Quick Slash+1","Crippling Poison+1"],"picked":"Footwork+1","floor":37},{"not_picked":["Slice+1","Quick Slash+1","Poisoned Stab+1","Backstab+1"],"picked":"Singing Bowl","floor":38},{"not_picked":["Terror+1","Deflect+1","Cloak And Dagger+1"],"picked":"Bullet Time+1","floor":40},{"not_picked":["Underhanded Strike+1","Bane+1","Escape Plan+1","Prepared+1"],"picked":"Singing Bowl","floor":41},{"not_picked":["Dagger Spray+1","Dodge and Roll+1","Flying Knee+1","Deadly Poison+1"],"picked":"Singing Bowl","floor":44},{"not_picked":["Bane+1","Underhanded Strike+1","Grand Finale+1","Dagger Spray+1"],"picked":"Singing Bowl","floor":44},{"not_picked":["Finisher+1","Dodge and Roll+1","Tactician+1"],"picked":"Caltrops+1","floor":45},{"not_picked":["Underhanded Strike+1","Cloak And Dagger+1","Acrobatics+1","Deflect+1"],"picked":"Singing Bowl","floor":46},{"not_picked":["Bane+1","Underhanded Strike+1","Sucker Punch+1","Dagger Spray+1"],"picked":"Singing Bowl","floor":46},{"not_picked":["Distraction+1","Expertise+1","Slice+1","Underhanded Strike+1"],"picked":"Singing Bowl","floor":47},{"not_picked":["Blade Dance+1","Quick Slash+1","Underhanded Strike+1"],"picked":"A Thousand Cuts+1","floor":48},{"not_picked":["Dodge and Roll+1","Underhanded Strike+1","Concentrate+1","Endless Agony+1"],"picked":"Singing Bowl","floor":48},{"not_picked":["Auto Shields+1","Slice+1","Compile Driver+1","Capacitor+1"],"picked":"Singing Bowl","floor":55}],"player_experience":423393,"relics_obtained":[{"floor":6,"key":"Bottled Tornado"},{"floor":10,"key":"Pantograph"},{"floor":13,"key":"Letter Opener"},{"floor":23,"key":"Singing Bowl"},{"floor":24,"key":"Akabeko"},{"floor":26,"key":"Ancient Tea Set"},{"floor":27,"key":"Eternal Feather"},{"floor":38,"key":"FossilizedHelix"},{"floor":40,"key":"Mummified Hand"},{"floor":41,"key":"Incense Burner"},{"floor":43,"key":"Strawberry"},{"floor":45,"key":"The Courier"},{"floor":47,"key":"War Paint"},{"floor":55,"key":"Pear"}],"event_choices":[{"damage_healed":0,"gold_gain":150,"player_choice":"AGREE","damage_taken":151,"max_hp_gain":0,"max_hp_loss":0,"event_name":"betterThird:BetterSerpent","floor":4,"gold_loss":0},{"damage_healed":0,"gold_gain":0,"player_choice":"Read","damage_taken":0,"max_hp_gain":0,"max_hp_loss":0,"event_name":"The Library","floor":20,"gold_loss":0,"cards_obtained":["Footwork"]},{"damage_healed":0,"gold_gain":0,"player_choice":"Inject Mutagens","damage_taken":0,"relics_obtained":["MutagenicStrength"],"max_hp_gain":0,"max_hp_loss":0,"event_name":"Drug Dealer","floor":29,"gold_loss":0},{"damage_healed":0,"gold_gain":0,"player_choice":"Fight","damage_taken":0,"max_hp_gain":0,"max_hp_loss":0,"event_name":"Mysterious Sphere","floor":38,"gold_loss":0},{"cards_removed":["Corpse Explosion"],"damage_healed":0,"gold_gain":0,"player_choice":"Removed Skill","damage_taken":0,"max_hp_gain":0,"max_hp_loss":0,"event_name":"Falling","floor":39,"gold_loss":0},{"damage_healed":0,"gold_gain":0,"player_choice":"Fight","damage_taken":0,"max_hp_gain":0,"max_hp_loss":0,"event_name":"MindBloom","floor":41,"gold_loss":0}],"is_beta":false,"boss_relics":[{"not_picked":["Calling Bell","Ring of the Serpent"],"picked":"Sozu"},{"not_picked":["Velvet Choker","Busted Crown"],"picked":"Runic Pyramid"}],"items_purged_floors":[0,19,19],"is_endless":false,"potions_floor_spawned":[1,2,3,6,7,8,10,12,13,14,16,18,21,22,23,27,30,31,33,35,36,37,38,40,41,44,45,46,47,48,55],"ascension_level":20}}