{"host":"vgmhxp0kxvybuvcq","time":1613267624,"event":{"mods":["BaseMod","Minty Spire (QoL Compilation)","Replay The Spire","StSLib"],"gold_per_floor":[363,363,313,15,90,90,110,138,138,158,178,209,92,107,107,211,211,223,243,14,29,29,56,56,66,66,66,66,66,66,76,76,174,174,193,193,243,243,64,64,79,99,99,131,146,146,157,204,204,204,204],"floor_reached":50,"language":"ENG","playtime":3356,"items_purged":["Strike_B"],"score":750,"play_id":"7576dc33-5090-4a65-a6d0-85d413d038c9","local_time":"20210213175344","is_ascension_mode":true,"campfire_choices":[{"data":"Zap","floor":6,"key":"SMITH"},{"floor":15,"key":"REST"},{"floor":24,"key":"REST"},{"data":"Dualcast","floor":27,"key":"SMITH"},{"data":"White Noise","floor":30,"key":"SMITH"},{"data":"Go for the Eyes","floor":32,"key":"SMITH"},{"data":"Hologram","floor":40,"key":"SMITH"},{"floor":46,"key":"REST"},{"floor":49,"key":"REST"}],"circlet_count":0,"master_deck":["Strike_B","Strike_B+1","Strike_B","Defend_B","Defend_B+1","Defend_B","Defend_B","Zap+1","Dualcast+1","Go for the Eyes+1","Ball Lightning+1","ReplayTheSpireMod:Repulse","Coolheaded","Streamline","Turbo","Auto Shields","Defragment+1","Leap+1","Reinforced Body","ReplayTheSpireMod:Omega Cannon+1","Barrage+1","Capacitor","Redo+1","Defragment+1","Leap+1","Stack","White Noise+1","Hologram+1","Necronomicurse","Panic Button+1","Electrodynamics+1","ReplayGash","Writhe","Glacier+1","Mayhem+1","Jack Of All Trades","Cold Snap+1","Streamline","White Noise+1","Reboot+1","Scrape+1","Coolheaded+1","Barrage"],"relics":["FrozenCore","Ring of Hypnosis","Golden Egg","Replay:WaspNest","Lizard Tail","Simple Rune","Replay:Antivirus Software","Orichalcum","Necronomicon","Inserter","TungstenRod","Vajra","Boot","Pen Nib","Gambling Chip"],"acts_visited":["Exordium","TheCity","TheBeyond"],"potions_floor_usage":[11,12,12,33,45,50,50],"damage_taken":[{"damage":4,"enemies":"Jaw Worm","floor":1,"turns":3},{"damage":0,"enemies":"2 Louse","floor":7,"turns":3},{"damage":18,"enemies":"Replay:BlueRogue","floor":8,"turns":5},{"damage":0,"enemies":"Cultist","floor":10,"turns":3},{"damage":0,"enemies":"Blue Slaver","floor":11,"turns":3},{"damage":19,"enemies":"Lagavulin","floor":12,"turns":6},{"damage":0,"enemies":"2 Fungi Beasts","floor":14,"turns":3},{"damage":6,"enemies":"Hexaghost","floor":16,"turns":8},{"damage":7,"enemies":"Shell Parasite","floor":18,"turns":6},{"damage":0,"enemies":"Chosen","floor":19,"turns":4},{"damage":5,"enemies":"Centurion and Healer","floor":21,"turns":10},{"damage":36,"enemies":"Gremlin Leader","floor":23,"turns":6},{"damage":8,"enemies":"Snake Plant","floor":25,"turns":6},{"damage":8,"enemies":"Snecko","floor":31,"turns":7},{"damage":21,"enemies":"Champ","floor":33,"turns":13},{"damage":10,"enemies":"Orb Walker","floor":35,"turns":5},{"damage":0,"enemies":"Mind Bloom Boss Battle","floor":37,"turns":7},{"damage":1,"enemies":"3 Shapes","floor":41,"turns":6},{"damage":3,"enemies":"Writhing Mass","floor":42,"turns":9},{"damage":61,"enemies":"Giant Head","floor":44,"turns":11},{"damage":28,"enemies":"3 Darklings","floor":45,"turns":4},{"damage":0,"enemies":"4 Shapes","floor":47,"turns":4},{"damage":12,"enemies":"2 Orb Walkers","floor":48,"turns":3},{"damage":71,"enemies":"Replay:Hell Engine","floor":50,"turns":9}],"seed_played":"-4542735835978145678","potions_obtained":[{"floor":7,"key":"Dexterity Potion"},{"floor":8,"key":"FearPotion"},{"floor":11,"key":"Swift Potion"},{"floor":19,"key":"FairyPotion"},{"floor":21,"key":"Toxic Potion"},{"floor":23,"key":"Ancient Potion"},{"floor":31,"key":"FearPotion"},{"floor":41,"key":"PowerPotion"},{"floor":45,"key":"Venom Potion"}],"is_trial":false,"path_per_floor":["M","?","?","$","?","R","M","E","T","M","M","E","$","M","R","B",null,"M","M","$","M","$","E","R","M","T","R","?","?","R","M","R","B",null,"M","?","?","?","$","R","M","M","T","E","M","R","M","?","R","B"],"character_chosen":"DEFECT","items_purchased":["Golden Egg","Ball Lightning","Defragment","Leap","Redo","Defragment","Leap","Vajra","Cold Snap"],"campfire_rested":4,"item_purchase_floors":[4,4,13,13,20,20,20,39,39],"current_hp_per_floor":[46,46,46,46,39,39,39,21,21,21,21,2,2,2,24,18,61,54,54,54,49,49,13,35,27,27,27,52,36,36,28,28,7,58,48,67,67,63,63,63,62,59,59,22,37,59,59,47,69,0,0],"gold":204,"neow_bonus":"TWO_FIFTY_GOLD","is_daily":false,"chose_seed":false,"campfire_upgraded":5,"win_rate":0.0,"timestamp":1613267624,"path_taken":["M","?","?","$","?","R","M","E","T","M","M","E","$","M","R","BOSS","M","M","$","M","$","E","R","?","T","R","?","?","R","M","R","BOSS","M","?","?","?","$","R","M","M","T","E","M","R","?","?","R","BOSS"],"items_purchased_type":["Relic","Card","Card","Card","Card","Card","Card","Relic","Card"],"build_version":"2020-12-22","purchased_purges":1,"victory":false,"max_hp_per_floor":[75,75,75,75,75,75,75,75,75,75,75,75,75,75,75,75,75,75,75,75,75,75,75,75,75,75,75,75,75,75,75,75,75,75,75,75,75,75,75,75,75,75,75,75,75,75,75,75,75,75,75],"card_choices":[{"not_picked":["Turbo","BasicCrystalCard"],"picked":"Go for the Eyes","floor":1},{"not_picked":["Static Discharge","Compile Driver"],"picked":"ReplayTheSpireMod:Repulse","floor":7},{"not_picked":["Compile Driver","Sweeping Beam"],"picked":"Coolheaded","floor":8},{"not_picked":["Go for the Eyes","Hyperbeam"],"picked":"Streamline","floor":10},{"not_picked":["Recycle","Compile Driver"],"picked":"Turbo","floor":11},{"not_picked":["Rebound","Blizzard"],"picked":"Auto Shields","floor":12},{"not_picked":["Darkness","Skim"],"picked":"Reinforced Body","floor":14},{"not_picked":["Mirror Shield","Fission"],"picked":"ReplayTheSpireMod:Omega Cannon","floor":16},{"not_picked":["ReplaySort","Defragment"],"picked":"Barrage+1","floor":18},{"not_picked":["ReplaySolidLightProjector","Barrage+1"],"picked":"Capacitor","floor":19},{"not_picked":["Scrape+1","Glacier"],"picked":"Stack","floor":21},{"not_picked":["Hologram","Rebound+1"],"picked":"White Noise","floor":23},{"not_picked":["Streamline","Sunder"],"picked":"Hologram","floor":25},{"not_picked":["Coolheaded","Cold Snap"],"picked":"Panic Button+1","floor":31},{"not_picked":["Buffer","ReplayTheSpireMod:Fabricate Wheel"],"picked":"Electrodynamics","floor":33},{"not_picked":["Steam","Coolheaded+1"],"picked":"ReplayGash","floor":35},{"not_picked":["Self Repair+1","ReplaySort+1"],"picked":"Glacier+1","floor":37},{"not_picked":["Good Instincts","Dark Shackles"],"picked":"Mayhem","floor":38},{"not_picked":["Mind Blast","Panacea"],"picked":"Jack Of All Trades","floor":38},{"not_picked":["Beam Cell+1","Leap+1"],"picked":"Streamline","floor":41},{"not_picked":["Compile Driver+1","Cold Snap"],"picked":"White Noise+1","floor":42},{"not_picked":["ReplayTheSpireMod:GoodbyeWorld","Glacier"],"picked":"Reboot","floor":44},{"not_picked":["Go for the Eyes","Panic Button+1"],"picked":"Scrape+1","floor":45},{"not_picked":["Hologram","Cold Snap"],"picked":"Coolheaded+1","floor":47},{"not_picked":["Compile Driver","Static Discharge"],"picked":"Barrage","floor":48}],"player_experience":316808,"relics_obtained":[{"floor":2,"key":"Ring of Hypnosis"},{"floor":8,"key":"Replay:WaspNest"},{"floor":9,"key":"Lizard Tail"},{"floor":12,"key":"Simple Rune"},{"floor":23,"key":"Replay:Antivirus Software"},{"floor":26,"key":"Orichalcum"},{"floor":29,"key":"Necronomicon"},{"floor":37,"key":"TungstenRod"},{"floor":43,"key":"Boot"},{"floor":44,"key":"Pen Nib"},{"floor":48,"key":"Gambling Chip"}],"event_choices":[{"cards_removed":["Languid"],"damage_healed":0,"gold_gain":0,"player_choice":"Card Removal","damage_taken":0,"max_hp_gain":0,"max_hp_loss":0,"event_name":"The Cleric","floor":3,"gold_loss":50},{"damage_healed":0,"gold_gain":75,"player_choice":"Touch","damage_taken":7,"max_hp_gain":0,"max_hp_loss":0,"event_name":"FaceTrader","floor":5,"gold_loss":0},{"damage_healed":25,"gold_gain":0,"player_choice":"Heal","damage_taken":0,"max_hp_gain":0,"max_hp_loss":0,"event_name":"The Library","floor":28,"gold_loss":0},{"damage_healed":0,"gold_gain":0,"player_choice":"Obtained Book","damage_taken":16,"max_hp_gain":0,"max_hp_loss":0,"event_name":"Cursed Tome","floor":29,"gold_loss":0},{"damage_healed":19,"gold_gain":0,"player_choice":"Writhe","damage_taken":0,"max_hp_gain":0,"max_hp_loss":0,"event_name":"Winding Halls","floor":36,"gold_loss":0,"cards_obtained":["Writhe"]},{"damage_healed":0,"gold_gain":0,"player_choice":"Fight","damage_taken":0,"max_hp_gain":0,"max_hp_loss":0,"event_name":"MindBloom","floor":37,"gold_loss":0},{"damage_healed":0,"gold_gain":0,"player_choice":"Memory 2","damage_taken":5,"max_hp_gain":0,"max_hp_loss":0,"event_name":"SensoryStone","floor":38,"gold_loss":0},{"damage_healed":0,"gold_gain":0,"player_choice":"Fight","damage_taken":0,"max_hp_gain":0,"max_hp_loss":0,"event_name":"Mysterious Sphere","floor":48,"gold_loss":0}],"is_beta":false,"boss_relics":[{"not_picked":["Empty Cage","Painkiller Herb"],"picked":"FrozenCore"},{"not_picked":["ReplayTheSpireMod:DimensionalGlitch","Replay:Grab Bag"],"picked":"Inserter"}],"items_purged_floors":[20],"is_endless":false,"potions_floor_spawned":[7,8,11,19,21,23,31,41,42,45],"killed_by":"Replay:Hell Engine","ascension_level":9}}