{"host":"lgow17wc5wawziz1","time":1613302972,"event":{"mods":["AchievementEnabler","Act Like it!","Aspiration","BaseMod","Better Third Choice","CapriCore","Colored Map","Colored Powertips","Friendly Minions","Gensokyo","Hubris","Kiyohime£¨?ýï£©","Koishi","Minty Spire (QoL Compilation)","MostiFishMod","Permanent Neow","Quick Restart","Replay The Spire","StSLib","SuperFastMode","The Blue Laboratory","The Immortal","¡¼?Úª?ø«¡½REMEMod"],"gold_per_floor":[114,134,154,154,173,208,208,9,35,44,78,101,26,35,35,159,186,223,53,94,127,165,525,525,572,598,632,632,882,939,939,939,1062,1062,1106,605,614,614,466,466,135,185,245,310,347,347,347,392,392,404],"floor_reached":51,"language":"KOR","playtime":3282,"items_purged":["Pain","ReplayTheSpireMod:Doomed"],"score":1250,"play_id":"58e19a6b-8a1a-40ee-bef4-6815e6a346d1","local_time":"20210214204252","is_ascension_mode":true,"campfire_choices":[{"data":"MokouMod:RisingSunBarrier","floor":7.0,"key":"SMITH"},{"floor":15.0,"key":"DIG"},{"data":"MokouMod:TemporalFireSeal","floor":24.0,"key":"SMITH"},{"data":"MokouMod:TemporalFireSeal","floor":24.0,"key":"SMITH"},{"data":"MokouMod:RisingSunBarrier","floor":28.0,"key":"SMITH"},{"data":"MokouMod:TemporalFireSeal","floor":28.0,"key":"SMITH"},{"data":"MokouMod:Ventilation","floor":32.0,"key":"SMITH"},{"data":"MokouMod:SacredFire","floor":32.0,"key":"SMITH"},{"data":"Deep Breath","floor":40.0,"key":"SMITH"},{"data":"MokouMod:Overheat","floor":40.0,"key":"SMITH"},{"data":"MokouMod:Overheat","floor":46,"key":"SMITH"},{"data":"MokouMod:TemporalFireSeal","floor":46,"key":"SMITH"},{"data":"MokouMod:SacredFire","floor":49,"key":"SMITH"},{"data":"Pot Of Greed","floor":49,"key":"SMITH"}],"circlet_count":0,"master_deck":["MokouMod:Strike","MokouMod:Strike","MokouMod:Strike","MokouMod:Strike","MokouMod:Strike","MokouMod:Defend","MokouMod:Defend","MokouMod:Defend","MokouMod:Defend","MokouMod:HeatSpark","Gensokyo:UnhurriedMind","MokouMod:Geothermal+1","MokouMod:BurningDraft","MokouMod:IllusoryBattlefield+1","MokouMod:IgnitionBarrier","MokouMod:Geothermal","MokouMod:RisingSunBarrier+1","Gensokyo:Kunekune+1","MokouMod:FlareStarter+1","MokouMod:TemporalFireSeal+1","Clumsy","MokouMod:SacredFire+1","Amnesia","Clumsy","MokouMod:Ember","MokouMod:HouraiForge","MokouMod:CrimsonArmoury","MokouMod:TemporalFireSeal+1","MokouMod:TemporalFireSeal+1","MokouMod:Ventilation+1","MokouMod:RisingSunBarrier+1","MokouMod:Overheat+1","MokouMod:SearingBlow","Deep Breath+1","REME_BodyOfCthun","Gensokyo:MedicineKit","MokouMod:WarmUp+1","Pot Of Greed+1","Pot Of Greed","Pot Of Greed","Pot Of Greed","MokouMod:TemporalFireSeal+1","MokouMod:Overheat+1","MokouMod:SacredFire+1"],"relics":["MokouMod:PhoenixFeather","REME_ComplimentaryCards","DaveBox","Juzu Bracelet","SynthV:TestCard","CeramicFish","Replay:Bandana","Gensokyo:LunaticRedEyes","Gensokyo:NagashiBinaDoll","Replay:Bottled Snecko","Replay:Ancient Bell","Oddly Smooth Stone","hubris:Reverence","Replay:Arrowhead","Replay:Baseball","Replay:Baseball","CaptainsWheel","War Paint","aspiration:HiddenCompartment","Whetstone","Darkstone Periapt","hubris:Icosahedron","xbg","Lantern","aspiration:AnachronicSnailShell","ReplayTheSpireMod:TigerMarble","SynthV","ReplayTheSpireMod:EnergyBall","ArrowTower","Grinning Jar","Sundial","REME_HandOfSuture"],"acts_visited":["Gensokyo:Gensokyo","Gensokyo:Gensokyoer","Gensokyo:Gensokyoest"],"potions_floor_usage":[50,50],"damage_taken":[{"damage":0.0,"enemies":"Gensokyo:3_Fairies","floor":1.0,"turns":4.0},{"damage":3.0,"enemies":"Gensokyo:Gryphon","floor":2.0,"turns":3.0},{"damage":0.0,"enemies":"Gensokyo:Python","floor":3.0,"turns":2.0},{"damage":13.0,"enemies":"Gensokyo:Gryphon_and_Rabbit","floor":5.0,"turns":6.0},{"damage":35.0,"enemies":"Gensokyo:Mamizou","floor":6.0,"turns":9.0},{"damage":1.0,"enemies":"Gensokyo:Kitsune","floor":12.0,"turns":5.0},{"damage":0.0,"enemies":"Gensokyo:Reimu","floor":16.0,"turns":13.0},{"damage":4.0,"enemies":"Gensokyo:Chomper","floor":18.0,"turns":6.0},{"damage":19.0,"enemies":"Gensokyo:2_Gloops","floor":20.0,"turns":6.0},{"damage":2.0,"enemies":"Gensokyo:Swordslinger","floor":21.0,"turns":4.0},{"damage":22.0,"enemies":"Gensokyo:Slime_Group","floor":22.0,"turns":7.0},{"damage":50.0,"enemies":"Gensokyo:Reisen","floor":23.0,"turns":16.0},{"damage":15.0,"enemies":"Gensokyo:Koishi","floor":25.0,"turns":6.0},{"damage":10.0,"enemies":"Gensokyo:Mirror_and_Dog","floor":27.0,"turns":4.0},{"damage":0.0,"enemies":"Gensokyo:Tenshi","floor":30.0,"turns":3.0},{"damage":24.0,"enemies":"Gensokyo:Kaguya","floor":33.0,"turns":12.0},{"damage":12.0,"enemies":"Gensokyo:3_Boulders","floor":35.0,"turns":7.0},{"damage":0,"enemies":"Gensokyo:Marisa","floor":42,"turns":9},{"damage":0,"enemies":"Gensokyo:Kasen","floor":44,"turns":4},{"damage":0,"enemies":"Gensokyo:3_Bats","floor":45,"turns":2},{"damage":0,"enemies":"Gensokyo:Dusk_and_Dawn","floor":48,"turns":4},{"damage":0,"enemies":"Gensokyo:Scarlet_Devils","floor":50,"turns":9}],"seed_played":"8715745869795933964","potions_obtained":[{"floor":5.0,"key":"blueLaboratory:BottleOfVodka"},{"floor":6.0,"key":"Regen Potion"},{"floor":11.0,"key":"blueLaboratory:Moonshine"},{"floor":11.0,"key":"SmokeBomb"},{"floor":11.0,"key":"FearPotion"},{"floor":20.0,"key":"CultistPotion"},{"floor":27.0,"key":"blueLaboratory:PhilterOfMotion"},{"floor":30.0,"key":"blueLaboratory:AbyssPotion"}],"is_trial":false,"path_per_floor":["M","M","M","?","M","E","R","COS","T","?","?","M","$","?","R_BF","B",null,"M","COS","M","M","M","E","R","E","T","M","R","?","E","?","R","B",null,"M","$","?","?","$","R","COS","E","T","E","M","R","?","M","R","B",null],"character_chosen":"MKU","items_purchased":["Deep Breath","REME_BodyOfCthun","Lantern","ReplayTheSpireMod:TigerMarble"],"campfire_rested":0,"item_purchase_floors":[36,36,36,39],"current_hp_per_floor":[75,72,72,72,59,24,24,24,24,24,6,5,5,5,5,5,58,54,54,35,33,11,18,18,3,3,65,65,65,65,65,65,41,64,52,52,52,24,24,24,24,28,28,30,30,30,37,37,37,37],"gold":404,"neow_bonus":"ONE_RANDOM_RARE_CARD","is_daily":false,"chose_seed":false,"campfire_upgraded":13,"win_rate":0.0,"timestamp":1613302972,"path_taken":["M","M","M","?","M","E","R","COS","T","?","?","M","$","?","R_BF","BOSS","M","COS","M","M","M","E","R","E","T","M","R","?","E","?","R","BOSS","M","$","?","?","?","R","COS","E","T","E","M","R","?","M","R","BOSS"],"items_purchased_type":["Card","Card","Relic","Relic"],"build_version":"2020-12-22","purchased_purges":2,"victory":true,"max_hp_per_floor":[75,75,75,75,75,75,75,75,75,75,75,75,75,75,75,75,75,75,75,75,75,75,75,75,75,75,75,75,71,71,71,71,71,71,71,71,71,71,71,71,71,71,71,71,71,71,71,71,71,71],"card_choices":[{"not_picked":["MokouMod:FujiyamaVolcano","MokouMod:Stoke"],"picked":"MokouMod:BurningDraft","floor":1.0},{"not_picked":["MokouMod:Burn","MokouMod:FlareStarter","MokouMod:EternalBurstReactor","MokouMod:Ember"],"picked":"MokouMod:IllusoryBattlefield","floor":2.0},{"not_picked":["MokouMod:HeatTransfer","MokouMod:AdaptivePyromancy","MokouMod:BurningDraft","MokouMod:ThermalPressure"],"picked":"MokouMod:IgnitionBarrier","floor":3.0},{"not_picked":["MokouMod:FlareStarter","MokouMod:ShiftIgnition","MokouMod:HeatCyclone","MokouMod:CrimsonFlare"],"picked":"MokouMod:Geothermal","floor":5.0},{"not_picked":["MokouMod:TemporalFireSeal","MokouMod:ImperishableFlame","MokouMod:EternalBurstReactor","MokouMod:FujiyamaVolcano"],"picked":"MokouMod:RisingSunBarrier","floor":6.0},{"not_picked":["MokouMod:Overheat","MokouMod:Stoke","MokouMod:SubterraneanCore","MokouMod:Sear"],"picked":"MokouMod:FlareStarter","floor":11.0},{"not_picked":["MokouMod:Afterburner","MokouMod:Sear","MokouMod:Firecracker","MokouMod:UncontrollableSolarReaction"],"picked":"MokouMod:TemporalFireSeal","floor":12.0},{"not_picked":["MokouMod:Ventilation","MokouMod:ProfanedFlare","MokouMod:Extinguish","MokouMod:Rekindle"],"picked":"MokouMod:SacredFire","floor":16.0},{"not_picked":["hubris:Envy","hubris:Compulsion","hubris:Despair","Sickly"],"picked":"ReplayTheSpireMod:Doomed","floor":17.0},{"not_picked":["hubris:Sloth","Hallucinations","hubris:Compulsion","Clumsy"],"picked":"Amnesia","floor":17.0},{"not_picked":["Doubt","hubris:Greed","ReplayTheSpireMod:Doomed","Regret"],"picked":"Clumsy","floor":17.0},{"not_picked":["MokouMod:Singe+1","MokouMod:SearingShot","MokouMod:ScorchingColumn","MokouMod:Combust"],"picked":"MokouMod:Ember","floor":18.0},{"not_picked":["MokouMod:TemporalFireSeal","MokouMod:SearingShot","MokouMod:FlickeringFlame","MokouMod:ResoluteFlare"],"picked":"MokouMod:HouraiForge","floor":20.0},{"not_picked":["MokouMod:UncontrollableSolarReaction","MokouMod:InfernalWave","MokouMod:Ember","MokouMod:Singe+1"],"picked":"MokouMod:CrimsonArmoury","floor":21.0},{"not_picked":["MokouMod:BurningHiddenBullet","MokouMod:GuidingSmoke+1","MokouMod:FujiyamaVolcano","MokouMod:RoaringFlare"],"picked":"MokouMod:TemporalFireSeal","floor":22.0},{"not_picked":["MokouMod:BlazingComet","MokouMod:Geothermal","MokouMod:Sear+1","MokouMod:UncontrollableSolarReaction+1"],"picked":"MokouMod:TemporalFireSeal","floor":23.0},{"not_picked":["MokouMod:DanceofFlames+1","MokouMod:FujiyamaVolcano","MokouMod:EternalBurstReactor","MokouMod:Firecracker"],"picked":"MokouMod:Ventilation","floor":25.0},{"not_picked":["MokouMod:Stoke","MokouMod:IgnitionBlast","MokouMod:ResoluteFlare","MokouMod:Sear"],"picked":"MokouMod:RisingSunBarrier","floor":27.0},{"not_picked":["MokouMod:HeatCyclone","MokouMod:Singe","MokouMod:AdaptivePyromancy+1","MokouMod:HeartofFire"],"picked":"MokouMod:Overheat","floor":30.0},{"not_picked":["MokouMod:EnchantingBambooForest","MokouMod:Ventilation","MokouMod:Extinguish","MokouMod:SacredFire"],"picked":"MokouMod:SearingBlow","floor":33.0},{"not_picked":["MokouMod:SearingShot","MokouMod:Scorch","MokouMod:EternalBurstReactor","MokouMod:PhoenixFeathers+1","MokouMod:IgneousBlow+1"],"picked":"SKIP","floor":35.0},{"not_picked":["MokouMod:ScorchingColumn","MokouMod:Firecracker+1","MokouMod:IndiscriminateIgnition","MokouMod:HouraiForge"],"picked":"MokouMod:WarmUp+1","floor":42},{"not_picked":["MokouMod:RoaringFlare","MokouMod:Ember+1","MokouMod:Meltdown+1","MokouMod:ImperishableFlame"],"picked":"MokouMod:TemporalFireSeal","floor":44},{"not_picked":["MokouMod:SearingShot","MokouMod:RoaringFlare+1","MokouMod:Stoke+1","MokouMod:SubterraneanCore+1"],"picked":"MokouMod:Overheat","floor":45},{"not_picked":["MokouMod:FlamingFireTalons+1","MokouMod:IndiscriminateIgnition","MokouMod:Wildfire","MokouMod:Afterburner"],"picked":"MokouMod:SacredFire","floor":48}],"player_experience":395163,"relics_obtained":[{"floor":1.0,"key":"SynthV:TestCard"},{"floor":6.0,"key":"CeramicFish"},{"floor":9.0,"key":"Replay:Bandana"},{"floor":15.0,"key":"Replay:Bottled Snecko"},{"floor":23.0,"key":"War Paint"},{"floor":25.0,"key":"aspiration:HiddenCompartment"},{"floor":26.0,"key":"Whetstone"},{"floor":30.0,"key":"Darkstone Periapt"},{"floor":42,"key":"ArrowTower"},{"floor":43,"key":"Grinning Jar"},{"floor":44,"key":"Sundial"}],"event_choices":[],"is_beta":false,"boss_relics":[{"not_picked":["Replay:Bronze Core","REME_DuelDisc"],"picked":"Replay:Ancient Bell"},{"not_picked":["Juzu Bracelet","hubris:ToyBattleship"],"picked":"Oddly Smooth Stone"},{"not_picked":["Replay:Bottled Eggs","hubris:BottledRain"],"picked":"hubris:Reverence"},{"not_picked":["Bird Faced Urn","aspiration:HatOfInfinitePower"],"picked":"Replay:Arrowhead"},{"not_picked":["Ring of Chaos","PatriotShield"],"picked":"xbg"}],"items_purged_floors":[13,36],"is_endless":false,"potions_floor_spawned":[5,6,12,20,21,27,30,42,45],"ascension_level":5}}