{"host":"0qlrtuw7bw78ucw4","time":1613310929,"event":{"mods":["BaseMod","Downfall","Minty Spire (QoL Compilation)","StSLib"],"gold_per_floor":[99,119,137,152,152,152,198,198,198,62,79,79,79,95,111,186,186,186,201,214,233,118,118,118],"floor_reached":23,"language":"ENG","playtime":998,"items_purged":["downfall:Malfunctioning","Slimebound:Strike_Slimebound"],"score":311,"play_id":"be52224a-3aef-4dab-b55b-78fae1576083","local_time":"20210215005529","is_ascension_mode":true,"campfire_choices":[{"data":"Slimebound:DouseInSlime","floor":1,"key":"SMITH"},{"data":"Slimebound:Split","floor":8,"key":"SMITH"},{"data":"Slimebound:MegaLick","floor":13,"key":"SMITH"},{"data":"Slimebound:GoopSpray","floor":18,"key":"SMITH"}],"circlet_count":0,"master_deck":["AscendersBane","Slimebound:Strike_Slimebound+1","Slimebound:Tackle+1","Slimebound:Defend_Slimebound","Slimebound:Defend_Slimebound","Slimebound:Defend_Slimebound","Slimebound:Defend_Slimebound","Slimebound:Split+1","Slimebound:CorrosiveSpit+1","Slimebound:DouseInSlime+1","Slimebound:LevelUp","Slimebound:SlimeBarrage","Slimebound:GoopSpray+1","Slimebound:AcidTongue","Slimebound:LivingWall","Slimebound:MegaLick+1","Slimebound:LeadByExample","Slimebound:MinionMaster","Slimebound:GrowthPunch","Slimebound:SplitSpecialist","Slimebound:LivingWall"],"relics":["Slimebound:AbsorbEndCombat","Happy Flower","Akabeko","Philosopher\u0027s Stone"],"acts_visited":["Exordium","TheCity"],"potions_floor_usage":[19,21],"damage_taken":[{"damage":1,"enemies":"Cultist","floor":2,"turns":3},{"damage":14,"enemies":"Jaw Worm","floor":3,"turns":4},{"damage":9,"enemies":"Small Slimes","floor":4,"turns":4},{"damage":3,"enemies":"downfall:FleeingMerchant","floor":10,"turns":4},{"damage":0,"enemies":"downfall:LooterAlt","floor":11,"turns":3},{"damage":0,"enemies":"2 Fungi Beasts","floor":14,"turns":3},{"damage":4,"enemies":"Exordium Thugs","floor":15,"turns":3},{"damage":21,"enemies":"SI_SHIV_ARCHETYPE","floor":16,"turns":7},{"damage":39,"enemies":"3 Byrds","floor":19,"turns":6},{"damage":3,"enemies":"Shell Parasite","floor":20,"turns":4},{"damage":13,"enemies":"Cultist and Chosen","floor":21,"turns":6},{"damage":8,"enemies":"downfall:FleeingMerchant","floor":22,"turns":4},{"damage":28,"enemies":"3 Cultists","floor":23,"turns":4}],"seed_played":"4123356850732007445","potions_obtained":[{"floor":2,"key":"Strength Potion"},{"floor":4,"key":"SpeedPotion"},{"floor":11,"key":"AttackPotion"},{"floor":20,"key":"Fire Potion"}],"is_trial":false,"path_per_floor":["R","M","M","M","T","?","T","R","?","$","M","?","R","M","M","B",null,"R","M","M","M","$","M"],"character_chosen":"SLIMEBOUND","items_purchased":["Slimebound:LivingWall"],"campfire_rested":0,"item_purchase_floors":[10],"current_hp_per_floor":[53,58,48,41,41,41,41,41,41,46,48,48,48,52,54,37,54,54,23,24,19,15,0,0,0],"gold":118,"neow_bonus":"ONE_RANDOM_RARE_CARD","is_daily":false,"chose_seed":false,"campfire_upgraded":4,"win_rate":0.0,"timestamp":1613310929,"path_taken":["R","M","M","?","?","?","T","R","?","?","M","?","R","?","M","BOSS","R","M","?","?","$","M"],"items_purchased_type":["Card"],"build_version":"2020-12-22","purchased_purges":2,"victory":false,"max_hp_per_floor":[59,59,59,59,59,59,59,59,59,59,59,59,59,59,59,59,59,59,59,59,59,59,59,59,59],"card_choices":[{"not_picked":["Slimebound:PressTheAttack","Slimebound:SplitAcid"],"picked":"Slimebound:LevelUp","floor":2},{"not_picked":["Slimebound:SplitBruiser","Slimebound:Chomp"],"picked":"Slimebound:SlimeBarrage","floor":3},{"not_picked":["Slimebound:RollThrough","Slimebound:Prepare"],"picked":"Slimebound:GoopSpray","floor":4},{"not_picked":["Slimebound:ViciousTackle","Slimebound:Schlurp"],"picked":"Slimebound:AcidTongue","floor":10},{"not_picked":["Slimebound:ComboTackle","Slimebound:Schlurp"],"picked":"Slimebound:MegaLick","floor":11},{"not_picked":["Slimebound:GoopTackle","Slimebound:ProtectTheBoss"],"picked":"Slimebound:LeadByExample","floor":14},{"not_picked":["Slimebound:SplitBruiser","Slimebound:HauntingLick","Slimebound:LivingWall"],"picked":"SKIP","floor":15},{"not_picked":["Slimebound:SelfFormingGoo","Slimebound:DouseInSlime"],"picked":"Slimebound:MinionMaster","floor":16},{"not_picked":["Slimebound:SlimeSpikes","Slimebound:SplitBruiser"],"picked":"Slimebound:GrowthPunch","floor":19},{"not_picked":["Slimebound:SlimeSpikes","Slimebound:SplitMire","Slimebound:SplitBruiser"],"picked":"SKIP","floor":20},{"not_picked":["Slimebound:LivingWall","Slimebound:Schlurp"],"picked":"Slimebound:SplitSpecialist","floor":21},{"not_picked":["Slimebound:SplitSpecialist","Slimebound:SplitLeeching"],"picked":"Slimebound:LivingWall","floor":22}],"player_experience":1019441,"relics_obtained":[{"floor":5,"key":"Happy Flower"},{"floor":7,"key":"Akabeko"}],"event_choices":[],"is_beta":false,"boss_relics":[{"not_picked":["Astrolabe","Fusion Hammer"],"picked":"Philosopher\u0027s Stone"}],"items_purged_floors":[10,22],"is_endless":false,"potions_floor_spawned":[2,4,11,15,20],"killed_by":"3 Cultists","ascension_level":14}}