{"host":"m4pe905ae9bldoe7","time":1613264119,"event":{"mods":["BaseMod","Bestiary","Block Reminder","Downfall","Minty Spire (QoL Compilation)","StSLib"],"gold_per_floor":[117,128,128,148,168,168,168,201,227,240,20,20,20,30,30,30,30],"floor_reached":16,"language":"ENG","playtime":685,"items_purged":["Strike_G"],"score":153,"play_id":"8eb0c2e4-7a8e-41d3-8bb4-6eb47a74632a","local_time":"20210214015519","is_ascension_mode":true,"campfire_choices":[{"data":"Backstab","floor":6,"key":"SMITH"},{"floor":12,"key":"REST"},{"floor":15,"key":"REST"}],"circlet_count":0,"master_deck":["AscendersBane","Strike_G","Strike_G","Strike_G","Defend_G","Defend_G","Defend_G","Defend_G","Defend_G","Survivor","Neutralize","Backflip","Finisher","Backstab+1","Prepared","Flying Knee+1"],"relics":["Black Star","Letter Opener","Shuriken","Molten Egg 2","Strawberry","HandDrill"],"acts_visited":[],"potions_floor_usage":[16,16,16],"damage_taken":[{"damage":8,"enemies":"Jaw Worm","floor":1,"turns":6},{"damage":2,"enemies":"2 Louse","floor":2,"turns":4},{"damage":5,"enemies":"Cultist","floor":4,"turns":4},{"damage":7,"enemies":"2 Fungi Beasts","floor":5,"turns":6},{"damage":40,"enemies":"3 Sentries","floor":8,"turns":12},{"damage":3,"enemies":"Lots of Slimes","floor":10,"turns":3},{"damage":20,"enemies":"Exordium Wildlife","floor":14,"turns":6},{"damage":31,"enemies":"Hexaghost","floor":16,"turns":12}],"seed_played":"7847182695863012557","potions_obtained":[{"floor":1,"key":"SkillPotion"},{"floor":8,"key":"Fire Potion"},{"floor":14,"key":"LiquidBronze"}],"is_trial":false,"path_per_floor":["M","M","?","M","M","R","T","E","T","M","$","R","$","M","R","B"],"character_chosen":"THE_SILENT","items_purchased":["HandDrill"],"campfire_rested":2,"item_purchase_floors":[11],"current_hp_per_floor":[55,53,53,48,41,41,41,1,8,5,5,28,28,8,31,0,0],"gold":30,"neow_bonus":"BOSS_RELIC","is_daily":false,"chose_seed":false,"campfire_upgraded":1,"win_rate":0.0,"timestamp":1613264119,"path_taken":["M","M","?","M","M","R","?","E","T","M","?","R","$","M","R","BOSS"],"items_purchased_type":["Relic"],"build_version":"2020-12-22","purchased_purges":1,"victory":false,"max_hp_per_floor":[70,70,70,70,70,70,70,70,77,77,77,77,77,77,77,77,77],"card_choices":[{"not_picked":["Predator","Poisoned Stab"],"picked":"Backflip","floor":1},{"not_picked":["Calculated Gamble","Prepared"],"picked":"Finisher","floor":2},{"not_picked":["Bane","Flying Knee","Crippling Poison"],"picked":"SKIP","floor":4},{"not_picked":["Escape Plan","Backflip"],"picked":"Backstab","floor":5},{"not_picked":["Crippling Poison","Eviscerate+1"],"picked":"Prepared","floor":8},{"not_picked":["Leg Sweep","Endless Agony+1","Bane+1"],"picked":"SKIP","floor":10},{"not_picked":["Deadly Poison","Expertise"],"picked":"Flying Knee+1","floor":14}],"player_experience":606789,"relics_obtained":[{"floor":7,"key":"Letter Opener"},{"floor":8,"key":"Shuriken"},{"floor":8,"key":"Molten Egg 2"},{"floor":9,"key":"Strawberry"}],"event_choices":[{"cards_removed":["Strike_G"],"damage_healed":0,"gold_gain":0,"player_choice":"Forget","damage_taken":0,"max_hp_gain":0,"max_hp_loss":0,"event_name":"Living Wall","floor":3,"gold_loss":0}],"is_beta":false,"boss_relics":[],"items_purged_floors":[11],"is_endless":false,"potions_floor_spawned":[1,8,14],"killed_by":"Hexaghost","ascension_level":10}}