{"host":"g7mkzn6qfoxkk5sz","time":1613287483,"event":{"mods":["BaseMod","Colored Map","Colored Powertips","Downfall","Minty Spire (QoL Compilation)","StSLib"],"gold_per_floor":[99,119,129,304,304,0,26,44,44,61,80,80,80,161,171,271,271,271,290,290,308,308,308,335,347,17,28,28,28,28,28],"floor_reached":29,"language":"ENG","playtime":1758,"items_purged":["hexamod:Incineration"],"score":215,"play_id":"89d9aaa9-fbbb-44db-894b-eac76f2278b2","local_time":"20210214092443","is_ascension_mode":false,"campfire_choices":[{"data":"hexamod:Sear","floor":1,"key":"SMITH"},{"data":"hexamod:SpectersWail","floor":12,"key":"SMITH"},{"data":"hexamod:ForkedFlame","floor":18,"key":"SMITH"},{"floor":23,"key":"REST"}],"circlet_count":0,"master_deck":["hexamod:Sear+1","hexamod:Float","hexamod:PhantomFireball","hexamod:ForkedFlame+1","hexamod:SpectersWail+1","hexamod:FastForward+1","hexamod:DynamicBlow","hexamod:BacktrackSmack","hexamod:HexaLevel+1","hexamod:ExtraCrispy+1","hexamod:GhostOfSpirePresent+1","hexamod:RainOfEmbers","hexamod:GhostShield","hexamod:RadiantFlame+1","hexamod:RecurringNightmare","hexamod:GhostOfSpirePast+1","hexamod:Incineration","hexamod:FlamesFromBeyond","hexamod:Firestarter+1","hexamod:HeatCrush+1","hexamod:Firestarter","hexamod:FirstSeal"],"relics":["hexamod:SpiritBrand","Frozen Egg 2","War Paint","Singing Bowl","Shuriken","Pandora\u0027s Box","Nilry\u0027s Codex","Art of War","HornCleat","Vajra"],"acts_visited":["Exordium","TheCity"],"potions_floor_usage":[16,22,26,26,29],"damage_taken":[{"damage":2,"enemies":"Small Slimes","floor":2,"turns":4},{"damage":4,"enemies":"Jaw Worm","floor":3,"turns":4},{"damage":0,"enemies":"downfall:FleeingMerchant","floor":6,"turns":4},{"damage":0,"enemies":"2 Louse","floor":8,"turns":3},{"damage":2,"enemies":"Blue Slaver","floor":10,"turns":3},{"damage":0,"enemies":"2 Fungi Beasts","floor":11,"turns":3},{"damage":15,"enemies":"Exordium Thugs","floor":15,"turns":4},{"damage":8,"enemies":"SI_SHIV_ARCHETYPE","floor":16,"turns":4},{"damage":17,"enemies":"Spheric Guardian","floor":19,"turns":4},{"damage":23,"enemies":"Shell Parasite","floor":21,"turns":3},{"damage":16,"enemies":"Chosen and Byrds","floor":25,"turns":5},{"damage":10,"enemies":"downfall:FleeingMerchant","floor":26,"turns":4},{"damage":13,"enemies":"3 Cultists","floor":27,"turns":4},{"damage":7,"enemies":"Centurion and Healer","floor":29,"turns":1}],"seed_played":"-5922428600313622654","potions_obtained":[{"floor":0,"key":"FearPotion"},{"floor":0,"key":"Swift Potion"},{"floor":0,"key":"Energy Potion"},{"floor":2,"key":"Regen Potion"},{"floor":10,"key":"hexamod:DoubleChargePotion"},{"floor":11,"key":"DistilledChaos"},{"floor":22,"key":"Fruit Juice"},{"floor":22,"key":"AttackPotion"}],"is_trial":false,"path_per_floor":["R","M","M","?","?","$","T","M","?","M","M","R","?","T","M","B",null,"R","M","?","M","?","R","T","M","$","M","?","M"],"character_chosen":"THE_SPIRIT","items_purchased":["hexamod:SpectersWail","Frozen Egg 2","HornCleat"],"campfire_rested":1,"item_purchase_floors":[6,6,26],"current_hp_per_floor":[70,68,64,64,64,64,64,64,64,62,62,62,44,44,29,21,70,70,53,37,14,19,41,41,25,15,2,2,0,0,0],"gold":28,"neow_bonus":"THREE_SMALL_POTIONS","is_daily":false,"chose_seed":false,"campfire_upgraded":3,"win_rate":0.0,"timestamp":1613287483,"path_taken":["R","M","M","?","?","$","T","M","?","M","M","R","?","?","M","BOSS","R","M","?","M","?","R","T","?","$","M","?","M"],"items_purchased_type":["Card","Relic","Relic"],"build_version":"2020-12-22","purchased_purges":1,"victory":false,"max_hp_per_floor":[70,70,70,70,70,70,70,70,70,70,70,70,70,70,70,70,70,70,70,70,70,75,75,75,75,75,75,75,75,75,75],"card_choices":[{"not_picked":["hexamod:CatchUp","hexamod:FourthSeal","hexamod:InspiringFlames"],"picked":"SKIP","floor":2},{"not_picked":["hexamod:InspiringFlames","hexamod:ShieldOfDarkness"],"picked":"hexamod:PhantomFireball","floor":3},{"not_picked":["hexamod:ShieldOfDarkness","hexamod:GiftsFromTheDead"],"picked":"hexamod:ForkedFlame","floor":6},{"not_picked":["hexamod:RetreatToShadows","hexamod:InspiringFlames"],"picked":"hexamod:FastForward","floor":8},{"not_picked":["hexamod:HauntingEcho","hexamod:ThermalTransfer"],"picked":"hexamod:DynamicBlow","floor":10},{"not_picked":["hexamod:HeatCrush","hexamod:SkipABeat"],"picked":"hexamod:BacktrackSmack","floor":11},{"not_picked":["hexamod:FourthSeal","hexamod:Haunt"],"picked":"hexamod:Incineration","floor":15},{"not_picked":["hexamod:TurnItUp","hexamod:TimeWarp"],"picked":"hexamod:HexaLevel+1","floor":16},{"not_picked":["hexamod:BacktrackSmack","hexamod:GhostLash"],"picked":"hexamod:FlamesFromBeyond","floor":19},{"not_picked":["hexamod:GhostOfSpireFuture+1","hexamod:HeatShield"],"picked":"hexamod:Firestarter+1","floor":21},{"not_picked":["hexamod:HauntingEcho","hexamod:RetreatToShadows"],"picked":"hexamod:HeatCrush+1","floor":25},{"not_picked":["hexamod:FifthSeal","hexamod:Again"],"picked":"hexamod:Firestarter","floor":26},{"not_picked":["hexamod:SoulSteal","hexamod:NightmareGuise"],"picked":"hexamod:FirstSeal","floor":27}],"player_experience":487809,"relics_obtained":[{"floor":14,"key":"Shuriken"},{"floor":20,"key":"Nilry\u0027s Codex"},{"floor":24,"key":"Art of War"}],"event_choices":[{"cards_removed":["Doubt"],"damage_healed":0,"gold_gain":0,"player_choice":"Card Removal","damage_taken":0,"max_hp_gain":0,"max_hp_loss":0,"event_name":"The Cleric","floor":5,"gold_loss":0},{"damage_healed":0,"gold_gain":0,"player_choice":"Success","damage_taken":18,"relics_obtained":["Singing Bowl"],"max_hp_gain":0,"max_hp_loss":0,"event_name":"Scrap Ooze","floor":13,"gold_loss":0},{"damage_healed":0,"gold_gain":0,"player_choice":"Got Potions","damage_taken":0,"max_hp_gain":0,"max_hp_loss":0,"event_name":"Lab","floor":22,"gold_loss":0}],"is_beta":false,"boss_relics":[{"not_picked":["Snecko Eye","hexamod:UnbrokenSoul"],"picked":"Pandora\u0027s Box"}],"items_purged_floors":[26],"is_endless":false,"potions_floor_spawned":[2,3,10,11,25],"killed_by":"Centurion and Healer","ascension_level":0}}