{"host":"qeogwbudlaqzb6hy","time":1613282475,"event":{"mods":["BaseMod","Minty Spire (QoL Compilation)","Reliquary","StSLib","The Marked"],"gold_per_floor":[114,133,153,169,186,186,220,230,276,276,276,276,292,309,309,413,413,425,340,439,364,134,148,178,178,246,246,265,292,292,49,49,151,151,171,393,393,32,48,58,58,58,58,58,72,85,98,131,131,131],"floor_reached":51,"language":"ENG","playtime":4292,"items_purged":["theMarked:Strike","theMarked:Strike","theMarked:Defend"],"score":774,"play_id":"52fdfd2a-bb3f-4aee-98ab-39d69b7f843b","local_time":"20210214160115","is_ascension_mode":false,"campfire_choices":[{"data":"theMarked:SoldierOfQuellstein","floor":6,"key":"SMITH"},{"data":"theMarked:KeepCalmAndFight","floor":10,"key":"SMITH"},{"floor":12,"key":"REST"},{"floor":15,"key":"REST"},{"data":"theMarked:EternalStudent","floor":25,"key":"SMITH"},{"data":"theMarked:StartUp","floor":27,"key":"SMITH"},{"data":"theMarked:Parkour","floor":30,"key":"SMITH"},{"data":"theMarked:Parry","floor":32,"key":"SMITH"},{"data":"theMarked:Levitate","floor":44,"key":"SMITH"},{"data":"theMarked:Improvise","floor":49,"key":"SMITH"}],"circlet_count":0,"master_deck":["theMarked:Strike+1","theMarked:Strike","theMarked:Defend","theMarked:Defend","theMarked:Defend","theMarked:SoldierOfQuellstein+1","theMarked:Pokerface+1","theMarked:Parry+1","theMarked:ElectricStrings","theMarked:Parkour+1","theMarked:Aftermath","theMarked:OneWithTheBlade","theMarked:KeepCalmAndFight+1","theMarked:Improvise+1","theMarked:StartUp+1","theMarked:EternalStudent+1","theMarked:ResourceFulStrike","theMarked:TwofoldDefense","theMarked:RepellingDischarge","theMarked:Generate+1","theMarked:Levitate+1","theMarked:EmpowerWeapon+1","Finesse","Bandage Up","theMarked:CreepingChasm","theMarked:MagusForm","theMarked:ComboAttacks+1","theMarked:SwordAndMagic+1","theMarked:MysticalArsenal+1"],"relics":["theMarked:ArtifactOfAir","reliquary:RosewoodLute","reliquary:Aerogel","reliquary:Knoch","Coffee Dripper","MealTicket","Bronze Scales","Red Mask","Bottled Lightning","reliquary:RosewoodLute","Lee\u0027s Waffle","theMarked:SpiritSword","Strawberry","Frozen Egg 2","theMarked:DemonDagger"],"acts_visited":["Exordium","TheCity","TheBeyond"],"potions_floor_usage":[7,16,16,18,24,50,50],"damage_taken":[{"damage":0,"enemies":"2 Louse","floor":1,"turns":3},{"damage":0,"enemies":"Small Slimes","floor":2,"turns":3},{"damage":0,"enemies":"Jaw Worm","floor":3,"turns":4},{"damage":0,"enemies":"Looter","floor":4,"turns":3},{"damage":9,"enemies":"Lots of Slimes","floor":5,"turns":5},{"damage":18,"enemies":"Lagavulin","floor":7,"turns":8},{"damage":0,"enemies":"Exordium Wildlife","floor":8,"turns":2},{"damage":11,"enemies":"3 Louse","floor":13,"turns":2},{"damage":5,"enemies":"Exordium Thugs","floor":14,"turns":4},{"damage":34,"enemies":"The Guardian","floor":16,"turns":14},{"damage":13,"enemies":"2 Thieves","floor":18,"turns":3},{"damage":7,"enemies":"Shell Parasite","floor":23,"turns":4},{"damage":0,"enemies":"Masked Bandits","floor":24,"turns":3},{"damage":7,"enemies":"Shelled Parasite and Fungi","floor":28,"turns":5},{"damage":5,"enemies":"Book of Stabbing","floor":29,"turns":5},{"damage":70,"enemies":"Champ","floor":33,"turns":19},{"damage":24,"enemies":"3 Darklings","floor":35,"turns":3},{"damage":30,"enemies":"3 Shapes","floor":39,"turns":3},{"damage":10,"enemies":"Jaw Worm Horde","floor":40,"turns":4},{"damage":9,"enemies":"Maw","floor":45,"turns":7},{"damage":7,"enemies":"4 Shapes","floor":46,"turns":6},{"damage":23,"enemies":"Sphere and 2 Shapes","floor":47,"turns":4},{"damage":4,"enemies":"Reptomancer","floor":48,"turns":5},{"damage":48,"enemies":"Time Eater","floor":50,"turns":7}],"seed_played":"-1089056324455059867","potions_obtained":[{"floor":2,"key":"Swift Potion"},{"floor":4,"key":"Fire Potion"},{"floor":5,"key":"Fire Potion"},{"floor":8,"key":"AttackPotion"},{"floor":18,"key":"BlessingOfTheForge"},{"floor":23,"key":"Strength Potion"},{"floor":33,"key":"Ancient Potion"},{"floor":40,"key":"FairyPotion"}],"is_trial":false,"path_per_floor":["M","M","M","M","M","R","E","M","T","R","?","R","M","M","R","B",null,"M","?","?","?","$","M","?","R","T","R","M","E","R","$","R","B",null,"M","?","?","$","M","M","$","?","T","R","M","M","M","E","R","B",null],"character_chosen":"THE_DEFAULT","items_purchased":["Bronze Scales","Lee\u0027s Waffle","Bandage Up","Strawberry"],"campfire_rested":2,"item_purchase_floors":[22,31,38,38],"current_hp_per_floor":[70,70,70,70,61,61,43,43,43,43,29,50,39,34,55,21,70,57,57,57,57,70,63,63,63,63,63,56,51,51,77,77,7,77,53,53,53,75,45,39,54,54,54,54,49,46,27,27,27,15],"gold":131,"neow_bonus":"RANDOM_COMMON_RELIC","is_daily":false,"chose_seed":false,"campfire_upgraded":8,"win_rate":0.0,"timestamp":1613282475,"path_taken":["M","M","M","M","M","R","E","M","T","R","?","R","M","M","R","BOSS","M","?","?","?","$","M","?","R","T","R","M","E","R","$","R","BOSS","M","?","?","?","M","M","$","?","T","R","M","?","M","E","R","BOSS"],"items_purchased_type":["Relic","Relic","Card","Relic"],"build_version":"2020-12-22","purchased_purges":3,"victory":true,"max_hp_per_floor":[70,70,70,70,70,70,70,70,70,70,70,70,70,70,70,70,70,70,70,70,70,70,70,70,70,70,70,70,70,70,77,77,77,77,77,77,77,84,84,84,84,84,84,84,84,84,84,84,84,84],"card_choices":[{"not_picked":["theMarked:TwofoldDefense","theMarked:ElectricStrings"],"picked":"theMarked:Pokerface","floor":1},{"not_picked":["theMarked:ElectricStrings","theMarked:Memento"],"picked":"theMarked:Parry","floor":2},{"not_picked":["theMarked:WardOff","theMarked:RepellingDischarge"],"picked":"theMarked:ElectricStrings","floor":3},{"not_picked":["theMarked:Seal","theMarked:Reabsorb"],"picked":"theMarked:Parkour","floor":4},{"not_picked":["theMarked:Memento","theMarked:SwordAndMagic"],"picked":"theMarked:Aftermath","floor":5},{"not_picked":["theMarked:PowerFlow","theMarked:Frustration"],"picked":"theMarked:OneWithTheBlade","floor":7},{"not_picked":["theMarked:TurnInvisible","theMarked:TheMission"],"picked":"theMarked:KeepCalmAndFight","floor":8},{"not_picked":["theMarked:Maelstrom","theMarked:CreepingChasm"],"picked":"theMarked:Improvise","floor":13},{"not_picked":["theMarked:ElectricStrings","theMarked:Frustration"],"picked":"theMarked:StartUp","floor":14},{"not_picked":["theMarked:FavorableWinds","theMarked:Defy"],"picked":"theMarked:EternalStudent","floor":16},{"not_picked":["theMarked:WardOff","theMarked:HeightenedSenses"],"picked":"theMarked:ResourceFulStrike","floor":18},{"not_picked":["theMarked:Improvise","theMarked:ChainLightning+1"],"picked":"theMarked:TwofoldDefense","floor":23},{"not_picked":["theMarked:Indomitable","theMarked:Improvise"],"picked":"theMarked:RepellingDischarge","floor":24},{"not_picked":["theMarked:TwofoldDefense","theMarked:Parkour","theMarked:SwordAndMagic"],"picked":"SKIP","floor":28},{"not_picked":["theMarked:LightningStrikesTwice","theMarked:TwofoldDefense"],"picked":"theMarked:Generate+1","floor":29},{"not_picked":["theMarked:FavorableWinds","theMarked:Challenge"],"picked":"theMarked:Levitate","floor":33},{"not_picked":["theMarked:Improvise+1","theMarked:Pokerface"],"picked":"theMarked:EmpowerWeapon+1","floor":35},{"not_picked":["Swift Strike","Thinking Ahead"],"picked":"Finesse","floor":37},{"not_picked":["theMarked:BanishingStrike+1","theMarked:TwofoldDefense"],"picked":"theMarked:CreepingChasm","floor":39},{"not_picked":["theMarked:TunnelVision+1","theMarked:WastefulAttack+1","theMarked:TwofoldDefense"],"picked":"SKIP","floor":40},{"not_picked":["theMarked:TakeCover","theMarked:Parkour+1","theMarked:Frustration"],"picked":"SKIP","floor":45},{"not_picked":["theMarked:RepellingDischarge+1","theMarked:WastefulAttack"],"picked":"theMarked:ComboAttacks+1","floor":46},{"not_picked":["theMarked:RepellingDischarge+1","theMarked:BanishingWave+1"],"picked":"theMarked:SwordAndMagic+1","floor":47},{"not_picked":["theMarked:ShockingTouch+1","theMarked:Parkour+1"],"picked":"theMarked:MysticalArsenal+1","floor":48}],"player_experience":305681,"relics_obtained":[{"floor":7,"key":"reliquary:Aerogel"},{"floor":9,"key":"reliquary:Knoch"},{"floor":24,"key":"Red Mask"},{"floor":26,"key":"Bottled Lightning"},{"floor":29,"key":"reliquary:SculptingSteel"},{"floor":43,"key":"Frozen Egg 2"},{"floor":48,"key":"theMarked:DemonDagger"}],"event_choices":[{"damage_healed":0,"gold_gain":0,"player_choice":"Entered Light","damage_taken":14,"max_hp_gain":0,"max_hp_loss":0,"event_name":"Shining Light","floor":11,"gold_loss":0,"cards_upgraded":["theMarked:Pokerface","theMarked:Strike"]},{"damage_healed":0,"gold_gain":0,"player_choice":"Obtained Relic","damage_taken":0,"relics_obtained":["MealTicket"],"max_hp_gain":0,"max_hp_loss":0,"event_name":"Addict","floor":19,"gold_loss":85},{"damage_healed":0,"gold_gain":99,"player_choice":"Stole From Cult","damage_taken":0,"max_hp_gain":0,"max_hp_loss":0,"event_name":"Nest","floor":20,"gold_loss":0},{"cards_removed":["theMarked:Strike"],"damage_healed":0,"gold_gain":0,"player_choice":"Gave Gold","damage_taken":0,"max_hp_gain":0,"max_hp_loss":0,"event_name":"Beggar","floor":21,"gold_loss":75},{"damage_healed":0,"gold_gain":0,"player_choice":"Fought Bandits","damage_taken":0,"max_hp_gain":0,"max_hp_loss":0,"event_name":"Masked Bandits","floor":24,"gold_loss":0},{"damage_healed":0,"gold_gain":222,"player_choice":"Wore Mask","damage_taken":0,"max_hp_gain":0,"max_hp_loss":0,"event_name":"Tomb of Lord Red Mask","floor":36,"gold_loss":0},{"damage_healed":0,"gold_gain":0,"player_choice":"Memory 1","damage_taken":0,"max_hp_gain":0,"max_hp_loss":0,"event_name":"SensoryStone","floor":37,"gold_loss":0},{"damage_healed":0,"gold_gain":0,"player_choice":"1 cards matched","damage_taken":0,"max_hp_gain":0,"max_hp_loss":0,"event_name":"Match and Keep!","floor":42,"gold_loss":0,"cards_obtained":["theMarked:MagusForm"]}],"is_beta":false,"boss_relics":[{"not_picked":["Runic Dome","reliquary:Craggleroot"],"picked":"Coffee Dripper"},{"not_picked":["Snecko Eye","Fusion Hammer"],"picked":"theMarked:SpiritSword"}],"items_purged_floors":[22,31,38],"is_endless":false,"potions_floor_spawned":[2,4,5,8,18,23,33,40,45,46],"ascension_level":0}}