{"host":"Kdaddybrian","time":1613268138,"event":{"mods":["AchievementEnabler","BaseMod","Bestiary","Colored Map","Colored Powertips","Minty Spire (QoL Compilation)","Potion Indicator Mod","Quick Restart","Rare Cards Sparkle","Relic Stats","StSLib","Uncapped","Weighted Paths"],"gold_per_floor":[117,129,140,39,51,84,101,136,136,153,173,173,186,215,215,318,318,328,32,49,49,68,68,94,94,146,146,146,175,187,214,214,214,214],"floor_reached":33,"language":"ENG","playtime":1723,"items_purged":["Strike_P","Strike_P"],"score":454,"play_id":"ed3b163b-c89c-45e8-bf14-487d297d7124","local_time":"20210213210218","is_ascension_mode":true,"campfire_choices":[{"floor":12,"key":"REST"},{"floor":15,"key":"REST"},{"data":"TalkToTheHand","floor":23,"key":"SMITH"},{"floor":25,"key":"REST"},{"floor":28,"key":"REST"},{"floor":32,"key":"REST"}],"circlet_count":0,"master_deck":["AscendersBane","Strike_P","Defend_P","Defend_P","Defend_P","Defend_P+1","Eruption","Vigilance","TalkToTheHand+1","TalkToTheHand","JustLucky","SashWhip","Consecrate","CarveReality","Halt","Conclude","ThirdEye","Ragnarok","EmptyBody","Halt","Evaluate+1","WreathOfFlame+1","Evaluate","EmptyFist","ThirdEye"],"relics":["Busted Crown","Nunchaku","Juzu Bracelet","Kunai","Sundial","SlaversCollar","Lee\u0027s Waffle","TeardropLocket","War Paint","CeramicFish"],"acts_visited":["Exordium","TheCity"],"potions_floor_usage":[8,16,20,24,33],"damage_taken":[{"damage":0,"enemies":"Cultist","floor":1,"turns":2},{"damage":0,"enemies":"Small Slimes","floor":2,"turns":3},{"damage":1,"enemies":"2 Louse","floor":3,"turns":4},{"damage":14,"enemies":"Exordium Thugs","floor":5,"turns":5},{"damage":20,"enemies":"3 Sentries","floor":6,"turns":6},{"damage":0,"enemies":"2 Fungi Beasts","floor":7,"turns":2},{"damage":14,"enemies":"Gremlin Nob","floor":8,"turns":5},{"damage":5,"enemies":"Large Slime","floor":10,"turns":4},{"damage":9,"enemies":"Exordium Wildlife","floor":11,"turns":3},{"damage":2,"enemies":"2 Fungi Beasts","floor":13,"turns":2},{"damage":4,"enemies":"3 Sentries","floor":14,"turns":6},{"damage":6,"enemies":"The Guardian","floor":16,"turns":10},{"damage":27,"enemies":"3 Byrds","floor":18,"turns":5},{"damage":4,"enemies":"Chosen","floor":20,"turns":6},{"damage":11,"enemies":"Centurion and Healer","floor":22,"turns":8},{"damage":50,"enemies":"Gremlin Leader","floor":24,"turns":8},{"damage":26,"enemies":"Snake Plant","floor":29,"turns":4},{"damage":3,"enemies":"Snecko","floor":30,"turns":6},{"damage":12,"enemies":"Sentry and Sphere","floor":31,"turns":4},{"damage":74,"enemies":"Champ","floor":33,"turns":17}],"seed_played":"7574043002330647576","potions_obtained":[{"floor":1,"key":"AttackPotion"},{"floor":2,"key":"BlessingOfTheForge"},{"floor":10,"key":"SteroidPotion"},{"floor":11,"key":"Fruit Juice"},{"floor":16,"key":"SteroidPotion"},{"floor":20,"key":"LiquidMemories"},{"floor":24,"key":"EssenceOfSteel"},{"floor":30,"key":"Ancient Potion"}],"is_trial":false,"path_per_floor":["M","M","M","$","M","E","M","E","T","M","M","R","M","E","R","B",null,"M","$","M","?","M","R","E","R","T","?","R","M","M","M","R","B"],"character_chosen":"WATCHER","items_purchased":["SashWhip","Lee\u0027s Waffle","Halt"],"campfire_rested":5,"item_purchase_floors":[4,19,19],"current_hp_per_floor":[65,65,64,64,50,30,30,16,16,11,2,23,21,17,38,32,62,35,79,80,80,69,69,19,44,44,44,69,43,40,28,53,0,0],"gold":214,"neow_bonus":"BOSS_RELIC","is_daily":false,"chose_seed":false,"campfire_upgraded":1,"win_rate":0.0,"timestamp":1613268138,"path_taken":["M","M","M","$","M","E","?","E","T","M","M","R","M","E","R","BOSS","M","$","M","?","M","R","E","R","T","?","R","M","M","M","R","BOSS"],"items_purchased_type":["Card","Relic","Card"],"build_version":"2020-12-18","purchased_purges":2,"victory":false,"max_hp_per_floor":[72,72,72,72,72,72,72,72,72,72,72,72,72,72,72,72,72,72,79,84,84,84,84,84,84,84,84,84,84,84,84,84,84,84],"relic_stats":{"Nunchaku":[22],"Lee\u0027s Waffle":44,"Busted Crown":38,"counters":[20,110],"Sundial":[8],"CeramicFish":18,"Juzu Bracelet":1,"Kunai":[41],"War Paint":["WreathOfFlame","Defend_P"],"obtain_stats":[{"SlaversCollar":17,"Nunchaku":6,"Lee\u0027s Waffle":19,"Busted Crown":0,"Sundial":14,"CeramicFish":27,"Juzu Bracelet":8,"Kunai":9,"TeardropLocket":24,"PureWater":0,"War Paint":26},{"SlaversCollar":12,"Nunchaku":5,"Lee\u0027s Waffle":13,"Busted Crown":0,"Sundial":11,"CeramicFish":16,"Juzu Bracelet":7,"Kunai":7,"TeardropLocket":16,"PureWater":0,"War Paint":16},{"SlaversCollar":52,"Nunchaku":20,"Lee\u0027s Waffle":57,"Busted Crown":0,"Sundial":42,"CeramicFish":79,"Juzu Bracelet":27,"Kunai":27,"TeardropLocket":79,"PureWater":0,"War Paint":79}]},"card_choices":[{"not_picked":[],"picked":"TalkToTheHand","floor":1},{"not_picked":[],"picked":"TalkToTheHand","floor":2},{"not_picked":[],"picked":"JustLucky","floor":3},{"not_picked":["ForeignInfluence"],"picked":"SKIP","floor":5},{"not_picked":[],"picked":"Consecrate","floor":6},{"not_picked":[],"picked":"CarveReality","floor":7},{"not_picked":["Worship"],"picked":"SKIP","floor":8},{"not_picked":["SignatureMove"],"picked":"SKIP","floor":10},{"not_picked":[],"picked":"Halt","floor":11},{"not_picked":[],"picked":"Conclude","floor":13},{"not_picked":[],"picked":"ThirdEye","floor":14},{"not_picked":[],"picked":"Ragnarok","floor":16},{"not_picked":[],"picked":"EmptyBody","floor":18},{"not_picked":[],"picked":"Evaluate+1","floor":20},{"not_picked":[],"picked":"WreathOfFlame","floor":22},{"not_picked":[],"picked":"Evaluate","floor":24},{"not_picked":[],"picked":"EmptyFist","floor":29},{"not_picked":["CrushJoints+1"],"picked":"SKIP","floor":30},{"not_picked":[],"picked":"ThirdEye","floor":31}],"player_experience":3037602,"relics_obtained":[{"floor":6,"key":"Nunchaku"},{"floor":8,"key":"Juzu Bracelet"},{"floor":9,"key":"Kunai"},{"floor":14,"key":"Sundial"},{"floor":24,"key":"TeardropLocket"},{"floor":26,"key":"War Paint"}],"event_choices":[{"cards_removed":["Strike_P"],"damage_healed":0,"gold_gain":0,"player_choice":"Purged","damage_taken":0,"max_hp_gain":0,"max_hp_loss":0,"event_name":"Purifier","floor":21,"gold_loss":0},{"damage_healed":0,"gold_gain":0,"player_choice":"Opened","damage_taken":0,"relics_obtained":["CeramicFish"],"max_hp_gain":0,"max_hp_loss":0,"event_name":"The Mausoleum","floor":27,"gold_loss":0}],"is_beta":true,"boss_relics":[{"not_picked":["VioletLotus","Cursed Key"],"picked":"SlaversCollar"}],"items_purged_floors":[4,19],"is_endless":false,"potions_floor_spawned":[1,2,10,11,16,20,24,30],"killed_by":"Champ","ascension_level":11}}