{"host":"t5vp0whyqzs05fb6","time":1613302720,"event":{"mods":["AchievementEnabler","BaseMod","Colored Map","Minty Spire (QoL Compilation)","Rare Cards Sparkle","SuperFastMode","everything is the same but u backflip on backflip"],"gold_per_floor":[113,124,139,153,172,172,183,183,183,193,220,295,295,295,295,400,400,416,416,436,267,283,302,16,16,16,46,46,80,100,200,200,303,303,322,322,3,19,30,57,57,57,137,164,178,12,26,26,26,26,26,26,26,52,52],"floor_reached":56,"language":"KOR","playtime":2143,"items_purged":["Strike_G"],"score":1349,"play_id":"7f4aac61-3eab-40ec-a841-fdbf4e62d5b4","local_time":"20210214203840","is_ascension_mode":false,"campfire_choices":[{"data":"Glass Knife","floor":6.0,"key":"SMITH"},{"data":"Neutralize","floor":8.0,"key":"SMITH"},{"data":"Quick Slash","floor":15.0,"key":"SMITH"},{"data":"Panache","floor":25.0,"key":"SMITH"},{"data":"Survivor","floor":28.0,"key":"SMITH"},{"floor":32.0,"key":"RECALL"},{"data":"Backstab","floor":41.0,"key":"SMITH"},{"data":"A Thousand Cuts","floor":49.0,"key":"SMITH"},{"data":"Panache","floor":52.0,"key":"SMITH"}],"circlet_count":0,"master_deck":["Strike_G","Defend_G","Defend_G+1","Defend_G","Defend_G","Survivor+1","Neutralize+1","Quick Slash+1","PiercingWail+1","Backstab+1","Glass Knife+1","Deflect+1","Flying Knee","Adrenaline+1","Escape Plan+1","Backstab+1","Dagger Spray","Cloak And Dagger+1","Blade Dance+1","Panache+1","Prepared+1","Infinite Blades+1","Cloak And Dagger+1","Venomology+1","Footwork+1","Acrobatics+1","Blur+1","Choke+1","Tactician+1","Well Laid Plans","Acrobatics+1","Panache+1","A Thousand Cuts+1","Blur+1"],"relics":["Ring of the Snake","NeowsBlessing","Toxic Egg 2","Bottled Lightning","War Paint","Astrolabe","Oddly Smooth Stone","Ornamental Fan","Regal Pillow","Ninja Scroll","Gambling Chip","Shuriken","Black Star","Toy Ornithopter","Happy Flower","Bag of Preparation","Orichalcum","Kunai","Letter Opener","Eternal Feather"],"acts_visited":["Exordium","TheCity","TheBeyond","TheEnding"],"potions_floor_usage":[55,55],"damage_taken":[{"damage":0.0,"enemies":"Small Slimes","floor":1.0,"turns":1.0},{"damage":0.0,"enemies":"Jaw Worm","floor":2.0,"turns":1.0},{"damage":0.0,"enemies":"Cultist","floor":3.0,"turns":1.0},{"damage":8.0,"enemies":"Exordium Thugs","floor":4.0,"turns":5.0},{"damage":4.0,"enemies":"2 Fungi Beasts","floor":5.0,"turns":2.0},{"damage":0.0,"enemies":"Looter","floor":7.0,"turns":2.0},{"damage":3.0,"enemies":"Red Slaver","floor":10.0,"turns":2.0},{"damage":17.0,"enemies":"3 Sentries","floor":11.0,"turns":5.0},{"damage":12.0,"enemies":"Hexaghost","floor":16.0,"turns":11.0},{"damage":0.0,"enemies":"Spheric Guardian","floor":18.0,"turns":2.0},{"damage":0.0,"enemies":"Shell Parasite","floor":20.0,"turns":5.0},{"damage":1.0,"enemies":"Snake Plant","floor":22.0,"turns":3.0},{"damage":3.0,"enemies":"Centurion and Healer","floor":23.0,"turns":5.0},{"damage":1.0,"enemies":"Book of Stabbing","floor":27.0,"turns":4.0},{"damage":0.0,"enemies":"Slavers","floor":29.0,"turns":3.0},{"damage":0.0,"enemies":"Cultist and Chosen","floor":30.0,"turns":3.0},{"damage":1.0,"enemies":"Colosseum Slavers","floor":31.0,"turns":2.0},{"damage":0.0,"enemies":"Colosseum Nobs","floor":31.0,"turns":3.0},{"damage":0.0,"enemies":"Automaton","floor":33.0,"turns":6.0},{"damage":7.0,"enemies":"3 Darklings","floor":35.0,"turns":3.0},{"damage":3.0,"enemies":"3 Shapes","floor":38.0,"turns":3.0},{"damage":9.0,"enemies":"Jaw Worm Horde","floor":39.0,"turns":3.0},{"damage":0.0,"enemies":"Reptomancer","floor":40.0,"turns":4.0},{"damage":0.0,"enemies":"Nemesis","floor":44.0,"turns":5.0},{"damage":2.0,"enemies":"Transient","floor":45.0,"turns":5.0},{"damage":17.0,"enemies":"Spire Growth","floor":47.0,"turns":4.0},{"damage":10.0,"enemies":"Time Eater","floor":50.0,"turns":8.0},{"damage":12.0,"enemies":"Shield and Spear","floor":54.0,"turns":4.0},{"damage":70,"enemies":"The Heart","floor":55,"turns":9}],"seed_played":"-2338945257320678538","potions_obtained":[{"floor":4.0,"key":"Fire Potion"},{"floor":5.0,"key":"BlessingOfTheForge"},{"floor":10.0,"key":"FearPotion"},{"floor":11.0,"key":"Fruit Juice"},{"floor":16.0,"key":"LiquidMemories"},{"floor":18.0,"key":"Dexterity Potion"},{"floor":23.0,"key":"AttackPotion"},{"floor":33.0,"key":"DuplicationPotion"},{"floor":35.0,"key":"Ancient Potion"},{"floor":36.0,"key":"Fruit Juice"},{"floor":36.0,"key":"Strength Potion"},{"floor":45.0,"key":"SmokeBomb"}],"is_trial":false,"path_per_floor":["M","M","M","M","M","R","M","R","T","M","E","?","T","?","R","B",null,"M","?","M","$","M","M","$","R","T","E","R","E","M","?","R","B",null,"M","?","$","M","M","E","R","?","T","E","M","$","M","?","R","B",null,"R","$","E","B",null],"character_chosen":"THE_SILENT","items_purchased":["Oddly Smooth Stone","Cloak And Dagger+1","Blade Dance+1","Panache","Prepared+1","Toy Ornithopter","Acrobatics+1","Blur+1","Panache"],"campfire_rested":0,"item_purchase_floors":[21,21,24,24,24,37,37,37,46],"current_hp_per_floor":[70,70,70,62,58,58,58,58,58,55,38,27,27,20,20,13,75,75,75,75,75,74,71,71,71,71,70,70,70,70,69,69,69,75,68,73,73,70,61,66,66,66,66,71,74,74,57,57,57,52,80,80,80,78,17],"gold":52,"neow_bonus":"THREE_ENEMY_KILL","is_daily":false,"chose_seed":false,"campfire_upgraded":8,"win_rate":0.0,"timestamp":1613302720,"path_taken":["M","M","M","M","M","R","M","R","T","M","E","?","?","?","R","BOSS","M","?","?","$","M","M","$","R","T","E","R","E","M","?","R","BOSS","M","?","$","?","M","E","R","?","T","E","M","$","?","?","R","BOSS","R","$","E","BOSS"],"items_purchased_type":["Relic","Card","Card","Card","Card","Relic","Card","Card","Card"],"build_version":"2020-12-22","purchased_purges":1,"victory":true,"max_hp_per_floor":[70,70,70,70,70,70,70,70,70,70,70,70,70,70,70,75,75,75,75,75,75,75,75,75,75,75,75,75,75,75,75,75,75,75,75,80,80,80,80,80,80,80,80,80,80,80,80,80,80,80,80,80,80,80,80],"card_choices":[{"not_picked":["Deflect","Acrobatics"],"picked":"Quick Slash","floor":1.0},{"not_picked":["Concentrate","Poisoned Stab"],"picked":"PiercingWail","floor":2.0},{"not_picked":["Acrobatics","Reflex"],"picked":"Backstab","floor":3.0},{"not_picked":["Flechettes","Prepared"],"picked":"Glass Knife","floor":4.0},{"not_picked":["Acrobatics","Flying Knee","Heel Hook"],"picked":"SKIP","floor":5.0},{"not_picked":["Dagger Throw","Expertise","Outmaneuver"],"picked":"SKIP","floor":7.0},{"not_picked":["Dagger Throw","Expertise","Outmaneuver"],"picked":"SKIP","floor":7.0},{"not_picked":["Poisoned Stab","Outmaneuver+1"],"picked":"Deflect+1","floor":10.0},{"not_picked":["Caltrops","Heel Hook"],"picked":"Flying Knee","floor":11.0},{"not_picked":["Storm of Steel+1","Bullet Time+1"],"picked":"Adrenaline+1","floor":16.0},{"not_picked":["Endless Agony","Skewer"],"picked":"Dagger Spray","floor":18.0},{"not_picked":["Poisoned Stab+1","Endless Agony","Deadly Poison+1"],"picked":"SKIP","floor":20.0},{"not_picked":["Deadly Poison+1","Wraith Form v2","Heel Hook"],"picked":"SKIP","floor":22.0},{"not_picked":["Heel Hook","Bouncing Flask+1","Deadly Poison+1"],"picked":"SKIP","floor":23.0},{"not_picked":["Expertise+1","Dodge and Roll+1"],"picked":"Infinite Blades+1","floor":27.0},{"not_picked":["Dagger Spray","Dodge and Roll+1","Riddle With Holes"],"picked":"SKIP","floor":29.0},{"not_picked":["Eviscerate","Bouncing Flask+1","Caltrops+1"],"picked":"SKIP","floor":30.0},{"not_picked":["Deflect+1","Backflip+1"],"picked":"Cloak And Dagger+1","floor":31.0},{"not_picked":["Night Terror+1","Unload"],"picked":"Venomology+1","floor":33.0},{"not_picked":["Underhanded Strike","Sucker Punch"],"picked":"Footwork+1","floor":35.0},{"not_picked":["Outmaneuver+1","Slice"],"picked":"Choke+1","floor":38.0},{"not_picked":["Poisoned Stab","Slice","Quick Slash+1"],"picked":"SKIP","floor":39.0},{"not_picked":["Deflect+1","Backflip+1"],"picked":"Tactician+1","floor":40.0},{"not_picked":["Masterful Stab","Deadly Poison+1","Distraction+1"],"picked":"SKIP","floor":44.0},{"not_picked":["Masterful Stab","Underhanded Strike+1"],"picked":"Acrobatics+1","floor":45.0},{"not_picked":["Flechettes","Crippling Poison+1"],"picked":"A Thousand Cuts","floor":47.0},{"not_picked":["Unload","Caltrops+1"],"picked":"Blur+1","floor":54.0}],"player_experience":223186,"relics_obtained":[{"floor":9.0,"key":"Toxic Egg 2"},{"floor":11.0,"key":"Bottled Lightning"},{"floor":13.0,"key":"War Paint"},{"floor":26.0,"key":"Ornamental Fan"},{"floor":27.0,"key":"Regal Pillow"},{"floor":29.0,"key":"Ninja Scroll"},{"floor":31.0,"key":"Gambling Chip"},{"floor":31.0,"key":"Shuriken"},{"floor":40.0,"key":"Happy Flower"},{"floor":40.0,"key":"Bag of Preparation"},{"floor":44.0,"key":"Orichalcum"},{"floor":44.0,"key":"Kunai"},{"floor":54.0,"key":"Letter Opener"},{"floor":54.0,"key":"Eternal Feather"}],"event_choices":[{"damage_healed":0.0,"max_hp_gain":0.0,"max_hp_loss":0.0,"gold_gain":75.0,"event_name":"World of Goop","player_choice":"Gather Gold","floor":12.0,"gold_loss":0.0,"damage_taken":11.0},{"damage_healed":0.0,"max_hp_gain":0.0,"max_hp_loss":0.0,"gold_gain":0.0,"event_name":"Wheel of Change","player_choice":"Damaged","floor":14.0,"gold_loss":0.0,"damage_taken":7.0},{"cards_removed":["Finisher"],"damage_healed":0.0,"max_hp_gain":0.0,"max_hp_loss":0.0,"gold_gain":0.0,"event_name":"Wheel of Change","player_choice":"Card Removal","floor":19.0,"gold_loss":0.0,"damage_taken":0.0},{"damage_healed":0.0,"max_hp_gain":0.0,"max_hp_loss":0.0,"gold_gain":0.0,"event_name":"Colosseum","player_choice":"Fight","floor":31.0,"gold_loss":0.0,"damage_taken":0.0},{"damage_healed":0.0,"max_hp_gain":0.0,"max_hp_loss":0.0,"gold_gain":0.0,"event_name":"Colosseum","player_choice":"Fought Nobs","floor":31.0,"gold_loss":0.0,"damage_taken":0.0},{"damage_healed":0.0,"max_hp_gain":0.0,"max_hp_loss":0.0,"gold_gain":0.0,"event_name":"Lab","player_choice":"Got Potions","floor":36.0,"gold_loss":0.0,"damage_taken":0.0},{"damage_healed":0.0,"max_hp_gain":0.0,"max_hp_loss":0.0,"gold_gain":0.0,"event_name":"Match and Keep!","player_choice":"1 cards matched","floor":42.0,"gold_loss":0.0,"damage_taken":0.0,"cards_obtained":["Well Laid Plans"]},{"cards_removed":["Strike_G"],"damage_healed":0.0,"max_hp_gain":0.0,"max_hp_loss":0.0,"gold_gain":0.0,"event_name":"Bonfire Elementals","player_choice":"Offered Basic","floor":48.0,"gold_loss":0.0,"damage_taken":0.0}],"is_beta":false,"boss_relics":[{"not_picked":["Sozu","Calling Bell"],"picked":"Astrolabe"},{"not_picked":["SlaversCollar","Tiny House"],"picked":"Black Star"}],"items_purged_floors":[37],"is_endless":false,"potions_floor_spawned":[4,5,10,11,16,18,23,31,33,35,45,47],"ascension_level":0}}