{"host":"7wi4qgm5yw4j7oz0","time":1613319865,"event":{"mods":["AchievementEnabler","BaseMod","Block Reminder","Colored Map","Colored Powertips","Highlight Path","Minty Spire (QoL Compilation)","Permanent Neow","Random Character Button","Rare Cards Sparkle","StSLib","everything is the same but u backflip on backflip"],"gold_per_floor":[116,41,41,54,65,90,100,118,118,118,136,170,170,205,205,304,304,324,343,143,143,143],"floor_reached":21,"language":"KOR","playtime":1168,"items_purged":["Strike_R","Strike_R"],"score":312,"play_id":"479afda4-9a17-4ed9-afec-c931d76ea499","local_time":"20210215012425","is_ascension_mode":true,"campfire_choices":[{"data":"True Grit","floor":10.0,"key":"SMITH"},{"data":"Demon Form","floor":15.0,"key":"SMITH"}],"circlet_count":0,"master_deck":["AscendersBane","Strike_R","Strike_R","Strike_R","Defend_R","Defend_R","Defend_R","Defend_R","Bash","Flash of Steel","Thunderclap","Cleave","Demon Form+1","True Grit+1","Second Wind","Shrug It Off","Wild Strike","Limit Break","Shrug It Off"],"relics":["Burning Blood","StrikeDummy","Darkstone Periapt","Smiling Mask","Torii","SlaversCollar","Anchor"],"acts_visited":["Exordium","TheCity"],"potions_floor_usage":[21],"damage_taken":[{"damage":11.0,"enemies":"Cultist","floor":1.0,"turns":4.0},{"damage":13.0,"enemies":"Small Slimes","floor":4.0,"turns":3.0},{"damage":0.0,"enemies":"2 Louse","floor":5.0,"turns":2.0},{"damage":25.0,"enemies":"Lagavulin","floor":6.0,"turns":6.0},{"damage":18.0,"enemies":"Exordium Thugs","floor":7.0,"turns":4.0},{"damage":3.0,"enemies":"Gremlin Gang","floor":8.0,"turns":4.0},{"damage":12.0,"enemies":"3 Louse","floor":11.0,"turns":4.0},{"damage":40.0,"enemies":"3 Sentries","floor":12.0,"turns":7.0},{"damage":49.0,"enemies":"Gremlin Nob","floor":14.0,"turns":5.0},{"damage":38,"enemies":"Slime Boss","floor":16,"turns":7},{"damage":26,"enemies":"2 Thieves","floor":18,"turns":5},{"damage":37,"enemies":"Chosen","floor":19,"turns":7},{"damage":26,"enemies":"Snake Plant","floor":21,"turns":4}],"seed_played":"593567221428049565","potions_obtained":[{"floor":1.0,"key":"BloodPotion"},{"floor":7.0,"key":"Block Potion"},{"floor":12.0,"key":"Ancient Potion"},{"floor":14.0,"key":"PowerPotion"},{"floor":16,"key":"GamblersBrew"},{"floor":18,"key":"LiquidMemories"}],"is_trial":false,"path_per_floor":["M","$","?","M","M","E","M","M","T","R","M","E","?","E","R","B",null,"M","M","$","M"],"character_chosen":"IRONCLAD","items_purchased":["Anchor"],"campfire_rested":0,"item_purchase_floors":[20],"current_hp_per_floor":[67,67,67,60,66,47,35,38,38,38,48,14,90,47,47,15,71,51,20,20,0,0],"gold":143,"neow_bonus":"RANDOM_COLORLESS","is_daily":false,"chose_seed":false,"campfire_upgraded":2,"win_rate":0.0,"timestamp":1613319865,"path_taken":["M","?","?","?","M","E","M","M","T","R","M","E","?","E","R","BOSS","M","M","$","M"],"items_purchased_type":["Relic"],"build_version":"2020-12-22","purchased_purges":2,"victory":false,"max_hp_per_floor":[80,80,80,80,80,80,80,80,80,80,80,80,90,90,90,90,90,90,90,90,90,90],"card_choices":[{"not_picked":["Madness","Mind Blast"],"picked":"Flash of Steel","floor":0.0},{"not_picked":["Flex","Heavy Blade"],"picked":"Thunderclap","floor":1.0},{"not_picked":["Disarm","Clothesline"],"picked":"Cleave","floor":4.0},{"not_picked":["Anger","Thunderclap"],"picked":"Demon Form","floor":5.0},{"not_picked":["Iron Wave","Burning Pact"],"picked":"Barricade","floor":6.0},{"not_picked":["Pommel Strike","Rampage"],"picked":"True Grit","floor":7.0},{"not_picked":["Dark Embrace","Flex","Clash"],"picked":"SKIP","floor":8.0},{"not_picked":["Dropkick","Searing Blow"],"picked":"Second Wind","floor":11.0},{"not_picked":["Rupture","Clothesline"],"picked":"Shrug It Off","floor":12.0},{"not_picked":["Bludgeon","Carnage"],"picked":"Wild Strike","floor":14.0},{"not_picked":["Exhume","Berserk"],"picked":"Limit Break","floor":16},{"not_picked":["Burning Pact","Perfected Strike"],"picked":"Shrug It Off","floor":18},{"not_picked":["Wild Strike+1","Rupture","Sever Soul"],"picked":"SKIP","floor":19}],"player_experience":305808,"relics_obtained":[{"floor":6.0,"key":"StrikeDummy"},{"floor":9.0,"key":"Darkstone Periapt"},{"floor":12.0,"key":"Smiling Mask"},{"floor":14.0,"key":"Torii"}],"event_choices":[{"damage_healed":0.0,"max_hp_gain":0.0,"max_hp_loss":0.0,"gold_gain":0.0,"event_name":"Match and Keep!","player_choice":"0 cards matched","floor":3.0,"gold_loss":0.0,"damage_taken":0.0,"cards_obtained":[]},{"cards_removed":["Barricade"],"damage_healed":66.0,"max_hp_gain":10.0,"max_hp_loss":0.0,"gold_gain":0.0,"event_name":"Bonfire Elementals","player_choice":"Offered Rare","floor":13.0,"gold_loss":0.0,"damage_taken":0.0}],"is_beta":false,"boss_relics":[{"not_picked":["Coffee Dripper","Runic Dome"],"picked":"SlaversCollar"}],"items_purged_floors":[2,20],"is_endless":false,"potions_floor_spawned":[1,7,12,14,16,18,19],"killed_by":"Snake Plant","ascension_level":11}}