{"host":"wmojtwekh6s3tor5","time":1613293653,"event":{"mods":["BaseMod","Colored Map","Colored Powertips","DeckTracker","Highlight Path","Minty Spire (QoL Compilation)","Quick Restart","StSLib"],"gold_per_floor":[112,66,16,35,2,2,13,13,39,39,39,52,52,67,67,67,67],"floor_reached":16,"language":"ZHS","playtime":787,"items_purged":[],"score":117,"play_id":"6d2a61fd-a943-4fb8-94f5-ddedf501fa02","local_time":"20210214170733","is_ascension_mode":true,"campfire_choices":[{"data":"Pommel Strike","floor":6,"key":"SMITH"},{"data":"Body Slam","floor":11,"key":"SMITH"},{"data":"Entrench","floor":15,"key":"SMITH"}],"circlet_count":0,"master_deck":["Strike_R","Strike_R","Strike_R","Strike_R","Strike_R","Defend_R","Defend_R","Defend_R","Defend_R","Shrug It Off","Body Slam+1","Pommel Strike+1","Bloodletting","Entrench+1","Shrug It Off"],"relics":["Burning Blood","Golden Idol","Toy Ornithopter"],"acts_visited":["Exordium"],"potions_floor_usage":[],"damage_taken":[{"damage":1,"enemies":"Cultist","floor":1,"turns":5},{"damage":0,"enemies":"Small Slimes","floor":4,"turns":3},{"damage":11,"enemies":"2 Louse","floor":7,"turns":3},{"damage":3,"enemies":"Blue Slaver","floor":12,"turns":4},{"damage":4,"enemies":"3 Louse","floor":14,"turns":3},{"damage":75,"enemies":"The Guardian","floor":16,"turns":18}],"seed_played":"9176756959800800883","potions_obtained":[{"floor":4,"key":"FearPotion"},{"floor":12,"key":"Swift Potion"},{"floor":14,"key":"SpeedPotion"}],"is_trial":false,"path_per_floor":["M","$","?","M","$","R","M","?","T","$","R","M","$","M","R","B"],"character_chosen":"IRONCLAD","items_purchased":["Pommel Strike","Bloodletting"],"campfire_rested":0,"item_purchase_floors":[2,5],"current_hp_per_floor":[77,77,77,80,80,80,75,55,55,55,55,58,58,60,60,0,0],"gold":67,"neow_bonus":"THREE_CARDS","is_daily":false,"chose_seed":false,"campfire_upgraded":3,"win_rate":0.0,"timestamp":1613293653,"path_taken":["M","?","?","M","$","R","M","?","T","?","R","?","$","M","R","BOSS"],"items_purchased_type":["Card","Card"],"build_version":"2020-12-22","purchased_purges":0,"victory":false,"max_hp_per_floor":[80,80,80,80,80,80,80,80,80,80,80,80,80,80,80,80,80],"card_choices":[{"not_picked":["Perfected Strike","True Grit"],"picked":"Shrug It Off","floor":0},{"not_picked":["Havoc","Combust"],"picked":"Body Slam","floor":1},{"not_picked":["Reckless Charge","Wild Strike","Anger"],"picked":"SKIP","floor":4},{"not_picked":["Twin Strike","True Grit","Flex"],"picked":"SKIP","floor":7},{"not_picked":["Flame Barrier","Heavy Blade"],"picked":"Entrench","floor":12},{"not_picked":["Body Slam","Hemokinesis"],"picked":"Shrug It Off","floor":14}],"player_experience":609534,"relics_obtained":[{"floor":9,"key":"Toy Ornithopter"}],"event_choices":[{"cards_removed":["Bash"],"damage_healed":0,"gold_gain":0,"player_choice":"Card Removal","damage_taken":0,"max_hp_gain":0,"max_hp_loss":0,"event_name":"The Cleric","floor":3,"gold_loss":50},{"damage_healed":0,"gold_gain":0,"player_choice":"Take Damage","damage_taken":20,"relics_obtained":["Golden Idol"],"max_hp_gain":0,"max_hp_loss":0,"event_name":"Golden Idol","floor":8,"gold_loss":0}],"is_beta":false,"boss_relics":[],"items_purged_floors":[],"is_endless":false,"potions_floor_spawned":[4,12,14],"killed_by":"The Guardian","ascension_level":6}}