{"host":"bvp2uifzy1c463d9","time":1613337307,"event":{"mods":["AchievementEnabler","BaseMod","Better Note","Block Reminder","Bossed Relics","ChefMod","Colored Map","Colored Powertips","Energized Spire","Hermit","Highlight Path","Hubris","Infinite Spire","Minty Spire (QoL Compilation)","Random Character Button","Relic Sorter","Relic Stats","Reliquary","Replay The Spire","Robot Space Explorer","StSLib","The Blue Laboratory","The Jungle","The Servant 0.9.4","Wandering Minibosses"],"gold_per_floor":[144,69,119,119,169,269,319,424,424,484,534,544,544,526,526,831,831,881,881,791,846,115,165,165,265,315,365,410,410,460,510,510,825,825,875,875,350,92,137,232,232,284,359,674,724,60,60,120,120,135],"floor_reached":51,"language":"ENG","playtime":5222,"items_purged":["hermit:Dive"],"score":1088,"play_id":"b8690cd4-bc7b-4685-a9b2-500d560265ae","local_time":"20210214151507","daily_mods":["Draft","Hoarder","Midas"],"is_ascension_mode":false,"campfire_choices":[{"floor":15.0,"key":"REST"},{"floor":24.0,"key":"REST"},{"floor":41.0,"key":"REST"},{"floor":47,"key":"REST"}],"circlet_count":0,"master_deck":["hermit:FlashPowder","hermit:FlashPowder","hermit:FlashPowder","hermit:Manifest","hermit:Manifest","hermit:Manifest","hermit:Misfire","hermit:Misfire","hermit:Misfire","hermit:LowProfile","hermit:LowProfile","hermit:LowProfile","hermit:LoneWolf","hermit:Misfire","hermit:Misfire","hermit:Misfire","hermit:Vantage","hermit:Vantage","hermit:Vantage","hermit:Dive","hermit:Dive","hermit:GhostlyPresence","hermit:GhostlyPresence","hermit:GhostlyPresence+1","hermit:Dive","hermit:Dive","hermit:Dive","hermit:PistolWhip","hermit:PistolWhip","hermit:PistolWhip","hermit:Desperado","hermit:Desperado","hermit:Desperado","hermit:HoleUp","hermit:HoleUp","hermit:HoleUp","hermit:GhostlyPresence","hermit:GhostlyPresence","hermit:GhostlyPresence","hermit:Manifest","hermit:Manifest","hermit:Manifest","hermit:Scavenge","hermit:Scavenge","hermit:Scavenge","hermit:ShadowCloak","hermit:ShadowCloak","hermit:ShadowCloak","Regret","Regret","Regret","hubris:Compulsion","hubris:Compulsion","hubris:Compulsion","ReplayTheSpireMod:Chaos Vortex","ReplayTheSpireMod:Chaos Vortex","ReplayTheSpireMod:Chaos Vortex","hermit:Adapt","hermit:Adapt","hermit:Adapt","hermit:Roulette","hermit:Roulette","hermit:Roulette","hermit:Brawl","hermit:Brawl","hermit:Brawl","hermit:TrackingShot","hermit:TrackingShot","hermit:TrackingShot","hermit:Brawl","hermit:Brawl","hermit:Brawl","hermit:Malice","hermit:Malice","hermit:Malice","hermit:Reprieve","hermit:Reprieve","hermit:Reprieve","Pot Of Greed","Pot Of Greed","Pot Of Greed","Pot Of Greed","Pot Of Greed","Pot Of Greed","Pot Of Greed","Pot Of Greed","Pot Of Greed","Pot Of Greed","Pot Of Greed","Pot Of Greed","Pot Of Greed","Pot Of Greed","Pot Of Greed","Pot Of Greed+1","Pot Of Greed","Pot Of Greed","Pot Of Greed","Pot Of Greed","Crow Ritual","Crow Ritual","Crow Ritual","hermit:OverwhelmingPower","hermit:OverwhelmingPower","hermit:OverwhelmingPower","infinitespire:Collect","infinitespire:Collect","infinitespire:Collect","Mayhem","Mayhem","Mayhem","ReplayTheSpireMod:Trickstab","ReplayTheSpireMod:Trickstab","ReplayTheSpireMod:Trickstab","Pot Of Greed","Pot Of Greed","Pot Of Greed","hermit:TakeAim","hermit:TakeAim","hermit:TakeAim","ReplayTheSpireMod:IOU","ReplayTheSpireMod:IOU","ReplayTheSpireMod:IOU","hermit:Cheat","hermit:Cheat","hermit:Cheat","hermit:Deadeye+1","hermit:Deadeye+1","hermit:Deadeye+1","infinitespire:Menacing","infinitespire:Menacing","infinitespire:Menacing","Sadistic Nature","Sadistic Nature","Sadistic Nature","Panacea","Panacea","Panacea"],"relics":["hermit:Momento","Replay:Wax Seal","hermit:Spyglass","reliquary:Boomerang","Replay:Bottled Flurry","energizedSpire:OgreHead","infinitespire:Broken Mirror","Grinning Jar","Chemical X","infinitespire:CursedDice","reliquary:Stiletto","Tiny House","hermit:DentedPlate","Juzu Bracelet","reliquary:Boomerang","Blue Doll","ReplayTheSpireMod:ShopPack","reliquary:PurpleTingedLeaf","Strawberry","hubris:TinFlute","Ginger","infinitespire:WardingShard","infinitespire:ShieldingShard"],"acts_visited":["Exordium","TheCity","TheBeyond"],"potions_floor_usage":[50],"damage_taken":[{"damage":0.0,"enemies":"Jaw Worm","floor":1.0,"turns":4.0},{"damage":0.0,"enemies":"Cultist","floor":3.0,"turns":6.0},{"damage":0.0,"enemies":"2 Louse","floor":5.0,"turns":6.0},{"damage":0.0,"enemies":"Lagavulin","floor":6.0,"turns":17.0},{"damage":9.0,"enemies":"Red Slaver","floor":7.0,"turns":3.0},{"damage":5.0,"enemies":"3 Sentries","floor":8.0,"turns":16.0},{"damage":0.0,"enemies":"Large Slime","floor":10.0,"turns":12.0},{"damage":0.0,"enemies":"Exordium Wildlife","floor":11.0,"turns":11.0},{"damage":0.0,"enemies":"Exordium Thugs","floor":12.0,"turns":9.0},{"damage":6.0,"enemies":"Looter","floor":14.0,"turns":4.0},{"damage":22.0,"enemies":"The Guardian","floor":16.0,"turns":14.0},{"damage":0.0,"enemies":"Spheric Guardian","floor":18.0,"turns":7.0},{"damage":0.0,"enemies":"Chosen","floor":21.0,"turns":16.0},{"damage":0.0,"enemies":"Shelled Parasite and Fungi","floor":23.0,"turns":8.0},{"damage":52.0,"enemies":"Slavers","floor":25.0,"turns":10.0},{"damage":0.0,"enemies":"Centurion and Healer","floor":27.0,"turns":10.0},{"damage":1.0,"enemies":"Snecko","floor":28.0,"turns":10.0},{"damage":4.0,"enemies":"Shelled Parasite and Fungi","floor":30.0,"turns":9.0},{"damage":26.0,"enemies":"Cultist and Chosen","floor":31.0,"turns":8.0},{"damage":7.0,"enemies":"Champ","floor":33.0,"turns":17.0},{"damage":9.0,"enemies":"3 Shapes","floor":35.0,"turns":14.0},{"damage":5.0,"enemies":"Orb Walker","floor":39.0,"turns":3.0},{"damage":111.0,"enemies":"Reptomancer","floor":40.0,"turns":9.0},{"damage":7.0,"enemies":"4 Shapes","floor":42.0,"turns":10.0},{"damage":51.0,"enemies":"infinitespire:Three Voidlings","floor":44.0,"turns":7.0},{"damage":11.0,"enemies":"Nightmare_Alpha","floor":44.0,"turns":21.0},{"damage":23,"enemies":"Sphere and 2 Shapes","floor":45,"turns":8},{"damage":3,"enemies":"Jaw Worm Horde","floor":48,"turns":6},{"damage":37,"enemies":"Donu and Deca","floor":50,"turns":11}],"seed_played":"-463004689936713651","potions_obtained":[{"floor":1.0,"key":"Ancient Potion"},{"floor":3.0,"key":"hermit:Eclipse"},{"floor":7.0,"key":"Regen Potion"},{"floor":8.0,"key":"EssenceOfSteel"},{"floor":25.0,"key":"Explosive Potion"},{"floor":42.0,"key":"blueLaboratory:EmptyBottle"},{"floor":45,"key":"Elixir"},{"floor":48,"key":"DuplicationPotion"}],"is_trial":false,"path_per_floor":["M","$","M","?","M","E","M","E","T","M","M","M","?","M","R","B",null,"M","?","?","M","$","M","R","E","T","M","M","?","M","M","R_BF","B",null,"M","AVR","$","$","M","E","R","M","T","?","M","$","R","M","R_BF","B",null],"character_chosen":"HERMIT","items_purchased":["hermit:ShadowCloak","infinitespire:Broken Mirror","Grinning Jar","Chemical X","Crow Ritual","reliquary:SculptingSteel","Blue Doll","ReplayTheSpireMod:ShopPack","hermit:TakeAim","Replay:Wax Seal","reliquary:PurpleTingedLeaf","Sadistic Nature","infinitespire:WardingShard","infinitespire:ShieldingShard"],"campfire_rested":4,"item_purchase_floors":[2,22,22,22,22,37,37,37,38,38,38,46,46,46],"current_hp_per_floor":[75,75,75,75,75,75,66,75,75,75,75,75,75,69,75,53,75,75,75,75,75,75,75,75,23,23,47,54,54,75,64,75,75,75,66,98,98,98,93,34,68,77,77,112,94,94,114,114,114,101],"gold":135,"neow_bonus":"","is_daily":true,"chose_seed":false,"campfire_upgraded":0,"win_rate":0.0,"timestamp":1613337307,"path_taken":["M","$","M","?","M","E","M","E","T","M","M","M","?","M","R","BOSS","M","?","?","M","$","M","R","E","T","?","M","?","M","M","R_BF","BOSS","M","AVR","?","$","M","E","R","M","T","?","M","?","R","M","R_BF","BOSS"],"items_purchased_type":["Card","Relic","Relic","Relic","Card","Relic","Relic","Relic","Card","Relic","Relic","Card","Relic","Relic"],"build_version":"2020-12-22","purchased_purges":1,"victory":true,"max_hp_per_floor":[75,75,75,75,75,75,75,75,75,75,75,75,75,75,75,75,75,75,75,75,75,75,75,75,75,75,75,75,75,75,75,75,75,75,75,107,107,107,107,114,114,114,114,114,114,114,114,114,114,114],"relic_stats":{"counters":[29,286],"Juzu Bracelet":0,"Chemical X":[1],"Ginger":[6],"obtain_stats":[{"reliquary:Boomerang":8,"Tiny House":34,"infinitespire:CursedDice":25,"hermit:DentedPlate":36,"Blue Doll":37,"energizedSpire:OgreHead":17,"Juzu Bracelet":36,"Ginger":44,"infinitespire:ShieldingShard":46,"infinitespire:WardingShard":46,"infinitespire:Broken Mirror":22,"Strawberry":40,"reliquary:Stiletto":26,"reliquary:SculptingSteel":37,"Replay:Bottled Flurry":9,"Chemical X":22,"Grinning Jar":22,"Replay:Wax Seal":38,"hermit:Momento":0,"hermit:Spyglass":6,"reliquary:PurpleTingedLeaf":38,"hubris:TinFlute":43,"ReplayTheSpireMod:ShopPack":37},{"reliquary:Boomerang":6,"Tiny House":20,"infinitespire:CursedDice":15,"hermit:DentedPlate":21,"Blue Doll":21,"energizedSpire:OgreHead":11,"Juzu Bracelet":21,"Ginger":26,"infinitespire:ShieldingShard":27,"infinitespire:WardingShard":27,"infinitespire:Broken Mirror":13,"Strawberry":23,"reliquary:Stiletto":15,"reliquary:SculptingSteel":21,"Replay:Bottled Flurry":6,"Chemical X":13,"Grinning Jar":13,"Replay:Wax Seal":21,"hermit:Momento":0,"hermit:Spyglass":4,"reliquary:PurpleTingedLeaf":21,"hubris:TinFlute":24,"ReplayTheSpireMod:ShopPack":21},{"reliquary:Boomerang":52,"Tiny House":197,"infinitespire:CursedDice":143,"hermit:DentedPlate":211,"Blue Doll":211,"energizedSpire:OgreHead":102,"Juzu Bracelet":211,"Ginger":261,"infinitespire:ShieldingShard":269,"infinitespire:WardingShard":269,"infinitespire:Broken Mirror":125,"Strawberry":223,"reliquary:Stiletto":143,"reliquary:SculptingSteel":211,"Replay:Bottled Flurry":52,"Chemical X":125,"Grinning Jar":125,"Replay:Wax Seal":211,"hermit:Momento":0,"hermit:Spyglass":33,"reliquary:PurpleTingedLeaf":211,"hubris:TinFlute":233,"ReplayTheSpireMod:ShopPack":211}]},"card_choices":[{"not_picked":["hermit:Coalescence","hermit:Gestalt"],"picked":"hermit:FlashPowder","floor":0.0},{"not_picked":["hermit:ItchyTrigger","hermit:LuckOfTheDraw"],"picked":"hermit:Manifest","floor":0.0},{"not_picked":["hermit:HoleUp","hermit:Desperado"],"picked":"hermit:Misfire","floor":0.0},{"not_picked":["hermit:HighCaliber","hermit:CalledShot"],"picked":"hermit:LowProfile","floor":0.0},{"not_picked":["hermit:BodyArmor","hermit:HighCaliber"],"picked":"hermit:LoneWolf","floor":0.0},{"not_picked":["hermit:Showdown","hermit:CalledShot"],"picked":"hermit:Misfire","floor":0.0},{"not_picked":["hermit:Feint","hermit:HighCaliber"],"picked":"hermit:Vantage","floor":0.0},{"not_picked":["hermit:BigShot","hermit:Coalescence"],"picked":"hermit:Dive","floor":0.0},{"not_picked":["hermit:Snipe","hermit:Ricochet"],"picked":"hermit:GhostlyPresence","floor":0.0},{"not_picked":["hermit:LowProfile","hermit:Maintenance"],"picked":"hermit:Dive","floor":0.0},{"not_picked":["hermit:TakeCover","hermit:CalledShot"],"picked":"hermit:PistolWhip","floor":0.0},{"not_picked":["hermit:TrackingShot","hermit:Gestalt"],"picked":"hermit:Desperado","floor":0.0},{"not_picked":["hermit:HighCaliber","hermit:ItchyTrigger"],"picked":"hermit:HoleUp","floor":0.0},{"not_picked":["hermit:Horror","hermit:Vantage"],"picked":"hermit:GhostlyPresence","floor":0.0},{"not_picked":["hermit:Snipe","hermit:WideOpen"],"picked":"hermit:Manifest","floor":0.0},{"not_picked":["hermit:Virtue","hermit:Maintenance"],"picked":"hermit:Scavenge","floor":1.0},{"not_picked":["hermit:HighCaliber","hermit:Deadeye","hermit:Vantage"],"picked":"SKIP","floor":3.0},{"not_picked":["infinitespire:Oblivion","ReplayTheSpireMod:Haul"],"picked":"ReplayTheSpireMod:Chaos Vortex","floor":4.0},{"not_picked":["hermit:CalledShot","hermit:Glare","hermit:Horror"],"picked":"SKIP","floor":5.0},{"not_picked":["hermit:ItchyTrigger","hermit:Spite"],"picked":"hermit:Adapt","floor":6.0},{"not_picked":["hermit:PistolWhip","hermit:GhostlyPresence","hermit:Shortfuse"],"picked":"SKIP","floor":7.0},{"not_picked":["hermit:CalledShot","hermit:Coalescence"],"picked":"hermit:Roulette","floor":8.0},{"not_picked":["hermit:Ricochet","hermit:Roulette","hermit:Coalescence"],"picked":"SKIP","floor":10.0},{"not_picked":["hermit:Showdown","hermit:LowProfile"],"picked":"hermit:Brawl","floor":11.0},{"not_picked":["hermit:DeadMansHand","hermit:Coalescence"],"picked":"hermit:TrackingShot","floor":12.0},{"not_picked":["hermit:Roulette","hermit:Glare"],"picked":"hermit:Malice","floor":14.0},{"not_picked":["hermit:BlackWind","hermit:Gambit"],"picked":"hermit:Reprieve","floor":16.0},{"not_picked":["hermit:Manifest","hermit:Glare","hermit:TrackingShot"],"picked":"SKIP","floor":18.0},{"not_picked":["hermit:GoldenBullet","hermit:SprayPray","hermit:Manifest"],"picked":"SKIP","floor":21.0},{"not_picked":["hermit:GoldenBullet+1","hermit:Malice","hermit:Headshot"],"picked":"SKIP","floor":23.0},{"not_picked":["hermit:Showdown","hermit:WideOpen","hermit:FullyLoaded"],"picked":"SKIP","floor":25.0},{"not_picked":["hermit:SprayPray","hermit:Roulette","hermit:HighCaliber"],"picked":"SKIP","floor":27.0},{"not_picked":["hermit:BigShot","hermit:BodyArmor","hermit:Glare"],"picked":"SKIP","floor":28.0},{"not_picked":["hermit:WideOpen+1","hermit:TakeCover","hermit:CalledShot"],"picked":"SKIP","floor":30.0},{"not_picked":["hermit:Roulette","hermit:LuckOfTheDraw","hermit:Misfire"],"picked":"SKIP","floor":31.0},{"not_picked":["hermit:Reprieve","hermit:Magnum"],"picked":"hermit:OverwhelmingPower","floor":33.0},{"not_picked":["hermit:Dive","hermit:HoleUp+1","hermit:TrackingShot+1"],"picked":"SKIP","floor":35.0},{"not_picked":["ReplayUltimateDefense","Violence"],"picked":"Mayhem","floor":37.0},{"not_picked":["HandOfGreed","Enlightenment"],"picked":"ReplayTheSpireMod:Trickstab","floor":37.0},{"not_picked":["hermit:Headshot+1","hermit:Gestalt"],"picked":"hermit:Cheat","floor":39.0},{"not_picked":["hermit:Horror+1","hermit:SprayPray","hermit:Scavenge+1"],"picked":"SKIP","floor":40.0},{"not_picked":["hermit:BodyArmor","hermit:GoldenBullet"],"picked":"hermit:Deadeye+1","floor":42.0},{"not_picked":["Replay:Fractal Strike","infinitespire:SealOfDarkness+"],"picked":"infinitespire:Menacing","floor":44},{"not_picked":["hermit:Feint+1","hermit:Coalescence+1","hermit:WideOpen+1"],"picked":"SKIP","floor":45},{"not_picked":["hermit:BigShot+1","hermit:Dive","hermit:WideOpen+1"],"picked":"SKIP","floor":48}],"player_experience":368135,"relics_obtained":[{"floor":6.0,"key":"hermit:Spyglass"},{"floor":8.0,"key":"reliquary:Boomerang"},{"floor":9.0,"key":"Replay:Bottled Flurry"},{"floor":25.0,"key":"infinitespire:CursedDice"},{"floor":26.0,"key":"reliquary:Stiletto"},{"floor":40.0,"key":"Strawberry"},{"floor":43.0,"key":"hubris:TinFlute"},{"floor":44,"key":"Ginger"}],"event_choices":[{"damage_healed":0.0,"max_hp_gain":0.0,"max_hp_loss":0.0,"gold_gain":0.0,"cards_transformed":["hermit:LoneWolf"],"event_name":"Living Wall","player_choice":"Change","floor":13.0,"gold_loss":0.0,"damage_taken":0.0,"cards_obtained":["hermit:Brawl"]},{"damage_healed":0.0,"max_hp_gain":0.0,"max_hp_loss":0.0,"gold_gain":0.0,"event_name":"Vampires","player_choice":"Ignored","floor":19.0,"gold_loss":0.0,"damage_taken":0.0},{"cards_removed":["hermit:LoneWolf"],"damage_healed":0.0,"max_hp_gain":0.0,"max_hp_loss":0.0,"gold_gain":0.0,"event_name":"Designer","player_choice":"Upgrade and Remove","floor":20.0,"gold_loss":90.0,"damage_taken":0.0,"cards_upgraded":["hermit:GhostlyPresence"]},{"damage_healed":0.0,"max_hp_gain":0.0,"max_hp_loss":0.0,"gold_gain":0.0,"event_name":"Fountain of Cleansing","player_choice":"Ignored","floor":29.0,"gold_loss":0.0,"damage_taken":0.0},{"damage_healed":0,"gold_gain":0,"player_choice":"Ignored","damage_taken":0,"max_hp_gain":0,"max_hp_loss":0,"event_name":"Fountain of Cleansing","floor":44,"gold_loss":0}],"is_beta":false,"boss_relics":[{"not_picked":["hubris:VirtuousBlindfold","hubris:RunicObelisk"],"picked":"energizedSpire:OgreHead"},{"not_picked":["Snecko Heart","hermit:BartenderGlass"],"picked":"Tiny House"}],"items_purged_floors":[36],"is_endless":false,"potions_floor_spawned":[1,3,7,8,21,25,27,28,30,31,42,45,48],"ascension_level":0}}