{"host":"wri98rxht4656ll8","time":1613332587,"event":{"mods":["AchievementEnabler","BaseMod","Colored Map","Colored Powertips","Minty Spire (QoL Compilation)","Permanent Neow","StSLib"],"gold_per_floor":[117,192,212,232,232,232,261,261,261,274,274,274,199,213,213,313,313,313,313,313,313,313,313,313,313,313,313],"floor_reached":26,"language":"ENG","playtime":3449,"items_purged":["Parasite"],"score":253,"play_id":"7bdcbaa7-7597-41e9-8a24-fc9f266e0e0b","local_time":"20210214205627","is_ascension_mode":false,"campfire_choices":[{"data":"Barricade","floor":6.0,"key":"SMITH"},{"floor":8.0,"key":"REST"},{"data":"Power Through","floor":12.0,"key":"SMITH"},{"data":"Shrug It Off","floor":15.0,"key":"SMITH"},{"floor":24,"key":"REST"}],"circlet_count":0,"master_deck":["Strike_R","Strike_R","Strike_R","Strike_R","Strike_R","Defend_R","Defend_R","Defend_R","Defend_R","Bash","Barricade+1","Clumsy","Seeing Red","Power Through+1","Shrug It Off+1","Juggernaut","Rampage","Decay","Body Slam","Armaments+1"],"relics":["Burning Blood","Dead Branch","Ectoplasm","Nilry\u0027s Codex","Singing Bowl","White Beast Statue"],"acts_visited":["Exordium","TheCity"],"potions_floor_usage":[16,16,18,23,23,25],"damage_taken":[{"damage":12.0,"enemies":"Small Slimes","floor":1.0,"turns":9.0},{"damage":15.0,"enemies":"Jaw Worm","floor":3.0,"turns":4.0},{"damage":2.0,"enemies":"2 Louse","floor":4.0,"turns":4.0},{"damage":45.0,"enemies":"3 Sentries","floor":7.0,"turns":11.0},{"damage":16.0,"enemies":"Blue Slaver","floor":10.0,"turns":5.0},{"damage":16.0,"enemies":"Exordium Thugs","floor":14.0,"turns":7.0},{"damage":28,"enemies":"Slime Boss","floor":16,"turns":23},{"damage":8,"enemies":"3 Byrds","floor":18,"turns":4},{"damage":2,"enemies":"Shell Parasite","floor":20,"turns":9},{"damage":30,"enemies":"Snake Plant","floor":21,"turns":6},{"damage":16,"enemies":"Gremlin Leader","floor":23,"turns":5},{"damage":15,"enemies":"Centurion and Healer","floor":25,"turns":19}],"seed_played":"-8146037858528274770","potions_obtained":[{"floor":3.0,"key":"BlessingOfTheForge"},{"floor":10.0,"key":"SpeedPotion"},{"floor":14.0,"key":"Swift Potion"},{"floor":16,"key":"LiquidBronze"},{"floor":18,"key":"CultistPotion"},{"floor":21,"key":"ColorlessPotion"},{"floor":23,"key":"BlessingOfTheForge"}],"is_trial":false,"path_per_floor":["M","?","M","M","?","R","E","R","T","M","?","R","$","M","R","B",null,"M","?","M","M","?","E","R","M","T"],"character_chosen":"IRONCLAD","items_purchased":[],"campfire_rested":2,"item_purchase_floors":[],"current_hp_per_floor":[74,63,54,58,58,58,19,43,43,33,53,53,53,43,43,21,77,75,75,77,53,37,27,50,41,41,41],"gold":313,"neow_bonus":"THREE_RARE_CARDS","is_daily":false,"chose_seed":false,"campfire_upgraded":3,"win_rate":0.0,"timestamp":1613332587,"path_taken":["M","?","M","M","?","R","E","R","T","M","?","R","$","M","R","BOSS","M","?","?","?","?","E","R","M","T"],"items_purchased_type":[],"build_version":"2020-12-22","purchased_purges":1,"victory":false,"max_hp_per_floor":[80,80,80,80,80,80,80,80,80,80,80,80,77,77,77,77,77,77,77,77,77,77,77,77,77,77,77],"card_choices":[{"not_picked":["Offering","Limit Break"],"picked":"Barricade","floor":0.0},{"not_picked":["Rage","Sentinel","Cleave"],"picked":"SKIP","floor":1.0},{"not_picked":["Sever Soul","Heavy Blade","Perfected Strike"],"picked":"SKIP","floor":3.0},{"not_picked":["Warcry","Anger"],"picked":"Seeing Red","floor":4.0},{"not_picked":["Metallicize","Dual Wield"],"picked":"Power Through","floor":7.0},{"not_picked":["Second Wind","Warcry"],"picked":"Shrug It Off","floor":10.0},{"not_picked":["Double Tap","Dark Embrace","Iron Wave"],"picked":"SKIP","floor":14.0},{"not_picked":["Demon Form","Barricade"],"picked":"Juggernaut","floor":16},{"not_picked":["Evolve","Wild Strike+1"],"picked":"Rampage","floor":18},{"not_picked":["Clothesline+1","Anger+1","Headbutt"],"picked":"SKIP","floor":20},{"not_picked":["Pummel","Disarm","Clash"],"picked":"SKIP","floor":21},{"not_picked":["Anger","Burning Pact"],"picked":"Body Slam","floor":23},{"not_picked":["Infernal Blade+1","Evolve"],"picked":"Armaments+1","floor":25}],"player_experience":213157,"relics_obtained":[{"floor":7.0,"key":"Dead Branch"},{"floor":22,"key":"Nilry\u0027s Codex"},{"floor":23,"key":"Singing Bowl"},{"floor":26,"key":"White Beast Statue"}],"event_choices":[{"damage_healed":0.0,"max_hp_gain":0.0,"max_hp_loss":0.0,"gold_gain":75.0,"event_name":"World of Goop","player_choice":"Gather Gold","floor":2.0,"gold_loss":0.0,"damage_taken":11.0},{"damage_healed":0.0,"max_hp_gain":0.0,"max_hp_loss":0.0,"gold_gain":0.0,"event_name":"Liars Game","player_choice":"Ignored","floor":5.0,"gold_loss":0.0,"damage_taken":0.0},{"damage_healed":20.0,"max_hp_gain":0.0,"max_hp_loss":0.0,"gold_gain":0.0,"event_name":"Mushrooms","player_choice":"Healed and dodged fight","floor":11.0,"gold_loss":0.0,"damage_taken":0.0,"cards_obtained":["Parasite"]},{"damage_healed":0,"gold_gain":0,"player_choice":"Cursed","damage_taken":0,"max_hp_gain":0,"max_hp_loss":0,"event_name":"Wheel of Change","floor":19,"gold_loss":0,"cards_obtained":["Decay"]},{"damage_healed":0,"gold_gain":0,"player_choice":"Obtained Book","damage_taken":16,"max_hp_gain":0,"max_hp_loss":0,"event_name":"Cursed Tome","floor":22,"gold_loss":0}],"is_beta":false,"boss_relics":[{"not_picked":["Tiny House","Fusion Hammer"],"picked":"Ectoplasm"}],"items_purged_floors":[13],"is_endless":false,"potions_floor_spawned":[3,10,14,16,18,21,23],"ascension_level":0}}