{"host":"l7ku00cw7dmofayg","time":1613293271,"event":{"mods":["ATMod(°¢èªMod)","BaseMod","Dota2Spire","Marisa£¨ìFÓê¡¡Ä§ÀíÉ³£©","Minty Spire (QoL Compilation)","StSLib","The Invoker Mod"],"gold_per_floor":[10,10,30,30,30,30,74,74,121,121,154,168,11,34,34,164,164,185,125,40,40,40,100,100,153,153,208,58,58,58,83,83,290,290,334,350,373,436,436,644,644,751,751,751,48,48,92,289,289,289],"floor_reached":51,"language":"ZHS","playtime":2116,"items_purged":["Strike_MRS"],"score":1832,"play_id":"ffa9e79e-ed04-4c8c-9975-99ca41927a20","local_time":"20210214170111","is_ascension_mode":true,"campfire_choices":[{"data":"MillisecondPulsars","floor":6,"key":"SMITH"},{"floor":8,"key":"REST"},{"data":"DeepEcoloBomb","floor":10,"key":"SMITH"},{"data":"MaximisePower","floor":15,"key":"SMITH"},{"data":"AT_EmpoweredMortalDraw","floor":24,"key":"SMITH"},{"data":"BlazeAway","floor":30,"key":"SMITH"},{"data":"MagicChant","floor":32,"key":"SMITH"},{"data":"Mayhem","floor":41,"key":"SMITH"},{"data":"CollectingQuirk","floor":44,"key":"SMITH"},{"data":"Acceleration","floor":46,"key":"SMITH"},{"data":"CasketOfStar","floor":49,"key":"SMITH"}],"circlet_count":0,"master_deck":["AscendersBane","Strike_MRS","Defend_MRS+1","Defend_MRS","MasterSpark","UpSweep+1","MillisecondPulsars+1","AT_WindFlip","DeepEcoloBomb+1","IllusionStar","Acceleration+1","PropBag","MysteriousBeam","MaximisePower+1","EarthLightRay","AbsoluteMagnitude","AT_EmpoweredMortalDraw+1","AsteroidBelt+1","WitchOfGreed","MagicChant+1","BlazeAway+1","MachineGunSpark","AlicesGift","Acceleration+1","Robbery","ManaRampage+1","WitchOfGreed","CollectingQuirk+1","GravityBeat","CollectingQuirk+1","Mayhem+1","Acceleration+1","UltimateShortwave+1","Acceleration+1","CasketOfStar+1"],"relics":["BewitchedHakkero","AT_ATBox","Golden Idol","FossilizedHelix","AT_BellowingDragoncrestRing","Juzu Bracelet","MealTicket","AT_MortalBlade","Matryoshka","AmplifyWand","Centennial Puzzle","AT_SilvercatRing","AT_ChloranthyRing","AT_EbonyIvory","Dota2Spire:EchoSabre","Pocketwatch","Toxic Egg 2","Pen Nib","AT_SunfireAegis","HornCleat","AT_BladeRuinedKing","Dota2Spire:ShadowBlade","TheAbacus"],"acts_visited":["Exordium","TheCity","TheBeyond"],"potions_floor_usage":[11,23,25,27,33,42,42,50],"damage_taken":[{"damage":0,"enemies":"Small Slimes","floor":1,"turns":2},{"damage":14,"enemies":"Jaw Worm","floor":3,"turns":3},{"damage":24,"enemies":"Lagavulin","floor":7,"turns":7},{"damage":0,"enemies":"3 Sentries","floor":11,"turns":2},{"damage":0,"enemies":"2 Louse","floor":12,"turns":2},{"damage":0,"enemies":"Large Slime","floor":14,"turns":2},{"damage":0,"enemies":"Slime Boss","floor":16,"turns":5},{"damage":0,"enemies":"3 Byrds","floor":18,"turns":2},{"damage":0,"enemies":"Gremlin Leader","floor":23,"turns":3},{"damage":13,"enemies":"Book of Stabbing","floor":25,"turns":3},{"damage":0,"enemies":"Gremlin Leader","floor":27,"turns":3},{"damage":0,"enemies":"Spheric Guardian","floor":31,"turns":2},{"damage":0,"enemies":"Automaton","floor":33,"turns":6},{"damage":0,"enemies":"3 Shapes","floor":35,"turns":2},{"damage":0,"enemies":"Orb Walker","floor":36,"turns":2},{"damage":11,"enemies":"4 Shapes","floor":37,"turns":2},{"damage":0,"enemies":"Mind Bloom Boss Battle","floor":38,"turns":3},{"damage":0,"enemies":"Reptomancer","floor":40,"turns":2},{"damage":0,"enemies":"Giant Head","floor":42,"turns":4},{"damage":0,"enemies":"Writhing Mass","floor":47,"turns":3},{"damage":0,"enemies":"Spire Growth","floor":48,"turns":2},{"damage":0,"enemies":"Awakened One","floor":50,"turns":3}],"seed_played":"-7894297746199818980","potions_obtained":[{"floor":3,"key":"Block Potion"},{"floor":12,"key":"ShroomBrew"},{"floor":14,"key":"GamblersBrew"},{"floor":16,"key":"Energy Potion"},{"floor":23,"key":"ColorlessPotion"},{"floor":25,"key":"SkillPotion"},{"floor":27,"key":"BlessingOfTheForge"},{"floor":33,"key":"Dexterity Potion"},{"floor":33,"key":"Block Potion"},{"floor":35,"key":"Strength Potion"},{"floor":42,"key":"SpeedPotion"},{"floor":42,"key":"Weak Potion"},{"floor":47,"key":"Strength Potion"}],"is_trial":false,"path_per_floor":["M","?","M","?","?","R","E","R","T","R","E","M","$","M","R","B",null,"M","?","?","?","?","E","R","E","T","E","$","?","R","M","R","B",null,"M","M","M","?","?","E","R","E","T","R","$","R","M","M","R","B",null],"character_chosen":"MARISA","items_purchased":["MaximisePower","Dota2Spire:EchoSabre","AT_BladeRuinedKing","Dota2Spire:ShadowBlade","TheAbacus","UltimateShortwave+1","Acceleration+1"],"campfire_rested":1,"item_purchase_floors":[13,28,45,45,45,45,45],"current_hp_per_floor":[68,68,54,54,40,40,16,36,36,36,36,36,51,51,51,55,66,66,66,66,66,66,69,69,60,60,64,69,69,69,69,69,69,69,69,69,58,58,58,58,58,62,62,62,69,69,69,69,69,69],"gold":289,"neow_bonus":"THREE_RARE_CARDS","is_daily":false,"chose_seed":false,"campfire_upgraded":10,"win_rate":0.0,"timestamp":1613293271,"path_taken":["M","?","M","?","?","R","E","R","T","R","E","M","$","M","R","BOSS","M","?","?","?","?","E","R","E","T","E","$","?","R","M","R","BOSS","M","M","M","?","?","E","R","E","T","R","$","R","M","M","R","BOSS"],"items_purchased_type":["Card","Relic","Relic","Relic","Relic","Card","Card"],"build_version":"2020-12-22","purchased_purges":1,"victory":true,"max_hp_per_floor":[75,69,69,69,69,69,69,69,69,69,69,69,69,69,69,69,69,69,69,69,69,69,69,69,69,69,69,69,69,69,69,69,69,69,69,69,69,69,69,69,69,69,69,69,69,69,69,69,69,69],"card_choices":[{"not_picked":["BigCrunch","AbsoluteMagnitude"],"picked":"MillisecondPulsars","floor":0},{"not_picked":["IllusionStar","EventHorizon"],"picked":"DeepEcoloBomb","floor":1},{"not_picked":["LuminesStrike","SporeBomb"],"picked":"IllusionStar","floor":3},{"not_picked":["RefractionSpark","AsteroidBelt"],"picked":"Acceleration","floor":7},{"not_picked":["WitchOfGreed","Occultation"],"picked":"PropBag","floor":11},{"not_picked":["WitchLeyline","SprinkleStarSeal"],"picked":"MysteriousBeam","floor":12},{"not_picked":["MilkyWay","GasGiant"],"picked":"EarthLightRay","floor":14},{"not_picked":["BigCrunch","MillisecondPulsars"],"picked":"AbsoluteMagnitude","floor":16},{"not_picked":["SporeBomb","WitchLeyline"],"picked":"AsteroidBelt+1","floor":18},{"not_picked":["EarthLightRay+1","DoubleSpark"],"picked":"Acceleration+1","floor":23},{"not_picked":["ShootingEcho","NonDirectionalLaser"],"picked":"Robbery","floor":25},{"not_picked":["EnergyRecoil","MachineGunSpark"],"picked":"ManaRampage","floor":27},{"not_picked":["DC+1","MysteriousBeam"],"picked":"WitchOfGreed","floor":31},{"not_picked":["FinalSpark","ManaRampage"],"picked":"CollectingQuirk","floor":33},{"not_picked":["ShootingEcho","GrandCross"],"picked":"GravityBeat","floor":35},{"not_picked":["IllusionStar","Acceleration+1"],"picked":"CollectingQuirk","floor":36},{"not_picked":["ChargeUpSpray","ShootingEcho","GravityBeat"],"picked":"SKIP","floor":37},{"not_picked":["Magnetism","Panache"],"picked":"Mayhem","floor":39},{"not_picked":["MagicChant+1","6A"],"picked":"Acceleration+1","floor":40},{"not_picked":["ShootingEcho","MysteriousBeam+1","DC"],"picked":"SKIP","floor":42},{"not_picked":["RefractionSpark","Singularity+1","GrandCross+1"],"picked":"SKIP","floor":47},{"not_picked":["MagicChant+1","MysteriousBeam"],"picked":"CasketOfStar","floor":48}],"player_experience":52384,"relics_obtained":[{"floor":7,"key":"AT_BellowingDragoncrestRing"},{"floor":9,"key":"Juzu Bracelet"},{"floor":11,"key":"MealTicket"},{"floor":23,"key":"AmplifyWand"},{"floor":25,"key":"Centennial Puzzle"},{"floor":26,"key":"AT_SilvercatRing"},{"floor":26,"key":"AT_ChloranthyRing"},{"floor":27,"key":"AT_EbonyIvory"},{"floor":38,"key":"Pocketwatch"},{"floor":40,"key":"Toxic Egg 2"},{"floor":42,"key":"Pen Nib"},{"floor":43,"key":"AT_SunfireAegis"},{"floor":43,"key":"HornCleat"}],"event_choices":[{"damage_healed":0,"gold_gain":0,"player_choice":"Lose Max HP","damage_taken":0,"relics_obtained":["Golden Idol"],"max_hp_gain":0,"max_hp_loss":6,"event_name":"Golden Idol","floor":2,"gold_loss":0},{"damage_healed":0,"gold_gain":0,"player_choice":"Box","damage_taken":0,"relics_obtained":["FossilizedHelix"],"max_hp_gain":0,"max_hp_loss":0,"event_name":"Big Fish","floor":4,"gold_loss":0,"cards_obtained":["Regret"]},{"damage_healed":0,"gold_gain":0,"player_choice":"Entered Light","damage_taken":14,"max_hp_gain":0,"max_hp_loss":0,"event_name":"Shining Light","floor":5,"gold_loss":0,"cards_upgraded":["Defend_MRS","UpSweep"]},{"damage_healed":0,"gold_gain":0,"cards_transformed":["Strike_MRS","Defend_MRS"],"player_choice":"Transformed Cards","damage_taken":0,"max_hp_gain":0,"max_hp_loss":0,"event_name":"Designer","floor":19,"gold_loss":60,"cards_obtained":["WitchOfGreed","MagicChant"]},{"damage_healed":0,"gold_gain":0,"player_choice":"Obtained Relic","damage_taken":0,"relics_obtained":["Matryoshka"],"max_hp_gain":0,"max_hp_loss":0,"event_name":"Addict","floor":20,"gold_loss":85},{"damage_healed":0,"gold_gain":0,"player_choice":"Read","damage_taken":0,"max_hp_gain":0,"max_hp_loss":0,"event_name":"The Library","floor":21,"gold_loss":0,"cards_obtained":["BlazeAway"]},{"damage_healed":0,"gold_gain":0,"cards_transformed":["Strike_MRS","Defend_MRS"],"player_choice":"Became Test Subject","damage_taken":0,"max_hp_gain":0,"max_hp_loss":0,"event_name":"Drug Dealer","floor":22,"gold_loss":0,"cards_obtained":["MachineGunSpark","AlicesGift"]},{"cards_removed":["Regret"],"damage_healed":0,"gold_gain":0,"player_choice":"Removed Curses","damage_taken":0,"max_hp_gain":0,"max_hp_loss":0,"event_name":"Fountain of Cleansing","floor":29,"gold_loss":0},{"damage_healed":0,"gold_gain":0,"player_choice":"Fight","damage_taken":0,"max_hp_gain":0,"max_hp_loss":0,"event_name":"MindBloom","floor":38,"gold_loss":0},{"damage_healed":0,"gold_gain":0,"player_choice":"Memory 1","damage_taken":0,"max_hp_gain":0,"max_hp_loss":0,"event_name":"SensoryStone","floor":39,"gold_loss":0}],"is_beta":false,"boss_relics":[{"not_picked":["SlaversCollar","Cursed Key"],"picked":"AT_MortalBlade"},{"not_picked":["Runic Dome","Fusion Hammer"],"picked":"BewitchedHakkero"}],"items_purged_floors":[45],"is_endless":false,"potions_floor_spawned":[3,12,14,16,31,33,35,38,42,47],"ascension_level":12}}