{"host":"0xtpc43j5kblke7u","time":1613282510,"event":{"mods":["AchievementEnabler","BaseMod","Colored Map","Highlight Path","Minty Spire (QoL Compilation)"],"gold_per_floor":[111,36,111,111,130,164,164,164,164,195,214,224,84,7,7,112,112,80,3,13,33,53,53,65,65,138,168,168,168,183,183,183],"floor_reached":31,"language":"ENG","playtime":3170,"items_purged":["Strike_G"],"score":398,"play_id":"26b8d8e8-04fd-470e-990e-a7f29a84924c","local_time":"20210214010150","is_ascension_mode":true,"campfire_choices":[{"floor":7.0,"key":"REST"},{"data":"Blind","floor":15.0,"key":"SMITH"},{"floor":23,"key":"REST"},{"floor":25,"key":"REST"},{"data":"Cloak And Dagger","floor":29,"key":"SMITH"}],"circlet_count":0,"master_deck":["AscendersBane","Strike_G","Strike_G","Strike_G","Strike_G","Defend_G","Defend_G","Defend_G","Defend_G","Defend_G","Survivor","Neutralize","Blind+1","Deadly Poison","Cloak And Dagger+1","Choke","Flying Knee","Footwork","Quick Slash","Leg Sweep","Glass Knife","Slice+1","Blur","Outmaneuver","Cloak And Dagger","Backflip"],"relics":["Ring of the Snake","Regal Pillow","Paper Crane","HornCleat","Meat on the Bone","WristBlade","StrikeDummy","Bag of Marbles"],"acts_visited":["Exordium","TheCity"],"potions_floor_usage":[27,30],"damage_taken":[{"damage":1.0,"enemies":"Jaw Worm","floor":1.0,"turns":4.0},{"damage":8.0,"enemies":"Small Slimes","floor":5.0,"turns":5.0},{"damage":40.0,"enemies":"3 Sentries","floor":6.0,"turns":16.0},{"damage":3.0,"enemies":"Gremlin Nob","floor":10.0,"turns":5.0},{"damage":0.0,"enemies":"Cultist","floor":11.0,"turns":3.0},{"damage":0.0,"enemies":"Blue Slaver","floor":12.0,"turns":4.0},{"damage":42.0,"enemies":"Hexaghost","floor":16.0,"turns":18.0},{"damage":11.0,"enemies":"2 Thieves","floor":18.0,"turns":5.0},{"damage":20.0,"enemies":"Shell Parasite","floor":20.0,"turns":6.0},{"damage":10.0,"enemies":"Shelled Parasite and Fungi","floor":21.0,"turns":8.0},{"damage":40,"enemies":"3 Cultists","floor":22,"turns":9},{"damage":14,"enemies":"Centurion and Healer","floor":24,"turns":7},{"damage":37,"enemies":"Slavers","floor":27,"turns":7},{"damage":7,"enemies":"Shelled Parasite and Fungi","floor":30,"turns":5},{"damage":45,"enemies":"3 Cultists","floor":31,"turns":7}],"seed_played":"6273604879060854003","potions_obtained":[{"floor":5.0,"key":"DuplicationPotion"},{"floor":8.0,"key":"EssenceOfSteel"},{"floor":8.0,"key":"EssenceOfSteel"},{"floor":8.0,"key":"CultistPotion"},{"floor":11.0,"key":"Block Potion"},{"floor":12.0,"key":"Regen Potion"},{"floor":24,"key":"Swift Potion"},{"floor":27,"key":"ColorlessPotion"}],"is_trial":false,"path_per_floor":["M","$","?","?","M","E","R","?","T","E","M","M","?","$","R","B",null,"M","$","M","M","M","R","M","R","T","E","?","R","M","M"],"character_chosen":"THE_SILENT","items_purchased":["Leg Sweep","Blur"],"campfire_rested":3,"item_purchase_floors":[14,19],"current_hp_per_floor":[62,62,51,56,48,8,45,45,45,42,42,42,42,42,42,27,63,52,52,44,46,18,55,41,75,75,38,38,38,43,0,0],"gold":183,"neow_bonus":"RANDOM_COLORLESS","is_daily":false,"chose_seed":false,"campfire_upgraded":2,"win_rate":0.0,"timestamp":1613282510,"path_taken":["M","$","?","?","M","E","R","?","T","E","?","M","?","$","R","BOSS","M","$","M","M","M","R","?","R","T","E","?","R","M","?"],"items_purchased_type":["Card","Card"],"build_version":"2020-12-22","purchased_purges":1,"victory":false,"max_hp_per_floor":[70,70,70,75,75,75,75,75,75,75,75,75,75,75,75,75,75,75,75,75,75,75,75,75,75,75,75,75,75,75,75,75],"card_choices":[{"not_picked":["Trip","PanicButton"],"picked":"Blind","floor":0.0},{"not_picked":["Endless Agony","Underhanded Strike"],"picked":"Deadly Poison","floor":1.0},{"not_picked":["Tactician","Finisher"],"picked":"Cloak And Dagger","floor":5.0},{"not_picked":["Sucker Punch","Tactician"],"picked":"Choke","floor":6.0},{"not_picked":["Underhanded Strike","Tools of the Trade"],"picked":"Flying Knee","floor":10.0},{"not_picked":["Infinite Blades","Finisher"],"picked":"Footwork","floor":11.0},{"not_picked":["Endless Agony","Prepared"],"picked":"Quick Slash","floor":12.0},{"not_picked":["Burst","Storm of Steel"],"picked":"Glass Knife","floor":16.0},{"not_picked":["Skewer+1","Riddle With Holes"],"picked":"Slice+1","floor":18.0},{"not_picked":["Concentrate+1","Acrobatics","Bouncing Flask+1"],"picked":"SKIP","floor":20.0},{"not_picked":["Flying Knee","Sucker Punch"],"picked":"Outmaneuver","floor":21.0},{"not_picked":["PiercingWail+1","Deadly Poison"],"picked":"Cloak And Dagger","floor":22},{"not_picked":["Blur","Leg Sweep","Sucker Punch"],"picked":"SKIP","floor":24},{"not_picked":["Calculated Gamble","All Out Attack","Finisher"],"picked":"SKIP","floor":27},{"not_picked":["Reflex","Unload"],"picked":"Backflip","floor":30}],"player_experience":674203,"relics_obtained":[{"floor":6.0,"key":"Regal Pillow"},{"floor":9.0,"key":"Paper Crane"},{"floor":10.0,"key":"HornCleat"},{"floor":26,"key":"StrikeDummy"},{"floor":27,"key":"Bag of Marbles"}],"event_choices":[{"damage_healed":0.0,"max_hp_gain":0.0,"max_hp_loss":0.0,"gold_gain":75.0,"event_name":"World of Goop","player_choice":"Gather Gold","floor":3.0,"gold_loss":0.0,"damage_taken":11.0},{"damage_healed":0.0,"max_hp_gain":5.0,"max_hp_loss":0.0,"gold_gain":0.0,"event_name":"Big Fish","player_choice":"Donut","floor":4.0,"gold_loss":0.0,"damage_taken":0.0},{"damage_healed":0.0,"max_hp_gain":0.0,"max_hp_loss":0.0,"gold_gain":0.0,"event_name":"Lab","player_choice":"Got Potions","floor":8.0,"gold_loss":0.0,"damage_taken":0.0},{"damage_healed":0.0,"max_hp_gain":0.0,"max_hp_loss":0.0,"gold_gain":0.0,"event_name":"WeMeetAgain","player_choice":"Paid Gold","floor":13.0,"gold_loss":140.0,"damage_taken":0.0,"relics_obtained":["Meat on the Bone"]},{"damage_healed":0,"gold_gain":0,"player_choice":"0 cards matched","damage_taken":0,"max_hp_gain":0,"max_hp_loss":0,"event_name":"Match and Keep!","floor":28,"gold_loss":0,"cards_obtained":[]}],"is_beta":false,"boss_relics":[{"not_picked":["Fusion Hammer","Coffee Dripper"],"picked":"WristBlade"}],"items_purged_floors":[2],"is_endless":false,"potions_floor_spawned":[5,11,12,24,27],"killed_by":"3 Cultists","ascension_level":10}}