{"host":"bg0cyinkrjnqf173","time":1613275417,"event":{"mods":["Aspiration","BaseMod","Beaked The Cultist","Better Third Choice","BetterRewards","Colored Map","Conspire","Custom Start","Defuse TimeMaze Blight","Displayed Cursed Tome","Googly Eyes","Halation","Hermit","Hubris","Infinite Spire","Jedi Mod","Minty Spire (QoL Compilation)","Permanent Neow","Quick Restart","Rare Cards Sparkle","Relic Sorter","Reliquary","Replay The Spire","Shop Mod","Spicy Shops","Spikes Relics","StSLib","The Bladedancer","The Construct","The Valiant","Uncapped"],"gold_per_floor":[212,212,212,63,80,80,110,110,155,185,185,197,114,114,114,213,213,225,240,255,268,278,313,323,349,372,372,372,387,134,146,146,241,241,261,42,54,102,102,128,128,154,208,208,208,228,261,276,276,378,378,380,375,367,25,25,25,28,28,28,32,32,33,33,33,33,102,102,104,104,153,150,138,138,153,141,141,128,128,128,122,118,118,180,180,163,163,163,152,95,95,94,94,94,94,79,46,43,80,80,180,180,197,213,213,213,229,229,248,248,324,324,324,248,273,290,290,386,386,401,401,401,401,413,443,443,471,471,471,482,400,400,315,315,413,413,431,189,189,208,208,237,237,237,288,288,299,299,364,398,398,495,495,495,347,378,475],"floor_reached":158,"language":"ENG","playtime":8756,"items_purged":["construct:QuickAttack+1","construct:Defend_Gold"],"score":5828,"play_id":"ae9eb5ea-1082-4651-a3e1-40b39db873e1","local_time":"20210213230337","is_ascension_mode":true,"campfire_choices":[{"data":"construct:Autoturret","floor":6.0,"key":"SMITH"},{"data":"construct:Autoturret+1","floor":8.0,"key":"SMITH"},{"data":"construct:DefenseMode","floor":11.0,"key":"SMITH"},{"data":"construct:DefenseMode+1","floor":15.0,"key":"SMITH"},{"data":"construct:FlakBarrage","floor":28.0,"key":"SMITH"},{"data":"construct:Zapper","floor":32.0,"key":"SMITH"},{"data":"construct:Enhance+1","floor":44.0,"key":"SMITH"},{"data":"construct:Enhance+1","floor":49,"key":"SMITH"},{"data":"construct:Enhance+1","floor":57,"key":"SMITH"},{"data":"construct:ScopeCore","floor":59,"key":"SMITH"},{"data":"construct:ScopeCore+1","floor":62,"key":"SMITH"},{"data":"construct:Autoturret","floor":66,"key":"SMITH"},{"data":"construct:FlameCore+1","floor":80,"key":"SMITH"},{"data":"construct:Forcefield+1","floor":83,"key":"SMITH"},{"data":"infinitespire:NeuralNetwork","floor":91,"key":"SMITH"},{"data":"construct:BatteryCore","floor":95,"key":"SMITH"},{"data":"construct:GuardCore+1","floor":100,"key":"SMITH"},{"data":"construct:ShieldBurst","floor":108,"key":"SMITH"},{"data":"construct:BatteryCore+1","floor":110,"key":"SMITH"},{"data":"construct:ReactiveShield","floor":112,"key":"SMITH"},{"data":"construct:LaserCore","floor":117,"key":"SMITH"},{"data":"construct:Enhance","floor":126,"key":"SMITH"},{"data":"construct:Enhance+1","floor":132,"key":"SMITH"},{"data":"construct:GuardCore","floor":134,"key":"SMITH"},{"data":"construct:FlameCore","floor":144,"key":"SMITH"},{"data":"construct:Strike_Gold","floor":146,"key":"SMITH"},{"data":"construct:LaserCore+1","floor":151,"key":"SMITH"},{"data":"construct:LaserCore+1","floor":154,"key":"SMITH"}],"circlet_count":0,"master_deck":["construct:Strike_Gold+1","construct:Strike_Gold+2","construct:Strike_Gold","construct:Strike_Gold","construct:Defend_Gold","construct:Defend_Gold","construct:Defend_Gold","construct:Defend_Gold","construct:DefenseMode+2","construct:Autoturret+2","construct:Autoturret+1","construct:Reinforce","construct:ReactiveShield+1","construct:Forcefield","construct:FlakBarrage+1","construct:Reinforce+1","CurseOfTheBell","construct:ScopeCore+2","construct:Enhance+2","infinitespire:Fortify","construct:Enhance+2","construct:ShieldGenerator","construct:BatteryCore+2","construct:FlameCore+1","construct:FlameCore+2","construct:Forcefield+2","construct:Autoturret","construct:Synchronize+1","construct:BatteryCore+2","construct:ShiftGuard","infinitespire:NeuralNetwork+1","construct:GuardCore","construct:Forcefield+1","construct:GuardCore+1","construct:GuardCore+2","construct:ShieldBurst+1","construct:Enhance+2","construct:LaserCore+2","construct:GuardCore","construct:Strike_Gold","construct:Strike_Gold+2","construct:Strike_Gold","construct:Strike_Gold","construct:Strike_Gold","construct:Defend_Gold","construct:Defend_Gold","construct:Defend_Gold","construct:Defend_Gold","construct:DefenseMode+2","construct:Autoturret+2","construct:Autoturret+1","construct:Reinforce","construct:ReactiveShield+1","construct:Forcefield","construct:FlakBarrage+1","construct:Reinforce+1","CurseOfTheBell","construct:ScopeCore+2","construct:Enhance+2","infinitespire:Fortify","construct:Enhance+2","construct:ShieldGenerator","construct:BatteryCore+2","construct:FlameCore","construct:FlameCore+2","construct:Forcefield+2","construct:Autoturret","construct:Synchronize+1","construct:BatteryCore+2","construct:ShiftGuard","infinitespire:NeuralNetwork+1","construct:GuardCore","construct:Forcefield+1","construct:GuardCore+1","construct:GuardCore+2","construct:ShieldBurst+1","construct:Enhance+2","construct:LaserCore+2","construct:GuardCore","construct:ShiftGuard+1"],"relics":["construct:ClockworkPhoenix","halation:TrafficLight","jedi:firstaidkit","Happy Flower","reliquary:TridentHead","Replay:Bottled Flurry","Sozu","ReplayFunnel","ReplayTheSpireMod:Shallot","conspire:BottledYoYo","Calling Bell","reliquary:Boomerang","Rawhide","Ice Cream","Prayer Wheel","hubris:MysteriousPyramids","hubris:Icosahedron","reliquary:WritOfMandamus","InkBottle","MerchantsRug","Lizard Tail","hubris:ClockworkCow","Replay:Ringing Soul","conspire:RunicOctahedron","Bottled Lightning","hubris:SlimyHat","PreservedInsect","hubris:TerracottaHorce","Bag of Preparation","jedi:crownofsimplicity","hubris:EvacipatedBox","Chameleon Ring","conspire:RoyalGoblet","reliquary:SilkGlove","reliquary:TuningFork","hubris:FunFungus","aspiration:Lifesprig","Oddly Smooth Stone","construct:MegaBattery","FossilizedHelix","Akabeko","Pen Nib","Blue Doll","Black Star","Frozen Eye","reliquary:RosewoodLute","halation:PrussianBluePaint"],"acts_visited":["Exordium","TheCity","TheBeyond","Exordium","TheCity","TheBeyond","Exordium","TheCity","TheBeyond","TheEnding"],"potions_floor_usage":[],"damage_taken":[{"damage":1.0,"enemies":"Jaw Worm","floor":1.0,"turns":4.0},{"damage":0.0,"enemies":"Cultist","floor":5.0,"turns":13.0},{"damage":20.0,"enemies":"3 Sentries","floor":7.0,"turns":17.0},{"damage":0.0,"enemies":"Lagavulin","floor":10.0,"turns":10.0},{"damage":5.0,"enemies":"Small Slimes","floor":12.0,"turns":4.0},{"damage":49.0,"enemies":"Hexaghost","floor":16.0,"turns":11.0},{"damage":35.0,"enemies":"3 Byrds","floor":18.0,"turns":6.0},{"damage":0.0,"enemies":"Spheric Guardian","floor":19.0,"turns":8.0},{"damage":71.0,"enemies":"Cultist and Chosen","floor":20.0,"turns":11.0},{"damage":15.0,"enemies":"3 Cultists","floor":21.0,"turns":10.0},{"damage":22.0,"enemies":"Centurion and Healer","floor":22.0,"turns":9.0},{"damage":6.0,"enemies":"Nightmare","floor":23.0,"turns":14.0},{"damage":17.0,"enemies":"Cultist and Chosen","floor":24.0,"turns":7.0},{"damage":4.0,"enemies":"conspire:Head Lice","floor":25.0,"turns":6.0},{"damage":12.0,"enemies":"Snecko","floor":29.0,"turns":8.0},{"damage":12.0,"enemies":"Centurion and Healer","floor":31.0,"turns":11.0},{"damage":0.0,"enemies":"Champ","floor":33.0,"turns":13.0},{"damage":24.0,"enemies":"3 Darklings","floor":35.0,"turns":9.0},{"damage":38.0,"enemies":"Orb Walker","floor":37.0,"turns":8.0},{"damage":43.0,"enemies":"2 Orb Walkers","floor":38.0,"turns":9.0},{"damage":0.0,"enemies":"Giant Head","floor":40.0,"turns":14.0},{"damage":12.0,"enemies":"beaked:SuperParasite","floor":42.0,"turns":11.0},{"damage":0,"enemies":"Sphere and 2 Shapes","floor":46,"turns":7},{"damage":2,"enemies":"Nemesis","floor":47,"turns":13},{"damage":12,"enemies":"Spire Growth","floor":48,"turns":7},{"damage":0,"enemies":"hubris:GrandSnecko","floor":50,"turns":2},{"damage":0,"enemies":"Jaw Worm","floor":52,"turns":3},{"damage":24,"enemies":"2 Louse","floor":53,"turns":6},{"damage":8,"enemies":"Cultist","floor":54,"turns":5},{"damage":28,"enemies":"3 Sentries","floor":58,"turns":7},{"damage":11,"enemies":"Gremlin Nob","floor":61,"turns":6},{"damage":6,"enemies":"3 Sentries","floor":63,"turns":6},{"damage":31,"enemies":"Slime Boss","floor":67,"turns":12},{"damage":54,"enemies":"2 Thieves","floor":69,"turns":4},{"damage":0,"enemies":"Chosen","floor":72,"turns":8},{"damage":43,"enemies":"Shelled Parasite and Fungi","floor":73,"turns":7},{"damage":0,"enemies":"Snake Plant","floor":75,"turns":1},{"damage":0,"enemies":"3 Cultists","floor":76,"turns":5},{"damage":0,"enemies":"Centurion and Healer","floor":78,"turns":4},{"damage":0,"enemies":"Sentry and Sphere","floor":81,"turns":5},{"damage":0,"enemies":"conspire:SneckoGhost","floor":82,"turns":8},{"damage":0,"enemies":"Champ","floor":84,"turns":7},{"damage":0,"enemies":"Orb Walker","floor":86,"turns":5},{"damage":0,"enemies":"3 Shapes","floor":89,"turns":3},{"damage":0,"enemies":"Giant Head","floor":92,"turns":4},{"damage":0,"enemies":"Jaw Worm Horde","floor":96,"turns":4},{"damage":0,"enemies":"Transient","floor":97,"turns":5},{"damage":0,"enemies":"Sphere and 2 Shapes","floor":98,"turns":3},{"damage":24,"enemies":"Awakened One","floor":101,"turns":6},{"damage":0,"enemies":"Cultist","floor":103,"turns":2},{"damage":0,"enemies":"2 Louse","floor":104,"turns":1},{"damage":0,"enemies":"Jaw Worm","floor":107,"turns":2},{"damage":0,"enemies":"Red Slaver","floor":109,"turns":1},{"damage":0,"enemies":"Lagavulin","floor":115,"turns":3},{"damage":0,"enemies":"Exordium Wildlife","floor":116,"turns":1},{"damage":0,"enemies":"Hexaghost","floor":118,"turns":4},{"damage":0,"enemies":"Spheric Guardian","floor":120,"turns":2},{"damage":0,"enemies":"Chosen","floor":124,"turns":3},{"damage":0,"enemies":"Book of Stabbing","floor":125,"turns":3},{"damage":0,"enemies":"Gremlin Leader","floor":127,"turns":1},{"damage":0,"enemies":"Shelled Parasite and Fungi","floor":129,"turns":1},{"damage":0,"enemies":"Sentry and Sphere","floor":130,"turns":1},{"damage":0,"enemies":"Automaton","floor":135,"turns":4},{"damage":0,"enemies":"3 Shapes","floor":137,"turns":5},{"damage":0,"enemies":"3 Darklings","floor":140,"turns":4},{"damage":0,"enemies":"Nemesis","floor":142,"turns":3},{"damage":0,"enemies":"Sphere and 2 Shapes","floor":147,"turns":5},{"damage":0,"enemies":"Reptomancer","floor":150,"turns":6},{"damage":0,"enemies":"hubris:GrandSnecko","floor":152,"turns":5},{"damage":0,"enemies":"Shield and Spear","floor":156,"turns":1},{"damage":77,"enemies":"The Heart","floor":157,"turns":9}],"seed_played":"-8364565831814718245","potions_obtained":[{"floor":7.0,"key":"Milkshake"},{"floor":12.0,"key":"LiquidMemories"}],"is_trial":false,"path_per_floor":["M","?","?","$","M","R","E","R","T","E","R","M","$","T","R","B",null,"M","M","M","M","M","NM","M","E","T","T","R","M","$","M","R","B",null,"M","$","M","?","?","E","?","E","T","R","AVR","M","E","M","R","B",null,"M","M","M","$","?","R","E","R","T","E","R","E","?","?","R","B",null,"M","?","$","M","M","E","M","M","T","M","?","R","M","E","R","B",null,"M","AVR","$","M","$","R","E","?","T","R","M","M","M","$","R","B",null,"M","M","?","$","M","R","M","R","T","R","?","$","E","M","R","B",null,"M","$","?","?","M","E","R","E","T","M","M","$","R","?","R","B",null,"M","$","?","M","AVR","E","?","R","T","R","M","?","$","E","R","B",null,"R","$","E","B",null],"character_chosen":"THE_CONSTRUCT_MOD","items_purchased":["construct:Autoturret","construct:ModeShift","hubris:Zylophone","conspire:BottledYoYo","construct:ScopeCore","DollysMirror","MerchantsRug","halation:TrafficLight","Bag of Preparation","jedi:crownofsimplicity","hubris:EvacipatedBox","construct:GuardCore","construct:LaserCore","construct:GuardCore","construct:MegaBattery","Frozen Eye"],"campfire_rested":0,"item_purchase_floors":[4,4,13,30,36,36,55,55,88,88,88,90,114,131,138,155],"current_hp_per_floor":[84,84,84,84,85,85,65,65,65,71,71,73,73,73,73,85,85,85,85,57,79,85,85,80,85,85,85,85,76,76,82,82,85,85,85,85,56,52,52,64,64,72,72,72,72,84,83,84,84,84,85,85,81,81,81,81,81,61,61,61,53,53,59,59,62,62,37,91,44,44,44,47,28,28,31,31,31,34,34,34,34,37,37,40,90,93,96,57,60,63,63,63,63,63,63,66,69,69,69,69,51,106,109,109,109,109,109,109,109,109,109,109,109,112,112,112,112,112,126,126,126,126,126,126,126,126,126,126,126,126,129,129,129,129,129,132,133,133,136,136,136,136,136,136,136,136,136,136,136,136,136,136,136,136,136,139,65],"gold":475,"neow_bonus":"HUNDRED_GOLD","is_daily":false,"chose_seed":false,"campfire_upgraded":28,"win_rate":0.0,"timestamp":1613275417,"path_taken":["M","?","?","$","M","R","E","R","T","E","R","?","$","?","R","BOSS","M","M","?","M","M","NM","?","E","T","?","R","M","$","M","R","BOSS","M","$","M","?","?","E","?","E","T","R","AVR","M","E","?","R","BOSS","M","M","M","$","?","R","E","R","T","E","R","E","?","?","R","BOSS","M","?","$","M","M","E","M","M","T","?","?","R","M","E","R","BOSS","M","AVR","?","M","$","R","E","?","T","R","M","M","M","$","R","BOSS","M","?","?","$","?","R","M","R","T","R","?","$","E","M","R","BOSS","M","$","?","?","M","E","R","E","T","M","M","$","R","?","R","BOSS","M","$","?","?","AVR","E","?","R","T","R","M","?","?","E","R","BOSS","R","$","E","BOSS"],"items_purchased_type":["Card","Card","Relic","Relic","Card","Relic","Relic","Relic","Relic","Relic","Relic","Card","Card","Card","Relic","Relic"],"build_version":"2020-12-22","purchased_purges":2,"victory":true,"max_hp_per_floor":[85,85,85,85,85,85,85,85,85,85,85,85,85,85,85,85,85,85,85,85,85,85,85,85,85,85,85,85,85,85,85,85,85,85,85,85,85,85,85,85,85,85,85,85,85,85,85,85,85,85,85,85,85,85,85,85,85,85,85,85,85,85,85,85,88,88,91,91,91,91,91,94,94,94,97,97,97,100,100,100,100,103,103,106,106,109,112,112,115,118,118,118,118,118,118,121,121,121,121,121,124,124,127,127,127,127,127,127,127,127,127,127,127,130,130,130,130,130,130,130,130,130,130,130,130,130,130,130,130,130,133,133,133,133,133,133,133,133,136,136,136,136,136,136,136,136,136,136,136,136,136,136,136,136,136,139,139],"card_choices":[{"not_picked":["construct:VentSteam","construct:ScrapCannon"],"picked":"construct:Backfire","floor":1.0},{"not_picked":["construct:Analyze","construct:HardReboot"],"picked":"construct:Zapper","floor":5.0},{"not_picked":["construct:FocusedBeam","construct:Bunker"],"picked":"construct:Autoturret","floor":7.0},{"not_picked":["construct:VentSteam","construct:SaveState"],"picked":"construct:Reinforce","floor":10.0},{"not_picked":["construct:HardReboot","construct:SyphonStrike","construct:Disrupt"],"picked":"SKIP","floor":12.0},{"not_picked":["construct:SaveState+1","construct:HeavyBolt+1","construct:FlakBarrage+1"],"picked":"SKIP","floor":18.0},{"not_picked":["construct:ScrapCannon","construct:FierceBash"],"picked":"construct:ReactiveShield","floor":19.0},{"not_picked":["construct:ReactiveShield+1","construct:QuickAttack"],"picked":"construct:Forcefield","floor":20.0},{"not_picked":["construct:Electrocute","construct:Forcefield","construct:ChargeShot"],"picked":"SKIP","floor":21.0},{"not_picked":["construct:Forcefield","construct:SyphonStrike","construct:SaveState"],"picked":"SKIP","floor":22.0},{"not_picked":["construct:FocusedBeam+1","construct:ClusterMines"],"picked":"construct:FlakBarrage","floor":23.0},{"not_picked":["construct:Analyze","construct:ChargeShot+1","construct:Autoturret"],"picked":"SKIP","floor":24.0},{"not_picked":["construct:Reinforce","construct:MassProduction","construct:CripplingShot+1"],"picked":"SKIP","floor":25.0},{"not_picked":["construct:SaveState","construct:Backup","construct:Boost"],"picked":"SKIP","floor":29.0},{"not_picked":["construct:Antimatter+1","construct:Boost"],"picked":"construct:Reinforce+1","floor":31.0},{"not_picked":["construct:ScopeCore+1","construct:Reinforce"],"picked":"construct:Enhance+1","floor":35.0},{"not_picked":["construct:Zapper+1","construct:Tumble+1","construct:PowerUp+1"],"picked":"SKIP","floor":37.0},{"not_picked":["construct:Boost+1","construct:FocusedBeam","construct:SaveState+1"],"picked":"SKIP","floor":40.0},{"not_picked":["construct:Boost+1","construct:FocusedBeam","construct:SaveState+1"],"picked":"SKIP","floor":40.0},{"not_picked":["construct:Versatility+1","construct:Anticipate+1","construct:Accumulate+1"],"picked":"SKIP","floor":42.0},{"not_picked":["construct:Electrocute+1","construct:Analyze+1","construct:Backup+1"],"picked":"SKIP","floor":46},{"not_picked":["construct:FierceBash","construct:Accumulate","construct:Backup"],"picked":"SKIP","floor":46},{"not_picked":["construct:SyphonStrike","construct:Accumulate+1","construct:FierceBash+1"],"picked":"SKIP","floor":47},{"not_picked":["construct:CripplingShot+1","construct:Chainstrike"],"picked":"construct:Enhance+1","floor":48},{"not_picked":["construct:Boost+1","construct:ChargeShot","construct:SuppressiveFire"],"picked":"SKIP","floor":48},{"not_picked":["construct:SiegeForm","construct:HyperBeam"],"picked":"construct:ShieldGenerator","floor":50},{"not_picked":["construct:OmegaCannon","construct:ModeShift","construct:Backfire"],"picked":"SKIP","floor":52},{"not_picked":["construct:VentSteam","construct:Overcharge","construct:Construct_Overclock"],"picked":"SKIP","floor":52},{"not_picked":["construct:Antimatter","construct:ModeShift","construct:FlakBarrage"],"picked":"SKIP","floor":53},{"not_picked":["construct:PowerUp","construct:ShiftStrike","construct:OneWayMirror"],"picked":"SKIP","floor":53},{"not_picked":["construct:HardReboot","construct:FierceBash","construct:Missile"],"picked":"SKIP","floor":54},{"not_picked":["construct:Anticipate","construct:PowerUp","construct:SuppressiveFire"],"picked":"SKIP","floor":54},{"not_picked":["construct:HeavyBolt","construct:Versatility","construct:Forcefield"],"picked":"SKIP","floor":58},{"not_picked":["construct:CriticalHit","construct:Anticipate","construct:ChargeShot"],"picked":"SKIP","floor":61},{"not_picked":["construct:Accumulate","construct:Chainstrike","construct:SuppressiveFire"],"picked":"SKIP","floor":63},{"not_picked":["construct:LongRangeLance","construct:ShieldGenerator"],"picked":"construct:BatteryCore","floor":67},{"not_picked":["construct:Anticipate","construct:SyphonStrike","construct:SaveState"],"picked":"SKIP","floor":69},{"not_picked":["construct:CripplingShot+1","construct:SaveState+1","construct:ScrapCannon"],"picked":"SKIP","floor":69},{"not_picked":["construct:Anticipate","construct:Forcefield+1"],"picked":"construct:FlameCore","floor":72},{"not_picked":["construct:FlakBarrage","construct:Antimatter","construct:PowerUp"],"picked":"SKIP","floor":72},{"not_picked":["construct:MetalShell","construct:ScrapCannon","construct:SuppressiveFire"],"picked":"SKIP","floor":73},{"not_picked":["construct:SyphonStrike","construct:HardReboot+1","construct:SpinDrive"],"picked":"SKIP","floor":73},{"not_picked":["construct:Autoturret+1","construct:SaveState"],"picked":"construct:FlameCore+1","floor":75},{"not_picked":["construct:ClusterMines","construct:VentSteam+1","construct:Backfire"],"picked":"SKIP","floor":75},{"not_picked":["construct:SaveState","construct:Accumulate","construct:Stasis"],"picked":"SKIP","floor":76},{"not_picked":["construct:Accumulate","construct:Antimatter+1","construct:SaveState"],"picked":"SKIP","floor":76},{"not_picked":["construct:ReactiveShield","construct:PowerUp"],"picked":"construct:Forcefield+1","floor":78},{"not_picked":["construct:Backfire","construct:ShiftingStance"],"picked":"construct:Autoturret","floor":78},{"not_picked":["construct:Backfire","construct:FlakBarrage","construct:Dampening+1"],"picked":"SKIP","floor":81},{"not_picked":["construct:ForceCore","construct:CriticalHit","construct:SuppressiveFire"],"picked":"SKIP","floor":81},{"not_picked":["construct:Tumble","construct:ElectricArmor"],"picked":"construct:Synchronize+1","floor":82},{"not_picked":["construct:MassProduction","construct:HastyRepair"],"picked":"construct:BatteryCore","floor":84},{"not_picked":["construct:Versatility+1","construct:Construct_Overclock"],"picked":"construct:ShiftGuard","floor":86},{"not_picked":["construct:VentSteam","construct:Disrupt+1","construct:ClusterMines"],"picked":"SKIP","floor":86},{"not_picked":["construct:ModeShift+1","construct:ClusterMines+1"],"picked":"construct:GuardCore","floor":89},{"not_picked":["construct:Versatility","construct:GatlingGun"],"picked":"construct:Forcefield+1","floor":89},{"not_picked":["construct:FocusedBeam+1","construct:SweepLaser+1","construct:ClusterMines+1"],"picked":"SKIP","floor":92},{"not_picked":["construct:VentSteam+1","construct:Reinforce"],"picked":"construct:GuardCore+1","floor":96},{"not_picked":["construct:HeavyBolt","construct:ElectricArmor+1","construct:ScrapCannon"],"picked":"SKIP","floor":96},{"not_picked":["construct:Versatility+1","construct:Zapper+1","construct:FierceBash"],"picked":"SKIP","floor":97},{"not_picked":["construct:Accumulate+1","construct:Hazardproof+1","construct:Anticipate"],"picked":"SKIP","floor":97},{"not_picked":["construct:HastyRepair","construct:Versatility+1","construct:FocusedBeam+1"],"picked":"SKIP","floor":98},{"not_picked":["construct:Antimatter+1","construct:SyphonStrike+1","construct:Boost+1"],"picked":"SKIP","floor":98},{"not_picked":["construct:GoldenBullet","construct:MemoryTap"],"picked":"construct:ShieldBurst","floor":101},{"not_picked":["construct:Forcefield","construct:SaveState"],"picked":"construct:Enhance","floor":103},{"not_picked":["construct:ModeShift","construct:Hazardproof","construct:FocusedBeam"],"picked":"SKIP","floor":103},{"not_picked":["construct:Versatility","construct:FocusedBeam","construct:Autoturret"],"picked":"SKIP","floor":104},{"not_picked":["construct:Isolate","construct:Boost","construct:SweepLaser"],"picked":"SKIP","floor":104},{"not_picked":["construct:Versatility","construct:FocusedBeam","construct:Autoturret"],"picked":"SKIP","floor":104},{"not_picked":["construct:Isolate","construct:Boost","construct:SweepLaser"],"picked":"SKIP","floor":104},{"not_picked":["construct:ClusterMines","construct:ModeShift","construct:Boost"],"picked":"SKIP","floor":107},{"not_picked":["construct:Anticipate","construct:ScrapCannon","construct:ElectricArmor"],"picked":"SKIP","floor":107},{"not_picked":["construct:SyphonStrike","construct:Forcefield","construct:UnbalancingBlast"],"picked":"SKIP","floor":109},{"not_picked":["construct:QuickAttack","construct:ModeShift","construct:Backfire"],"picked":"SKIP","floor":109},{"not_picked":["construct:Backfire","construct:Antimatter","construct:SuppressiveFire"],"picked":"SKIP","floor":115},{"not_picked":["construct:ClusterMines","construct:MassProduction","construct:UnbalancingBlast"],"picked":"SKIP","floor":116},{"not_picked":["construct:Impenetrable","construct:ShiftStrike","construct:Hazardproof"],"picked":"SKIP","floor":116},{"not_picked":["construct:Autoturret","construct:Chainstrike+1","construct:HeavyBolt"],"picked":"SKIP","floor":120},{"not_picked":["construct:Antimatter+1","construct:ModeShift+1","construct:ScrapCannon+1"],"picked":"SKIP","floor":120},{"not_picked":["construct:BatteryAcid","construct:ScrapCannon+1","construct:ShiftStrike"],"picked":"SKIP","floor":124},{"not_picked":["construct:ClusterMines","construct:CripplingShot+1","construct:SuppressiveFire"],"picked":"SKIP","floor":124},{"not_picked":["construct:Isolate","construct:SweepLaser","construct:Impenetrable"],"picked":"SKIP","floor":125},{"not_picked":["construct:Chainstrike","construct:PointDefense","construct:SpinDrive"],"picked":"SKIP","floor":127},{"not_picked":["construct:Overcharge","construct:Accumulate","construct:SaveState"],"picked":"SKIP","floor":129},{"not_picked":["construct:ScrapCannon","construct:HeavyBolt","construct:UnbalancingBlast"],"picked":"SKIP","floor":129},{"not_picked":["construct:ClusterMines","construct:Disrupt","construct:VentSteam+1"],"picked":"SKIP","floor":130},{"not_picked":["construct:CripplingShot","construct:BatteryAcid+1","construct:SyphonStrike"],"picked":"SKIP","floor":130},{"not_picked":["construct:Autoturret","construct:VentSteam","construct:Reinforce+1"],"picked":"SKIP","floor":137},{"not_picked":["construct:FlameCore","construct:Accumulate","construct:Forcefield"],"picked":"SKIP","floor":137},{"not_picked":["construct:MetalShell+1","construct:VentSteam","construct:Anticipate"],"picked":"SKIP","floor":140},{"not_picked":["construct:ScrapCannon+1","construct:Zapper","construct:Versatility+1"],"picked":"SKIP","floor":140},{"not_picked":["construct:Versatility","construct:ClockworkEgg","construct:ShiftStrike+1"],"picked":"SKIP","floor":142},{"not_picked":["construct:FierceBash","construct:QuickAttack+1","construct:Backfire"],"picked":"SKIP","floor":147},{"not_picked":["construct:Enhance+1","construct:Boost+1","construct:Chainstrike+1"],"picked":"SKIP","floor":147},{"not_picked":["construct:Backfire+1","construct:ShiftGuard","construct:Boost"],"picked":"SKIP","floor":150},{"not_picked":["construct:CriticalHit","construct:Antimatter+1"],"picked":"construct:ShiftGuard+1","floor":156}],"player_experience":887044,"relics_obtained":[{"floor":7.0,"key":"jedi:firstaidkit"},{"floor":9.0,"key":"Happy Flower"},{"floor":10.0,"key":"reliquary:TridentHead"},{"floor":14.0,"key":"Replay:Bottled Flurry"},{"floor":23.0,"key":"ReplayFunnel"},{"floor":25.0,"key":"ReplayTheSpireMod:Shallot"},{"floor":26.0,"key":"Anchor"},{"floor":34.0,"key":"reliquary:Boomerang"},{"floor":34.0,"key":"Rawhide"},{"floor":34.0,"key":"Ice Cream"},{"floor":38.0,"key":"Prayer Wheel"},{"floor":40.0,"key":"hubris:MysteriousPyramids"},{"floor":42.0,"key":"hubris:TenFootPole"},{"floor":43.0,"key":"Boot"},{"floor":47,"key":"InkBottle"},{"floor":58,"key":"Lizard Tail"},{"floor":60,"key":"hubris:ClockworkCow"},{"floor":61,"key":"Replay:Ringing Soul"},{"floor":77,"key":"hubris:SlimyHat"},{"floor":82,"key":"PreservedInsect"},{"floor":92,"key":"Chameleon Ring"},{"floor":94,"key":"infinitespire:Lucky Rock"},{"floor":111,"key":"reliquary:FeatherDuster"},{"floor":115,"key":"reliquary:SilkGlove"},{"floor":125,"key":"hubris:FunFungus"},{"floor":128,"key":"aspiration:Lifesprig"},{"floor":142,"key":"Akabeko"},{"floor":145,"key":"Pen Nib"},{"floor":150,"key":"Blue Doll"},{"floor":156,"key":"reliquary:RosewoodLute"},{"floor":156,"key":"halation:PrussianBluePaint"}],"event_choices":[{"damage_healed":0.0,"max_hp_gain":0.0,"max_hp_loss":0.0,"gold_gain":0.0,"event_name":"conspire:LoneGhost","player_choice":"Disagree","floor":2.0,"gold_loss":0.0,"damage_taken":0.0},{"cards_removed":["construct:Backfire"],"damage_healed":0.0,"max_hp_gain":0.0,"max_hp_loss":0.0,"gold_gain":0.0,"event_name":"WeMeetAgain","player_choice":"Gave Card","floor":3.0,"gold_loss":0.0,"damage_taken":0.0,"relics_obtained":["Bird Faced Urn"]},{"damage_healed":0.0,"max_hp_gain":0.0,"max_hp_loss":0.0,"gold_gain":0.0,"event_name":"Mysterious Sphere","player_choice":"Fight","floor":38.0,"gold_loss":0.0,"damage_taken":0.0},{"damage_healed":0.0,"max_hp_gain":0.0,"max_hp_loss":0.0,"gold_gain":0.0,"event_name":"SensoryStone","player_choice":"Memory 1","floor":39.0,"gold_loss":0.0,"damage_taken":0.0},{"damage_healed":0,"gold_gain":0,"player_choice":"Leave","damage_taken":0,"max_hp_gain":0,"max_hp_loss":0,"event_name":"conspire:Investor","floor":64,"gold_loss":0},{"cards_removed":["construct:AttackMode"],"damage_healed":0,"gold_gain":0,"player_choice":"Purged","damage_taken":0,"max_hp_gain":0,"max_hp_loss":0,"event_name":"Purifier","floor":70,"gold_loss":0},{"damage_healed":0,"gold_gain":0,"player_choice":"Ignored","damage_taken":0,"max_hp_gain":0,"max_hp_loss":0,"event_name":"N\u0027loth","floor":79,"gold_loss":0},{"damage_healed":0,"gold_gain":0,"player_choice":"Forge","damage_taken":0,"max_hp_gain":0,"max_hp_loss":0,"event_name":"Accursed Blacksmith","floor":93,"gold_loss":0,"cards_upgraded":["construct:BatteryCore"]},{"damage_healed":0,"gold_gain":0,"player_choice":"Forge","damage_taken":0,"max_hp_gain":0,"max_hp_loss":0,"event_name":"Accursed Blacksmith","floor":105,"gold_loss":0,"cards_upgraded":["construct:BatteryCore"]},{"damage_healed":109,"gold_gain":0,"player_choice":"Leave","damage_taken":0,"max_hp_gain":0,"max_hp_loss":127,"event_name":"betterThird:BetterShining","floor":113,"gold_loss":0},{"damage_healed":0,"gold_gain":0,"player_choice":"Ignored","damage_taken":0,"max_hp_gain":0,"max_hp_loss":0,"event_name":"Ghosts","floor":123,"gold_loss":0},{"damage_healed":0,"gold_gain":0,"player_choice":"Obtained Relic","damage_taken":0,"relics_obtained":["Oddly Smooth Stone"],"max_hp_gain":0,"max_hp_loss":0,"event_name":"Addict","floor":133,"gold_loss":85},{"cards_removed":["construct:Strike_Gold"],"damage_healed":0,"gold_gain":0,"player_choice":"Removed Attack","damage_taken":0,"max_hp_gain":0,"max_hp_loss":0,"event_name":"Falling","floor":143,"gold_loss":0},{"damage_healed":0,"gold_gain":0,"player_choice":"Ignored","damage_taken":0,"max_hp_gain":0,"max_hp_loss":0,"event_name":"Tomb of Lord Red Mask","floor":148,"gold_loss":0}],"is_beta":false,"boss_relics":[{"not_picked":["aspiration:SilentSkillbook","Runic Dome"],"picked":"Sozu"},{"not_picked":["hubris:BlackHole","aspiration:BeakedSkillbook"],"picked":"Calling Bell"},{"not_picked":["reliquary:RedCape","hubris:TerracottaHorce"],"picked":"halation:MonkeysPaw"},{"not_picked":["Empty Cage","halation:HeavySnake"],"picked":"conspire:RunicOctahedron"},{"not_picked":["halation:ForbiddenBikini","Fusion Hammer"],"picked":"hubris:TerracottaHorce"},{"not_picked":["hubris:HollowSoul","Velvet Choker","ReplayTheSpireMod:SealedPack"],"picked":"conspire:RoyalGoblet"},{"not_picked":["halation:LoveArrow","halation:PlatinumPhoenix","Sandwich","Painkiller Herb"]},{"not_picked":["infinitespire:Cupcake","Astrolabe","halation:Prosthetics","halation:ForbiddenBikini"]},{"not_picked":["aspiration:RunicSpoon","aspiration:DefectSkillbook","conspire:SlowCooker"],"picked":"Black Star"}],"items_purged_floors":[71,87],"is_endless":true,"potions_floor_spawned":[7,12,20,21,23,29,31,35,37,40,48,53,58,61,72,75,76,84,86,92,97,107,116,125,129,130,135,142,147,150,152],"ascension_level":6}}