{"host":"hf83sijwe64ts2lm","time":1613263227,"event":{"mods":["2.2 Compatiblity","BaseMod","Better Altar","Better Match","Better Note","Better Sensory Stone","Better Skull","Better Third Choice","Colored Map","Colored Powertips","Highlight Path","Hubris","Infinite Spire","Minty Spire (QoL Compilation)","Quick Restart","Rare Cards Sparkle","Relic Stats","Reliquary","Replay The Spire","Shop Mod","Spicy Shops","Spire Arcade","StSLib","Thieving Mod"],"gold_per_floor":[14,28,28,40,3,16,16,48,71,18,18,18,18,28,28,129,129,149,149,104,104],"floor_reached":20,"language":"ENG","playtime":279,"items_purged":[],"score":232,"play_id":"acf51267-0aec-4c94-af64-8baff32c7f48","local_time":"20210213194027","is_ascension_mode":true,"campfire_choices":[{"floor":7,"key":"REST"},{"floor":12,"key":"REST"},{"floor":15,"key":"REST"}],"circlet_count":0,"master_deck":["Strike_B","Strike_B","Strike_B","Strike_B","Defend_B","Defend_B","Defend_B","Defend_B","Zap","Dualcast","Compile Driver","Streamline","FIFO Queue","Streamline","Streamline","Static Discharge","Gash","Leap","Parasite","Capacitor","Core Surge","Gash"],"relics":["Cracked Core","Replay:Towering Pillar of Hats","DataDisk","SacredBark"],"acts_visited":["Exordium","TheCity"],"potions_floor_usage":[2,8,14,20],"damage_taken":[{"damage":14,"enemies":"2 Louse","floor":1,"turns":3},{"damage":0,"enemies":"Cultist","floor":2,"turns":3},{"damage":9,"enemies":"Small Slimes","floor":4,"turns":4},{"damage":19,"enemies":"Blue Slaver","floor":6,"turns":4},{"damage":24,"enemies":"Gremlin Nob","floor":8,"turns":4},{"damage":15,"enemies":"3 Louse","floor":14,"turns":2},{"damage":54,"enemies":"The Guardian","floor":16,"turns":9},{"damage":47,"enemies":"3 Byrds","floor":18,"turns":3},{"damage":19,"enemies":"2 Thieves","floor":20,"turns":3}],"seed_played":"-5257601607604536064","potions_obtained":[{"floor":1,"key":"AttackPotion"},{"floor":6,"key":"SteroidPotion"},{"floor":8,"key":"Reflective Coating"},{"floor":16,"key":"LiquidMemories"},{"floor":18,"key":"Fire Potion"}],"is_trial":false,"path_per_floor":["M","M","?","M","$","M","R","E","T","$","?","R","$","M","R","B",null,"M","?","M"],"character_chosen":"DEFECT","items_purchased":["Streamline","Leap"],"campfire_rested":3,"item_purchase_floors":[5,10],"current_hp_per_floor":[54,54,54,45,45,26,48,24,24,24,42,64,64,49,71,17,61,14,14,0,0],"gold":104,"neow_bonus":"THREE_RARE_CARDS","is_daily":false,"chose_seed":false,"campfire_upgraded":0,"win_rate":0.0,"timestamp":1613263227,"path_taken":["M","M","?","M","$","?","R","E","T","$","?","R","$","M","R","BOSS","M","?","M"],"items_purchased_type":["Card","Card"],"build_version":"2020-12-22","purchased_purges":0,"victory":false,"max_hp_per_floor":[75,75,75,75,75,75,75,75,75,75,75,75,75,75,75,75,75,75,75,75,75],"relic_stats":{"counters":[9,35],"obtain_stats":[{"DataDisk":9,"Replay:Towering Pillar of Hats":8,"SacredBark":17,"Cracked Core":0},{"DataDisk":5,"Replay:Towering Pillar of Hats":5,"SacredBark":7,"Cracked Core":0},{"DataDisk":18,"Replay:Towering Pillar of Hats":18,"SacredBark":29,"Cracked Core":0}]},"card_choices":[{"not_picked":["Seek","Multi-Cast"],"picked":"hubris:DoWhile","floor":0},{"not_picked":["Fusion","Skim"],"picked":"Compile Driver","floor":1},{"not_picked":["Barrage","Steam"],"picked":"Streamline","floor":2},{"not_picked":["Cold Snap","Doom and Gloom"],"picked":"FIFO Queue","floor":4},{"not_picked":["Seek","Sunder"],"picked":"Static Discharge","floor":6},{"not_picked":["Crystallizer","Leap"],"picked":"Gash","floor":8},{"not_picked":["Stack","Skim"],"picked":"Capacitor","floor":14},{"not_picked":["Biased Cognition","Reboot"],"picked":"Core Surge","floor":16},{"not_picked":["Hologram+1","Heatsinks"],"picked":"Gash","floor":18}],"player_experience":173319,"relics_obtained":[{"floor":8,"key":"Replay:Towering Pillar of Hats"},{"floor":9,"key":"DataDisk"}],"event_choices":[{"cards_removed":["hubris:DoWhile"],"damage_healed":0,"gold_gain":0,"player_choice":"Purged","damage_taken":0,"max_hp_gain":0,"max_hp_loss":0,"event_name":"Purifier","floor":3,"gold_loss":0},{"damage_healed":18,"gold_gain":0,"player_choice":"Healed and dodged fight","damage_taken":0,"max_hp_gain":0,"max_hp_loss":0,"event_name":"Mushrooms","floor":11,"gold_loss":0,"cards_obtained":["Parasite"]}],"is_beta":false,"boss_relics":[{"not_picked":["Empty Cage","hubris:TerracottaHorce"],"picked":"SacredBark"}],"items_purged_floors":[],"is_endless":false,"potions_floor_spawned":[1,6,8,16,18],"killed_by":"2 Thieves","ascension_level":7}}