{"host":"bxzomvt4ag86nh1n","time":1613332467,"event":{"mods":["BaseMod","Bestiary","Colored Map","Highlight Path","Minty Spire (QoL Compilation)","Relic Stats"],"gold_per_floor":[116,94,113,131,131,131,144,144,226,258,273,273,306,381,381,486,486,497,516,112,131,131,131,141,168,247,247,76,101,101,101,101,101,101],"floor_reached":33,"language":"ENG","playtime":3735,"items_purged":["Strike_R"],"score":308,"play_id":"0af14c23-e7a2-48e3-adb2-27d493e19497","local_time":"20210214205427","is_ascension_mode":true,"campfire_choices":[{"data":"Inflame","floor":6,"key":"SMITH"},{"data":"Battle Trance","floor":8,"key":"SMITH"},{"data":"Havoc","floor":15,"key":"SMITH"},{"floor":23,"key":"REST"},{"data":"RitualDagger","floor":27,"key":"SMITH"},{"floor":32,"key":"REST"}],"circlet_count":0,"master_deck":["Strike_R","Strike_R","Defend_R","Defend_R","Defend_R","Bash","Clothesline+1","Wild Strike","Headbutt","Inflame+1","Battle Trance+1","Havoc+1","Pummel","Blood for Blood","Double Tap","Double Tap","Evolve","Sentinel","Shrug It Off","Power Through","RitualDagger+1","Exhume","True Grit","True Grit+1"],"relics":["Empty Cage","Darkstone Periapt","Toy Ornithopter","Gremlin Horn","SlaversCollar","Vajra","ClockworkSouvenir","Pen Nib","Paper Frog","Sling","Strawberry","Nilry\u0027s Codex","Smiling Mask"],"acts_visited":["TheCity"],"potions_floor_usage":[10,13,13,16,24,29],"damage_taken":[{"damage":1,"enemies":"Cultist","floor":1,"turns":3},{"damage":0,"enemies":"Small Slimes","floor":3,"turns":3},{"damage":3,"enemies":"Jaw Worm","floor":4,"turns":3},{"damage":13,"enemies":"2 Fungi Beasts","floor":7,"turns":3},{"damage":12,"enemies":"Lagavulin","floor":10,"turns":5},{"damage":19,"enemies":"Gremlin Gang","floor":11,"turns":4},{"damage":5,"enemies":"Gremlin Nob","floor":13,"turns":3},{"damage":27,"enemies":"Hexaghost","floor":16,"turns":6},{"damage":7,"enemies":"Spheric Guardian","floor":18,"turns":3},{"damage":17,"enemies":"3 Byrds","floor":19,"turns":4},{"damage":13,"enemies":"3 Cultists","floor":21,"turns":4},{"damage":0,"enemies":"Centurion and Healer","floor":24,"turns":3},{"damage":22,"enemies":"Gremlin Leader","floor":25,"turns":5},{"damage":3,"enemies":"Book of Stabbing","floor":29,"turns":4},{"damage":63,"enemies":"Champ","floor":33,"turns":8}],"seed_played":"4773856624950512677","potions_obtained":[{"floor":3,"key":"Dexterity Potion"},{"floor":4,"key":"Dexterity Potion"},{"floor":11,"key":"Regen Potion"},{"floor":13,"key":"FearPotion"},{"floor":18,"key":"DistilledChaos"},{"floor":19,"key":"SmokeBomb"},{"floor":25,"key":"Weak Potion"}],"is_trial":false,"path_per_floor":["M","$","M","M","?","R","M","R","T","E","M","?","E","?","R","B",null,"M","M","$","M","?","R","M","E","T","R","$","E","?","?","R","B"],"character_chosen":"IRONCLAD","items_purchased":["Wild Strike","Shrug It Off","Vajra","ClockworkSouvenir","Sling","True Grit"],"campfire_rested":2,"item_purchase_floors":[2,20,20,20,28,28],"current_hp_per_floor":[79,79,79,76,76,76,63,63,63,51,32,32,46,35,35,13,80,73,56,56,43,37,61,66,44,44,44,44,53,37,37,63,0,0],"gold":101,"neow_bonus":"BOSS_RELIC","is_daily":false,"chose_seed":false,"campfire_upgraded":4,"win_rate":0.0,"timestamp":1613332467,"path_taken":["M","$","M","M","?","R","M","R","T","E","?","?","E","?","R","BOSS","M","M","$","M","?","R","M","E","T","R","$","E","?","?","R","BOSS"],"items_purchased_type":["Card","Card","Relic","Relic","Relic","Card"],"build_version":"2020-12-22","purchased_purges":1,"victory":false,"max_hp_per_floor":[80,80,80,80,80,80,80,80,80,80,80,80,80,80,80,80,80,80,80,80,80,80,80,80,80,80,80,80,87,87,87,87,87,87],"relic_stats":{"Darkstone Periapt":0,"Gremlin Horn":[8,9],"counters":[15,61],"Pen Nib":[2],"Smiling Mask":0,"obtain_stats":[{"Darkstone Periapt":9,"Gremlin Horn":13,"Nilry\u0027s Codex":30,"Vajra":20,"Pen Nib":25,"Empty Cage":0,"Sling":28,"Smiling Mask":31,"Burning Blood":0,"ClockworkSouvenir":20,"SlaversCollar":17,"Strawberry":29,"Toy Ornithopter":10,"Paper Frog":26},{"Darkstone Periapt":4,"Gremlin Horn":7,"Nilry\u0027s Codex":14,"Vajra":10,"Pen Nib":13,"Empty Cage":0,"Sling":13,"Smiling Mask":14,"Burning Blood":0,"ClockworkSouvenir":10,"SlaversCollar":8,"Strawberry":14,"Toy Ornithopter":5,"Paper Frog":13},{"Darkstone Periapt":12,"Gremlin Horn":24,"Nilry\u0027s Codex":53,"Vajra":37,"Pen Nib":49,"Empty Cage":0,"Sling":49,"Smiling Mask":53,"Burning Blood":0,"ClockworkSouvenir":37,"SlaversCollar":30,"Strawberry":53,"Toy Ornithopter":17,"Paper Frog":49}],"Toy Ornithopter":25},"card_choices":[{"not_picked":["Headbutt","Disarm"],"picked":"Clothesline","floor":1},{"not_picked":["Blood for Blood","Shockwave"],"picked":"Headbutt","floor":3},{"not_picked":["Dark Embrace","Sever Soul"],"picked":"Inflame","floor":4},{"not_picked":["Headbutt","Metallicize"],"picked":"Battle Trance","floor":7},{"not_picked":["Twin Strike","Shockwave"],"picked":"Havoc","floor":10},{"not_picked":["Havoc","Clash"],"picked":"Pummel","floor":11},{"not_picked":["Evolve","Dropkick"],"picked":"Double Tap","floor":13},{"not_picked":["Offering","Corruption"],"picked":"Double Tap","floor":16},{"not_picked":["Twin Strike","Sword Boomerang+1"],"picked":"Evolve","floor":18},{"not_picked":["Headbutt+1","Twin Strike"],"picked":"Sentinel","floor":19},{"not_picked":["Shockwave+1","Blood for Blood+1"],"picked":"Power Through","floor":21},{"not_picked":["Heavy Blade+1","Iron Wave","Sword Boomerang"],"picked":"SKIP","floor":24},{"not_picked":["Heavy Blade+1","Barricade"],"picked":"Exhume","floor":25},{"not_picked":["Rampage","Fiend Fire"],"picked":"True Grit+1","floor":29}],"player_experience":280021,"relics_obtained":[{"floor":9,"key":"Darkstone Periapt"},{"floor":10,"key":"Toy Ornithopter"},{"floor":13,"key":"Gremlin Horn"},{"floor":25,"key":"Pen Nib"},{"floor":26,"key":"Paper Frog"},{"floor":29,"key":"Strawberry"},{"floor":30,"key":"Nilry\u0027s Codex"}],"event_choices":[{"damage_healed":0,"gold_gain":0,"player_choice":"Forge","damage_taken":0,"max_hp_gain":0,"max_hp_loss":0,"event_name":"Accursed Blacksmith","floor":5,"gold_loss":0,"cards_upgraded":["Clothesline"]},{"damage_healed":0,"gold_gain":0,"cards_transformed":["Strike_R"],"player_choice":"Change","damage_taken":0,"max_hp_gain":0,"max_hp_loss":0,"event_name":"Living Wall","floor":12,"gold_loss":0,"cards_obtained":["Blood for Blood"]},{"damage_healed":0,"gold_gain":75,"player_choice":"Gather Gold","damage_taken":11,"max_hp_gain":0,"max_hp_loss":0,"event_name":"World of Goop","floor":14,"gold_loss":0},{"damage_healed":0,"gold_gain":0,"player_choice":"Joined the Cult","damage_taken":6,"max_hp_gain":0,"max_hp_loss":0,"event_name":"Nest","floor":22,"gold_loss":0,"cards_obtained":["RitualDagger"]},{"damage_healed":0,"gold_gain":0,"player_choice":"Obtained Book","damage_taken":16,"max_hp_gain":0,"max_hp_loss":0,"event_name":"Cursed Tome","floor":30,"gold_loss":0},{"damage_healed":0,"gold_gain":0,"player_choice":"Gave Potion","damage_taken":0,"relics_obtained":["Smiling Mask"],"max_hp_gain":0,"max_hp_loss":0,"event_name":"WeMeetAgain","floor":31,"gold_loss":0}],"is_beta":false,"boss_relics":[{"not_picked":["Coffee Dripper","Sozu"],"picked":"SlaversCollar"}],"items_purged_floors":[20],"is_endless":false,"potions_floor_spawned":[3,4,11,13,18,19,25],"killed_by":"Champ","ascension_level":1}}