{"host":"x665ekuy0qorxtwt","time":1613296663,"event":{"mods":["AchievementEnabler","BaseMod","Bestiary","Colored Map","Colored Powertips","Minty Spire (QoL Compilation)"],"gold_per_floor":[115,128,144,159,159,185,185,185,185,202,202,227,227,246,246,341,341,358,0,12,31,31,56,69,87,87,45,45,45,45,63,63,63,63],"floor_reached":33,"language":"ENG","playtime":1407,"items_purged":["Defend_G"],"score":304,"play_id":"fa352356-81d8-48d3-b6f0-292e651fd997","local_time":"20210214015743","is_ascension_mode":false,"campfire_choices":[{"data":"Prepared","floor":8,"key":"SMITH"},{"data":"Deadly Poison","floor":11,"key":"SMITH"},{"data":"Quick Slash","floor":13,"key":"SMITH"},{"data":"Flying Knee","floor":15,"key":"SMITH"},{"data":"Catalyst","floor":28,"key":"SMITH"},{"data":"Night Terror","floor":30,"key":"SMITH"},{"data":"Deadly Poison","floor":32,"key":"SMITH"}],"circlet_count":0,"master_deck":["Strike_G","Strike_G","Strike_G","Strike_G","Defend_G+1","Defend_G","Defend_G","Defend_G","Survivor+1","Neutralize","Dagger Throw","Deadly Poison+1","Prepared+1","Quick Slash+1","Deadly Poison+1","Flying Knee+1","Night Terror+1","Escape Plan+1","Catalyst+1","PiercingWail","Dagger Spray","Deadly Poison+1"],"relics":["Busted Crown","Torii","Letter Opener","Matryoshka","Omamori","Calling Bell","Anchor","The Courier","Bird Faced Urn","TwistedFunnel","War Paint","Oddly Smooth Stone","Kunai","Darkstone Periapt"],"acts_visited":["Exordium","TheCity"],"potions_floor_usage":[],"damage_taken":[{"damage":2,"enemies":"Small Slimes","floor":1,"turns":4},{"damage":1,"enemies":"Jaw Worm","floor":2,"turns":3},{"damage":1,"enemies":"Cultist","floor":3,"turns":3},{"damage":3,"enemies":"2 Fungi Beasts","floor":4,"turns":4},{"damage":13,"enemies":"Gremlin Nob","floor":6,"turns":4},{"damage":1,"enemies":"Looter","floor":10,"turns":3},{"damage":1,"enemies":"3 Sentries","floor":12,"turns":7},{"damage":0,"enemies":"3 Louse","floor":14,"turns":2},{"damage":13,"enemies":"Slime Boss","floor":16,"turns":10},{"damage":23,"enemies":"2 Thieves","floor":18,"turns":4},{"damage":0,"enemies":"3 Byrds","floor":20,"turns":3},{"damage":7,"enemies":"Snake Plant","floor":21,"turns":3},{"damage":0,"enemies":"Gremlin Leader","floor":23,"turns":4},{"damage":4,"enemies":"Centurion and Healer","floor":24,"turns":4},{"damage":1,"enemies":"Shelled Parasite and Fungi","floor":25,"turns":4},{"damage":1,"enemies":"Snake Plant","floor":31,"turns":3},{"damage":65,"enemies":"Champ","floor":33,"turns":7}],"seed_played":"2070145342763296119","potions_obtained":[{"floor":3,"key":"Strength Potion"},{"floor":6,"key":"FearPotion"},{"floor":12,"key":"Weak Potion"},{"floor":16,"key":"PowerPotion"},{"floor":20,"key":"Fire Potion"},{"floor":23,"key":"AttackPotion"}],"is_trial":false,"path_per_floor":["M","M","M","M","?","E","?","R","T","M","R","E","R","M","R","B",null,"M","$","M","M","?","E","M","M","T","$","R","?","R","M","R","B"],"character_chosen":"THE_SILENT","items_purchased":["TwistedFunnel","War Paint","Catalyst","Deadly Poison"],"campfire_rested":0,"item_purchase_floors":[19,19,19,27],"current_hp_per_floor":[68,67,66,63,49,36,36,36,36,35,35,34,34,34,34,21,70,47,47,47,40,40,40,36,35,35,35,35,58,58,57,57,0,0],"gold":63,"neow_bonus":"BOSS_RELIC","is_daily":false,"chose_seed":false,"campfire_upgraded":7,"win_rate":0.0,"timestamp":1613296663,"path_taken":["M","M","M","M","?","E","?","R","T","M","R","E","R","M","R","BOSS","M","$","M","M","?","E","M","M","T","$","R","?","R","M","R","BOSS"],"items_purchased_type":["Relic","Relic","Card","Card"],"build_version":"2020-12-22","purchased_purges":1,"victory":false,"max_hp_per_floor":[70,70,70,70,70,70,70,70,70,70,70,70,70,70,70,70,70,70,70,70,70,70,70,70,70,70,70,70,70,70,70,70,70,70],"card_choices":[{"not_picked":[],"picked":"Dagger Throw","floor":1},{"not_picked":[],"picked":"Deadly Poison","floor":2},{"not_picked":[],"picked":"Prepared","floor":3},{"not_picked":[],"picked":"Quick Slash","floor":4},{"not_picked":[],"picked":"Deadly Poison","floor":6},{"not_picked":["Dodge and Roll"],"picked":"SKIP","floor":10},{"not_picked":[],"picked":"Flying Knee","floor":12},{"not_picked":["Finisher"],"picked":"SKIP","floor":14},{"not_picked":[],"picked":"Night Terror","floor":16},{"not_picked":[],"picked":"Escape Plan","floor":18},{"not_picked":[],"picked":"PiercingWail","floor":20},{"not_picked":["Well Laid Plans"],"picked":"SKIP","floor":21},{"not_picked":["Outmaneuver"],"picked":"SKIP","floor":23},{"not_picked":["Skewer+1"],"picked":"SKIP","floor":24},{"not_picked":[],"picked":"Dagger Spray","floor":25},{"not_picked":["Outmaneuver"],"picked":"SKIP","floor":31}],"player_experience":210063,"relics_obtained":[{"floor":6,"key":"Torii"},{"floor":9,"key":"Matryoshka"},{"floor":12,"key":"Omamori"},{"floor":17,"key":"Anchor"},{"floor":17,"key":"The Courier"},{"floor":17,"key":"Bird Faced Urn"},{"floor":23,"key":"Oddly Smooth Stone"},{"floor":26,"key":"Kunai"},{"floor":26,"key":"Darkstone Periapt"}],"event_choices":[{"damage_healed":0,"gold_gain":0,"player_choice":"Entered Light","damage_taken":14,"max_hp_gain":0,"max_hp_loss":0,"event_name":"Shining Light","floor":5,"gold_loss":0,"cards_upgraded":["Deadly Poison","Survivor"]},{"damage_healed":0,"gold_gain":0,"player_choice":"Gave Potion","damage_taken":0,"relics_obtained":["Letter Opener"],"max_hp_gain":0,"max_hp_loss":0,"event_name":"WeMeetAgain","floor":7,"gold_loss":0},{"cards_removed":["Strike_G"],"damage_healed":0,"gold_gain":0,"player_choice":"Elegance","damage_taken":0,"max_hp_gain":0,"max_hp_loss":0,"event_name":"Back to Basics","floor":22,"gold_loss":0},{"damage_healed":23,"gold_gain":0,"player_choice":"Heal","damage_taken":0,"max_hp_gain":0,"max_hp_loss":0,"event_name":"The Library","floor":29,"gold_loss":0}],"is_beta":false,"boss_relics":[{"not_picked":["Black Star","Coffee Dripper"],"picked":"Calling Bell"}],"items_purged_floors":[19],"is_endless":false,"potions_floor_spawned":[3,6,12,16,20,23,25],"killed_by":"Champ","ascension_level":0}}