{"host":"4t0z2wyk4ymtbfy7","time":1613277777,"event":{"mods":["AchievementEnabler","BaseMod","Colored Map","Colored Powertips","DeckTracker","Keyboard Shortcuts","Marisa£¨Ùöéë¡¡Øª×âÞÞ£©","Minty Spire (QoL Compilation)","SuperFastMode"],"gold_per_floor":[109,109,119,119,80,111,111,123,197,227,244,244,244,270,270,368,368,380,340,340,37,50,82,106,106,106,117,142,154,185,185,185,289,289,307,359,179,179,195,195,228,228,279,279,279],"floor_reached":44,"language":"KOR","playtime":1138,"items_purged":[],"score":735,"play_id":"2ad3e062-3645-48e7-8c15-341f0736406f","local_time":"20210214134257","is_ascension_mode":true,"campfire_choices":[{"data":"Infinite Blades","floor":7,"key":"SMITH"},{"data":"Blade Dance","floor":12,"key":"SMITH"},{"floor":15,"key":"REST"},{"floor":25,"key":"REST"},{"floor":32,"key":"REST"},{"data":"1","floor":40,"key":"LIFT"}],"circlet_count":0,"master_deck":["Strike_G","Strike_G","Strike_G","Strike_G","Strike_G","Defend_G","Defend_G","Defend_G","Defend_G","Defend_G","Survivor","Neutralize","Blade Dance+1","Infinite Blades+1","Crippling Poison","A Thousand Cuts","Blur","Dodge and Roll+1","Cloak And Dagger","Blur","Cloak And Dagger","Tools of the Trade","Backflip+1","Blade Dance+1","Cloak And Dagger","Writhe","Outmaneuver+1"],"relics":["Ring of the Snake","NeowsBlessing","Ancient Tea Set","Ninja Scroll","Letter Opener","Tiny Chest","Shuriken","WristBlade","Ice Cream","Regal Pillow","Pen Nib","Bottled Tornado","Toy Ornithopter","Bronze Scales","Sozu","Girya","Membership Card","Boot","Mummified Hand","PreservedInsect"],"acts_visited":["Exordium","TheCity","TheBeyond"],"potions_floor_usage":[2,23,23,28,33,36],"damage_taken":[{"damage":0,"enemies":"Jaw Worm","floor":1,"turns":1},{"damage":0,"enemies":"2 Louse","floor":3,"turns":1},{"damage":0,"enemies":"3 Sentries","floor":6,"turns":2},{"damage":4,"enemies":"Small Slimes","floor":8,"turns":2},{"damage":3,"enemies":"Looter","floor":11,"turns":3},{"damage":24,"enemies":"Lagavulin","floor":14,"turns":6},{"damage":48,"enemies":"The Guardian","floor":16,"turns":7},{"damage":13,"enemies":"Shell Parasite","floor":18,"turns":3},{"damage":25,"enemies":"2 Thieves","floor":22,"turns":3},{"damage":9,"enemies":"Slavers","floor":23,"turns":4},{"damage":5,"enemies":"Centurion and Healer","floor":27,"turns":3},{"damage":32,"enemies":"Gremlin Leader","floor":28,"turns":5},{"damage":7,"enemies":"Snecko","floor":29,"turns":4},{"damage":29,"enemies":"Book of Stabbing","floor":30,"turns":5},{"damage":50,"enemies":"Collector","floor":33,"turns":8},{"damage":0,"enemies":"Orb Walker","floor":35,"turns":3},{"damage":18,"enemies":"2 Orb Walkers","floor":36,"turns":4},{"damage":12,"enemies":"3 Darklings","floor":39,"turns":3},{"damage":29,"enemies":"Reptomancer","floor":41,"turns":4},{"damage":33,"enemies":"Nemesis","floor":44,"turns":2}],"seed_played":"375844643310226849","potions_obtained":[{"floor":1,"key":"Fruit Juice"},{"floor":6,"key":"SkillPotion"},{"floor":11,"key":"Fire Potion"},{"floor":18,"key":"SteroidPotion"},{"floor":30,"key":"SkillPotion"},{"floor":33,"key":"SkillPotion"}],"is_trial":false,"path_per_floor":["M","?","M","?","$","E","R","M","T","?","M","R","?","E","R","B",null,"M","$","?","$","M","E","T","R","T","M","E","M","E","?","R","B",null,"M","?","$","?","M","R","E","T","T","E"],"character_chosen":"THE_SILENT","items_purchased":["Infinite Blades","Blur","Ice Cream","Membership Card","Cloak And Dagger"],"campfire_rested":3,"item_purchase_floors":[5,19,21,37,37],"current_hp_per_floor":[63,68,68,61,61,61,61,57,57,57,54,54,59,35,59,11,63,50,50,76,76,51,42,42,80,80,75,43,36,7,7,46,1,60,60,47,47,67,55,55,26,26,26,0,0],"gold":279,"neow_bonus":"THREE_ENEMY_KILL","is_daily":false,"chose_seed":false,"campfire_upgraded":2,"win_rate":0.0,"timestamp":1613277777,"path_taken":["M","?","M","?","$","E","R","M","T","?","?","R","?","E","R","BOSS","M","$","?","$","M","E","?","R","T","M","E","M","E","?","R","BOSS","M","?","$","?","M","R","E","?","T","E"],"items_purchased_type":["Card","Card","Relic","Relic","Card"],"build_version":"2020-12-22","purchased_purges":0,"victory":false,"max_hp_per_floor":[70,75,75,75,75,75,75,75,75,75,75,75,80,80,80,80,80,80,80,80,80,80,80,80,80,80,80,80,80,80,80,80,80,80,80,80,80,80,80,80,80,80,80,80,80],"card_choices":[{"not_picked":["Accuracy","Dagger Throw"],"picked":"Blade Dance","floor":1},{"not_picked":["Predator","Concentrate","Sucker Punch"],"picked":"SKIP","floor":3},{"not_picked":["Backflip","Heel Hook","Dodge and Roll"],"picked":"SKIP","floor":6},{"not_picked":["Sucker Punch","Dagger Spray","Deadly Poison"],"picked":"SKIP","floor":8},{"not_picked":["Dagger Throw","Tactician"],"picked":"Crippling Poison","floor":11},{"not_picked":["Deadly Poison","Acrobatics","Endless Agony"],"picked":"SKIP","floor":14},{"not_picked":["Adrenaline","Burst"],"picked":"A Thousand Cuts","floor":16},{"not_picked":["Escape Plan","Sucker Punch","Distraction"],"picked":"SKIP","floor":18},{"not_picked":["Bane","Deadly Poison"],"picked":"Dodge and Roll+1","floor":22},{"not_picked":["Riddle With Holes","Flying Knee","Quick Slash"],"picked":"SKIP","floor":23},{"not_picked":["Masterful Stab+1","Blade Dance+1"],"picked":"Cloak And Dagger","floor":27},{"not_picked":["Escape Plan","Storm of Steel"],"picked":"Blur","floor":28},{"not_picked":["Dagger Throw","Sucker Punch","Quick Slash"],"picked":"SKIP","floor":29},{"not_picked":["Riddle With Holes","Slice+1"],"picked":"Cloak And Dagger","floor":30},{"not_picked":["Wraith Form v2","Grand Finale"],"picked":"Tools of the Trade","floor":33},{"not_picked":["Deadly Poison+1","Tactician+1"],"picked":"Backflip+1","floor":35},{"not_picked":["Bane","Infinite Blades+1"],"picked":"Blade Dance+1","floor":36},{"not_picked":["Acrobatics+1","Quick Slash"],"picked":"Outmaneuver+1","floor":39},{"not_picked":["Deflect","Storm of Steel","Riddle With Holes"],"picked":"SKIP","floor":41}],"player_experience":106458,"relics_obtained":[{"floor":6,"key":"Ninja Scroll"},{"floor":9,"key":"Letter Opener"},{"floor":14,"key":"Shuriken"},{"floor":23,"key":"Regal Pillow"},{"floor":24,"key":"Pen Nib"},{"floor":26,"key":"Bottled Tornado"},{"floor":28,"key":"Toy Ornithopter"},{"floor":30,"key":"Bronze Scales"},{"floor":36,"key":"Girya"},{"floor":41,"key":"Boot"},{"floor":42,"key":"Mummified Hand"},{"floor":43,"key":"PreservedInsect"}],"event_choices":[{"damage_healed":0,"gold_gain":0,"player_choice":"Leave","damage_taken":0,"max_hp_gain":0,"max_hp_loss":0,"event_name":"The Cleric","floor":2,"gold_loss":0},{"damage_healed":0,"gold_gain":0,"player_choice":"Success","damage_taken":7,"relics_obtained":["Ancient Tea Set"],"max_hp_gain":0,"max_hp_loss":0,"event_name":"Scrap Ooze","floor":4,"gold_loss":0},{"damage_healed":0,"gold_gain":30,"player_choice":"Searched \u00273\u0027 times","damage_taken":0,"relics_obtained":["Tiny Chest"],"max_hp_gain":0,"max_hp_loss":0,"event_name":"Dead Adventurer","floor":10,"gold_loss":0},{"damage_healed":0,"gold_gain":0,"player_choice":"Donut","damage_taken":0,"max_hp_gain":5,"max_hp_loss":0,"event_name":"Big Fish","floor":13,"gold_loss":0},{"damage_healed":26,"gold_gain":0,"player_choice":"Heal","damage_taken":0,"max_hp_gain":0,"max_hp_loss":0,"event_name":"The Library","floor":20,"gold_loss":0},{"damage_healed":0,"gold_gain":0,"player_choice":"Ignored","damage_taken":0,"max_hp_gain":0,"max_hp_loss":0,"event_name":"Vampires","floor":31,"gold_loss":0},{"damage_healed":0,"gold_gain":0,"player_choice":"Fight","damage_taken":0,"max_hp_gain":0,"max_hp_loss":0,"event_name":"Mysterious Sphere","floor":36,"gold_loss":0},{"damage_healed":20,"gold_gain":0,"player_choice":"Writhe","damage_taken":0,"max_hp_gain":0,"max_hp_loss":0,"event_name":"Winding Halls","floor":38,"gold_loss":0,"cards_obtained":["Writhe"]}],"is_beta":false,"boss_relics":[{"not_picked":["Cursed Key","Tiny House"],"picked":"WristBlade"},{"not_picked":["Pandora\u0027s Box","Runic Dome"],"picked":"Sozu"}],"items_purged_floors":[],"is_endless":false,"potions_floor_spawned":[1,6,11,18,22,30,33,35,36],"killed_by":"Nemesis","ascension_level":8}}