{"host":"og21o26alpnbwmz8","time":1613329864,"event":{"mods":["Act Like it!","Aspiration","BaseMod","Conspire","Downfall","Gensokyo","Halation","Hubris","Jedi Mod","Mimic Mod","Minty Spire (QoL Compilation)","Pale of the Ancients","Reliquary","Replay The Spire","Shop Mod","Spikes Relics","StSLib","The Alterego","The Blue Laboratory","The Clintock","The Disciple","The Poker Player","The Witch","Waifu the Spire","Yuri Mod"],"gold_per_floor":[115,127,171,183,203,203,213,19,19,19,19,19,19,37,37,141,141,156,156,173,173,188,188,202,215,215,215,215,230,230,2,2,97,97,108,108,8,27,46,46,58,58,97,111,26,41,67,67,67,67,67,67],"floor_reached":50,"language":"ENG","playtime":2579,"items_purged":["PokerPlayerMod:Club1","PokerPlayerMod:Club2"],"score":466,"play_id":"efd605f0-d394-48a0-a599-2dff7cb7931d","local_time":"20210214141104","is_ascension_mode":false,"metric_token":1618,"campfire_choices":[{"data":"PokerPlayerMod:CardPrinter","floor":6,"key":"SMITH"},{"data":"PokerPlayerMod:CardPrinter+1","floor":11,"key":"SMITH"},{"data":"PokerPlayerMod:CardPrinter+3","floor":15,"key":"SMITH"},{"data":"PokerPlayerMod:CardPrinter+4","floor":23,"key":"SMITH"},{"data":"PokerPlayerMod:CardPrinter+5","floor":27,"key":"SMITH"},{"data":"PokerPlayerMod:CardPrinter+6","floor":30,"key":"SMITH"},{"floor":32,"key":"RECALL"},{"data":"PokerPlayerMod:HeartStrike","floor":40,"key":"SMITH"},{"floor":49,"key":"REST"}],"circlet_count":0,"master_deck":["PokerPlayerMod:Diamond2","PokerPlayerMod:Diamond3","PokerPlayerMod:Diamond4","PokerPlayerMod:Diamond8","PokerPlayerMod:Spade1","PokerPlayerMod:Spade2","PokerPlayerMod:Spade6","PokerPlayerMod:Spade4","PokerPlayerMod:Heart2","PokerPlayerMod:TrumpStrike+1","PokerPlayerMod:BadJoker","PokerPlayerMod:Mulligan","PokerPlayerMod:ChangeRules","PokerPlayerMod:DiamondStrike","PokerPlayerMod:CardPrinter+7","PokerPlayerMod:HeartStrike+1","PokerPlayerMod:CardBurn","PokerPlayerMod:HeartStrike","PokerPlayerMod:Diamond10+","PokerPlayerMod:CloakAndDiamond+1","PokerPlayerMod:MagicTrick","Purity"],"relics":["PokerPlayerMod:DeckCase","Ornamental Fan","PokerPlayerMod:PenAndEraser","Lizard Tail","hubris:Icosahedron","Busted Crown","Guardian:PocketSentry","halation:PinkSoulGem","BicycleWheel","ReplayTheSpireMod:Lightbulb"],"acts_visited":["Exordium","Gensokyo:Gensokyo","Gensokyo:Gensokyoer"],"potions_floor_usage":[25,41,41,47],"damage_taken":[{"damage":0,"enemies":"Gensokyo:3_Fairies","floor":1,"turns":3},{"damage":0,"enemies":"Gensokyo:Python","floor":2,"turns":2},{"damage":3,"enemies":"Gensokyo:Gryphon","floor":4,"turns":2},{"damage":6,"enemies":"Gensokyo:2_Rabbits","floor":5,"turns":3},{"damage":0,"enemies":"Gensokyo:LivingMonolith","floor":7,"turns":3},{"damage":5,"enemies":"Gensokyo:Kitsune","floor":14,"turns":2},{"damage":29,"enemies":"Gensokyo:Kokoro","floor":16,"turns":12},{"damage":4,"enemies":"Gensokyo:CosmicMonolith","floor":18,"turns":2},{"damage":13,"enemies":"Gensokyo:AngelMirror","floor":20,"turns":2},{"damage":8,"enemies":"Gensokyo:Monolith_and_Dog","floor":22,"turns":5},{"damage":0,"enemies":"Gensokyo:3_Gloops","floor":24,"turns":5},{"damage":15,"enemies":"Gensokyo:Wraith","floor":25,"turns":3},{"damage":0,"enemies":"Gensokyo:Mirror_and_Dog","floor":29,"turns":3},{"damage":18,"enemies":"Gensokyo:Eiki","floor":33,"turns":8},{"damage":18,"enemies":"Gensokyo:3_Boulders","floor":35,"turns":5},{"damage":17,"enemies":"Gensokyo:3_Bats","floor":38,"turns":4},{"damage":16,"enemies":"Gensokyo:Sharpion","floor":39,"turns":5},{"damage":0,"enemies":"Gensokyo:Rafflesia","floor":41,"turns":7},{"damage":1,"enemies":"Gensokyo:3_Boulders","floor":43,"turns":7},{"damage":14,"enemies":"Gensokyo:3_Boulders","floor":44,"turns":4},{"damage":10,"enemies":"Gensokyo:4_Bats","floor":46,"turns":2},{"damage":42,"enemies":"Gensokyo:Marisa","floor":47,"turns":6},{"damage":11,"enemies":"Gensokyo:Yuyuko","floor":50,"turns":6}],"seed_played":"-5568576785776854581","potions_obtained":[{"floor":1,"key":"Strength Potion"},{"floor":2,"key":"blueLaboratory:BottleOfVodka"},{"floor":4,"key":"blueLaboratory:AbyssPotion"},{"floor":7,"key":"AttackPotion"},{"floor":18,"key":"Guardian:BlockOnCardUsePotion"},{"floor":25,"key":"AttackPotion"},{"floor":46,"key":"blueLaboratory:CorrosionFlask"}],"is_trial":false,"path_per_floor":["M","M","?","M","M","R","M","$","T","?","R","?","$","M","R","B",null,"M","?","M","COS","M","R","M","M","T","R","?","M","R","$","R","B",null,"M","?","$","M","M","R","M","?","MIM","M","$","M","E","COS","R","B"],"character_chosen":"THE_POKER_PLAYER","items_purchased":["PokerPlayerMod:PenAndEraser","PokerPlayerMod:CardBurn","Guardian:PocketSentry","Purity"],"campfire_rested":1,"item_purchase_floors":[8,8,31,45],"current_hp_per_floor":[52,52,32,33,29,29,36,36,36,36,36,36,36,35,35,14,52,51,52,41,41,43,43,52,49,49,49,49,52,52,52,52,46,52,40,40,40,32,19,19,29,29,45,38,38,38,6,6,21,0,0,0],"gold":67,"neow_bonus":"TRANSFORM_CARD","is_daily":false,"chose_seed":false,"campfire_upgraded":7,"win_rate":0.0,"timestamp":1613329864,"path_taken":["M","?","?","M","?","R","M","$","T","?","R","?","$","M","R","BOSS","M","?","M","COS","?","R","M","M","T","R","?","M","R","$","R","BOSS","M","?","?","M","M","R","?","?","MIM","?","$","M","E","COS","R","BOSS"],"items_purchased_type":["Relic","Card","Relic","Card"],"build_version":"2020-12-22","purchased_purges":2,"victory":false,"max_hp_per_floor":[52,52,52,52,52,52,52,52,52,52,52,52,52,52,52,52,52,52,52,52,52,52,52,52,52,52,52,52,52,52,52,52,52,52,52,52,52,52,52,52,52,52,52,52,52,52,52,52,52,1,1,1],"card_choices":[{"not_picked":["PokerPlayerMod:Club3","PokerPlayerMod:Heart1","PokerPlayerMod:Club5"],"picked":"SKIP","floor":1},{"not_picked":["PokerPlayerMod:Spade1","PokerPlayerMod:Configure","PokerPlayerMod:Club3"],"picked":"SKIP","floor":2},{"not_picked":["PokerPlayerMod:Spade5","PokerPlayerMod:Spade3"],"picked":"PokerPlayerMod:DiamondStrike","floor":3},{"not_picked":["PokerPlayerMod:ClubStrike","PokerPlayerMod:Spade4"],"picked":"PokerPlayerMod:CardPrinter","floor":4},{"not_picked":["PokerPlayerMod:Spade1","PokerPlayerMod:ClubStrike"],"picked":"PokerPlayerMod:HeartStrike","floor":5},{"not_picked":["PokerPlayerMod:Sharpen","PokerPlayerMod:Diamond2","PokerPlayerMod:Heart1"],"picked":"SKIP","floor":7},{"not_picked":["PokerPlayerMod:Spade1","PokerPlayerMod:Heart4"],"picked":"PokerPlayerMod:HeartStrike","floor":14},{"not_picked":["PokerPlayerMod:Diamond8","PokerPlayerMod:TheDieIsCast"],"picked":"PokerPlayerMod:Diamond10+","floor":16},{"not_picked":[],"picked":"PokerPlayerMod:CloakAndDiamond+1","floor":18},{"not_picked":["PokerPlayerMod:Diamond1"],"picked":"SKIP","floor":20},{"not_picked":["PokerPlayerMod:Diamond2"],"picked":"SKIP","floor":22},{"not_picked":["PokerPlayerMod:Diamond1"],"picked":"SKIP","floor":24},{"not_picked":[],"picked":"PokerPlayerMod:MagicTrick","floor":25},{"not_picked":["PokerPlayerMod:Heart1"],"picked":"SKIP","floor":29},{"not_picked":["PokerPlayerMod:ClubDance"],"picked":"SKIP","floor":35},{"not_picked":["PokerPlayerMod:Spade3"],"picked":"SKIP","floor":38},{"not_picked":["PokerPlayerMod:Club4"],"picked":"SKIP","floor":39},{"not_picked":["PokerPlayerMod:DiamondStrike"],"picked":"SKIP","floor":41},{"not_picked":["PokerPlayerMod:Diamond4"],"picked":"SKIP","floor":44},{"not_picked":["PokerPlayerMod:Harden"],"picked":"SKIP","floor":46},{"not_picked":["PokerPlayerMod:Spade3"],"picked":"SKIP","floor":47}],"player_experience":305643,"relics_obtained":[{"floor":3,"key":"Ornamental Fan"},{"floor":9,"key":"Lizard Tail"},{"floor":43,"key":"BicycleWheel"},{"floor":47,"key":"ReplayTheSpireMod:Lightbulb"}],"event_choices":[],"is_beta":false,"boss_relics":[{"not_picked":["Runic Dome","aspiration:WatcherSkillbook"],"picked":"Busted Crown"},{"not_picked":["halation:PinkAlligatorPlush","PokerPlayerMod:AceCard","hubris:VirtuousBlindfold"]}],"items_purged_floors":[31,37],"is_endless":false,"potions_floor_spawned":[1,2,4,7,14,18,22,25,29,38,39,46],"killed_by":"Gensokyo:Yuyuko","ascension_level":0}}