{"host":"kh6fvhxn285ncg0o","time":1613346150,"event":{"mods":["Act Like it!","BaseMod","Colored Map","Friendly Minions","Keyboard Shortcuts","Minty Spire (QoL Compilation)","Quick Restart","Relic Stats","StSLib","SuperFastMode","UnlockEverythingMod"],"gold_per_floor":[109,109,109,125,125,125,160,184,273,285,285],"floor_reached":10,"language":"KOR","playtime":142,"items_purged":[],"score":132,"play_id":"f1a9f574-8b09-4aae-927f-09114be7b386","local_time":"20210215084230","is_ascension_mode":true,"campfire_choices":[{"data":"Blood for Blood","floor":6,"key":"SMITH"}],"circlet_count":0,"master_deck":["AscendersBane","Strike_R","Strike_R","Defend_R","Defend_R+1","Defend_R+1","Defend_R","Bash","Shame","Blood for Blood+1","Fire Breathing","Brutality"],"relics":["Burning Blood","Nunchaku","MawBank","Frozen Egg 2"],"acts_visited":["Exordium"],"potions_floor_usage":[10],"damage_taken":[{"damage":12,"enemies":"2 Louse","floor":1,"turns":3},{"damage":9,"enemies":"Cultist","floor":4,"turns":4},{"damage":19,"enemies":"3 Sentries","floor":7,"turns":4},{"damage":2,"enemies":"Small Slimes","floor":8,"turns":3},{"damage":38,"enemies":"Gremlin Nob","floor":10,"turns":3}],"seed_played":"9029570300728893698","potions_obtained":[{"floor":1,"key":"SkillPotion"},{"floor":7,"key":"SkillPotion"}],"is_trial":false,"path_per_floor":["M","?","?","M","?","R","E","M","T","E"],"character_chosen":"IRONCLAD","items_purchased":[],"campfire_rested":0,"item_purchase_floors":[],"current_hp_per_floor":[62,62,62,59,36,36,23,27,27,0,0],"gold":285,"neow_bonus":"TRANSFORM_TWO_CARDS","is_daily":false,"chose_seed":false,"campfire_upgraded":1,"win_rate":0.0,"timestamp":1613346150,"path_taken":["M","?","?","?","?","R","E","M","T","E"],"items_purchased_type":[],"build_version":"2020-12-22","purchased_purges":0,"victory":false,"max_hp_per_floor":[75,75,75,75,75,75,75,75,75,75,75],"relic_stats":{"Nunchaku":[1],"counters":[5,17],"MawBank":36,"obtain_stats":[{"Nunchaku":3,"Frozen Egg 2":9,"MawBank":7,"Burning Blood":0},{"Nunchaku":1,"Frozen Egg 2":4,"MawBank":3,"Burning Blood":0},{"Nunchaku":3,"Frozen Egg 2":14,"MawBank":11,"Burning Blood":0}],"Burning Blood":24},"card_choices":[{"not_picked":["Clash","Pommel Strike","True Grit"],"picked":"SKIP","floor":4},{"not_picked":["Brutality","Heavy Blade","Combust"],"picked":"SKIP","floor":7},{"not_picked":["Heavy Blade","Combust"],"picked":"Brutality","floor":7},{"not_picked":["Clothesline","Infernal Blade","Flex"],"picked":"SKIP","floor":8}],"player_experience":1415467,"relics_obtained":[{"floor":7,"key":"MawBank"},{"floor":9,"key":"Frozen Egg 2"}],"event_choices":[{"cards_removed":["Strike_R"],"damage_healed":0,"gold_gain":0,"player_choice":"Forget","damage_taken":0,"max_hp_gain":0,"max_hp_loss":0,"event_name":"Living Wall","floor":2,"gold_loss":0},{"damage_healed":0,"gold_gain":0,"player_choice":"Gave Potion","damage_taken":0,"relics_obtained":["Nunchaku"],"max_hp_gain":0,"max_hp_loss":0,"event_name":"WeMeetAgain","floor":3,"gold_loss":0},{"damage_healed":0,"gold_gain":0,"player_choice":"Entered Light","damage_taken":23,"max_hp_gain":0,"max_hp_loss":0,"event_name":"Shining Light","floor":5,"gold_loss":0,"cards_upgraded":["Defend_R","Defend_R"]}],"is_beta":false,"boss_relics":[],"items_purged_floors":[],"is_endless":false,"potions_floor_spawned":[1,7],"killed_by":"Gremlin Nob","ascension_level":20}}