{"host":"p0hktren06injwdf","time":1613323343,"event":{"mods":["AchievementEnabler","BaseMod","Colored Map","DeckTracker","Minty Spire (QoL Compilation)","Permanent Neow","StSLib","SuperFastMode"],"gold_per_floor":[113,113,128,21,21,21,31,60,60,60,92,92,167,179,179,277,277,290,290,136,146,146,174,188,188,239,266,276,276,294,327,327,426,426,446,496,271,271,287,287,303,329,376,705,705,927,954,622,622,622,622,622,331,358,358,358],"floor_reached":55,"language":"KOR","playtime":758,"items_purged":["Feed"],"score":894,"play_id":"208d3334-8215-46bb-b1c3-297c2367c0df","local_time":"20210215022223","is_ascension_mode":false,"campfire_choices":[{"data":"Perfected Strike","floor":6,"key":"SMITH"},{"data":"Perfected Strike","floor":10,"key":"SMITH"},{"data":"Cleave","floor":12,"key":"SMITH"},{"data":"Bash","floor":15,"key":"SMITH"},{"data":"Shrug It Off","floor":25,"key":"SMITH"},{"data":"Twin Strike","floor":29,"key":"SMITH"},{"data":"Thunderclap","floor":32,"key":"SMITH"},{"data":"Headbutt","floor":40,"key":"SMITH"},{"floor":45,"key":"RECALL"},{"data":"Clothesline","floor":49,"key":"SMITH"},{"data":"Headbutt","floor":52,"key":"SMITH"}],"circlet_count":0,"master_deck":["Strike_R+1","Strike_R+1","Strike_R+1","Strike_R+1","Defend_R+1","Defend_R+1","Defend_R+1","Bash+1","Cleave+1","Perfected Strike+1","Shrug It Off+1","Perfected Strike+1","Headbutt+1","Twin Strike+1","Twin Strike+1","Thunderclap+1","Perfected Strike+1","Headbutt+1","Shrug It Off+1","Clothesline+1","Pommel Strike"],"relics":["Burning Blood","Akabeko","Happy Flower","Pear","Frozen Egg 2","Philosopher\u0027s Stone","Blood Vial","Gambling Chip","Pen Nib","MealTicket","Red Mask","Snecko Eye","Torii","Brimstone","Omamori","Oddly Smooth Stone","Old Coin","PreservedInsect","Ancient Tea Set","Ice Cream","Ornamental Fan"],"acts_visited":["Exordium","TheCity","TheBeyond","TheEnding"],"potions_floor_usage":[8,27,33,55,55],"damage_taken":[{"damage":8,"enemies":"Small Slimes","floor":1,"turns":3},{"damage":0,"enemies":"2 Louse","floor":3,"turns":2},{"damage":6,"enemies":"Jaw Worm","floor":7,"turns":2},{"damage":0,"enemies":"Gremlin Nob","floor":8,"turns":3},{"damage":9,"enemies":"3 Sentries","floor":11,"turns":3},{"damage":0,"enemies":"Gremlin Gang","floor":14,"turns":2},{"damage":62,"enemies":"The Guardian","floor":16,"turns":9},{"damage":7,"enemies":"Chosen","floor":18,"turns":3},{"damage":6,"enemies":"Shell Parasite","floor":21,"turns":3},{"damage":29,"enemies":"Slavers","floor":23,"turns":5},{"damage":8,"enemies":"Snake Plant","floor":24,"turns":2},{"damage":27,"enemies":"Book of Stabbing","floor":27,"turns":4},{"damage":1,"enemies":"Chosen and Byrds","floor":28,"turns":2},{"damage":20,"enemies":"Shelled Parasite and Fungi","floor":30,"turns":3},{"damage":0,"enemies":"Masked Bandits","floor":31,"turns":2},{"damage":53,"enemies":"Automaton","floor":33,"turns":8},{"damage":0,"enemies":"Orb Walker","floor":35,"turns":1},{"damage":8,"enemies":"2 Orb Walkers","floor":36,"turns":3},{"damage":1,"enemies":"3 Shapes","floor":39,"turns":2},{"damage":13,"enemies":"Transient","floor":41,"turns":5},{"damage":0,"enemies":"Reptomancer","floor":42,"turns":2},{"damage":7,"enemies":"Giant Head","floor":44,"turns":3},{"damage":34,"enemies":"Donu and Deca","floor":50,"turns":4},{"damage":0,"enemies":"Shield and Spear","floor":54,"turns":2},{"damage":119,"enemies":"The Heart","floor":55,"turns":3}],"seed_played":"-1386766503506693926","potions_obtained":[{"floor":3,"key":"ColorlessPotion"},{"floor":14,"key":"GamblersBrew"},{"floor":21,"key":"BlessingOfTheForge"},{"floor":27,"key":"PowerPotion"},{"floor":28,"key":"Block Potion"},{"floor":36,"key":"ColorlessPotion"},{"floor":42,"key":"BloodPotion"}],"is_trial":false,"path_per_floor":["M","?","M","$","?","R","M","E","T","R","E","R","?","M","R","B",null,"M","?","$","M","?","E","M","R","T","E","M","R","M","?","R","B",null,"M","?","$","?","M","R","M","E","T","E","R","?","T","$","R","B",null,"R","$","E","B"],"character_chosen":"IRONCLAD","items_purchased":["Shrug It Off","Perfected Strike","Blood Vial","Brimstone","PreservedInsect","Ancient Tea Set","Clothesline","Ice Cream"],"campfire_rested":0,"item_purchase_floors":[4,4,20,37,48,48,48,53],"current_hp_per_floor":[78,78,83,83,83,83,86,86,96,96,96,96,85,94,94,41,105,107,107,107,111,111,91,91,91,91,72,79,79,67,75,75,30,114,117,115,117,117,117,117,110,117,117,116,116,116,116,117,117,89,117,117,117,117,0,0],"gold":358,"neow_bonus":"RANDOM_COMMON_RELIC","is_daily":false,"chose_seed":false,"campfire_upgraded":10,"win_rate":0.0,"timestamp":1613323343,"path_taken":["M","?","M","$","?","R","M","E","T","R","E","R","?","M","R","BOSS","M","?","$","M","?","E","M","R","T","E","M","R","?","?","R","BOSS","M","?","$","?","?","R","M","E","T","E","R","?","?","?","R","BOSS","R","$","E","BOSS"],"items_purchased_type":["Card","Card","Relic","Relic","Relic","Relic","Card","Relic"],"build_version":"2020-12-22","purchased_purges":1,"victory":false,"max_hp_per_floor":[80,80,83,83,83,83,86,86,96,96,99,99,99,102,102,105,105,108,108,108,111,111,114,114,114,114,114,114,114,114,114,114,114,114,117,117,117,117,117,117,117,117,117,117,117,117,117,117,117,117,117,117,117,117,117,117],"card_choices":[{"not_picked":["Carnage","Body Slam"],"picked":"Cleave","floor":1},{"not_picked":["Second Wind","Evolve"],"picked":"Perfected Strike","floor":3},{"not_picked":["Dark Embrace","Blood for Blood"],"picked":"Headbutt","floor":7},{"not_picked":["True Grit","Corruption","Body Slam"],"picked":"SKIP","floor":8},{"not_picked":["Rampage","Flame Barrier","Battle Trance"],"picked":"SKIP","floor":11},{"not_picked":["Pummel","Flex","Power Through"],"picked":"SKIP","floor":14},{"not_picked":["Dual Wield+1","Heavy Blade"],"picked":"Twin Strike","floor":18},{"not_picked":["Sword Boomerang","Intimidate","Combust+1"],"picked":"SKIP","floor":21},{"not_picked":["Heavy Blade","Headbutt","Uppercut"],"picked":"SKIP","floor":23},{"not_picked":["Rupture+1","Sword Boomerang","Armaments"],"picked":"SKIP","floor":24},{"not_picked":["Anger","Body Slam"],"picked":"Twin Strike+1","floor":27},{"not_picked":["Flame Barrier","Cleave","True Grit"],"picked":"SKIP","floor":28},{"not_picked":["Dual Wield","Intimidate","Fiend Fire"],"picked":"SKIP","floor":30},{"not_picked":["Carnage","Body Slam"],"picked":"Thunderclap","floor":31},{"not_picked":["Spot Weakness+1","Clash","True Grit"],"picked":"SKIP","floor":35},{"not_picked":["Armaments+1","Body Slam+1"],"picked":"Perfected Strike+1","floor":39},{"not_picked":["Thunderclap+1","Spot Weakness"],"picked":"Headbutt","floor":41},{"not_picked":["Burning Pact","Fiend Fire","Flex"],"picked":"SKIP","floor":42},{"not_picked":["Reckless Charge","True Grit+1"],"picked":"Shrug It Off+1","floor":44},{"not_picked":["Clash+1","Sever Soul"],"picked":"Pommel Strike","floor":54}],"player_experience":1059618,"relics_obtained":[{"floor":8,"key":"Happy Flower"},{"floor":9,"key":"Pear"},{"floor":11,"key":"Frozen Egg 2"},{"floor":23,"key":"Gambling Chip"},{"floor":26,"key":"Pen Nib"},{"floor":27,"key":"MealTicket"},{"floor":31,"key":"Red Mask"},{"floor":36,"key":"Torii"},{"floor":42,"key":"Omamori"},{"floor":43,"key":"Oddly Smooth Stone"},{"floor":44,"key":"Old Coin"},{"floor":54,"key":"Ornamental Fan"}],"event_choices":[{"damage_healed":0,"gold_gain":0,"cards_transformed":["Strike_R"],"player_choice":"Change","damage_taken":0,"max_hp_gain":0,"max_hp_loss":0,"event_name":"Living Wall","floor":2,"gold_loss":0,"cards_obtained":["Feed"]},{"damage_healed":0,"gold_gain":0,"player_choice":"Ignored","damage_taken":0,"max_hp_gain":0,"max_hp_loss":0,"event_name":"Liars Game","floor":5,"gold_loss":0},{"damage_healed":0,"gold_gain":75,"player_choice":"Gather Gold","damage_taken":11,"max_hp_gain":0,"max_hp_loss":0,"event_name":"World of Goop","floor":13,"gold_loss":0},{"damage_healed":0,"gold_gain":0,"player_choice":"Simplicity","damage_taken":0,"max_hp_gain":0,"max_hp_loss":0,"event_name":"Back to Basics","floor":19,"gold_loss":0,"cards_upgraded":["Strike_R","Strike_R","Strike_R","Strike_R","Defend_R","Defend_R","Defend_R","Defend_R"]},{"damage_healed":0,"gold_gain":0,"player_choice":"Ignored","damage_taken":0,"max_hp_gain":0,"max_hp_loss":0,"event_name":"NoteForYourself","floor":22,"gold_loss":0},{"damage_healed":0,"gold_gain":0,"player_choice":"Fought Bandits","damage_taken":0,"max_hp_gain":0,"max_hp_loss":0,"event_name":"Masked Bandits","floor":31,"gold_loss":0},{"damage_healed":0,"gold_gain":0,"player_choice":"Fight","damage_taken":0,"max_hp_gain":0,"max_hp_loss":0,"event_name":"Mysterious Sphere","floor":36,"gold_loss":0},{"cards_removed":["Defend_R"],"damage_healed":0,"gold_gain":0,"player_choice":"Purged","damage_taken":0,"max_hp_gain":0,"max_hp_loss":0,"event_name":"Purifier","floor":38,"gold_loss":0},{"damage_healed":0,"gold_gain":222,"player_choice":"Wore Mask","damage_taken":0,"max_hp_gain":0,"max_hp_loss":0,"event_name":"Tomb of Lord Red Mask","floor":46,"gold_loss":0}],"is_beta":false,"boss_relics":[{"not_picked":["Runic Pyramid","Runic Cube"],"picked":"Philosopher\u0027s Stone"},{"not_picked":["SlaversCollar","Runic Dome"],"picked":"Snecko Eye"}],"items_purged_floors":[37],"is_endless":false,"potions_floor_spawned":[3,14,21,27,28,30,31,36,42,44,54],"killed_by":"The Heart","ascension_level":0}}