{"host":"qy1e0kd24tpj3i2m","time":1613326331,"event":{"mods":["Act Like it!","BaseMod","Better Skull","Better Vampires","Colored Map","Colored Powertips","Custom Start","Faster Ascension Climbing","Friendly Minions","GifTheSpireLib","Gremlin Skip","Highlight Path","Minty Spire (QoL Compilation)","Permanent Neow","Poor People Problems","Quick Restart","Red Circlet Mod","Relic Filter Mod","Relic Sorter","Reorder Act Four","SacredBarkPlus","Shop Mod","StSLib","SuperFastMode","Transform Curses","没有小屋子和绿帽子啦"],"gold_per_floor":[116,41,59,59,59,93,93,93,93,118,118,151,151,171,171,171,171],"floor_reached":16,"language":"ZHS","playtime":317,"items_purged":["Bash"],"score":282,"play_id":"8a475d6b-2145-456c-b67a-ee51a4d116b0","local_time":"20210215031211","is_ascension_mode":true,"campfire_choices":[{"data":"Body Slam","floor":7.0,"key":"SMITH"},{"data":"Entrench","floor":11.0,"key":"SMITH"},{"floor":13.0,"key":"REST"},{"data":"Flex","floor":15.0,"key":"SMITH"}],"circlet_count":0,"master_deck":["AscendersBane","Strike_R","Strike_R","Strike_R","Strike_R","Strike_R","Defend_R","Defend_R","Defend_R","Defend_R","Flex+1","Body Slam+1","Burning Pact","Entrench+1","Berserk","Sword Boomerang"],"relics":["Burning Blood","NeowsBlessing","PreservedInsect","Bronze Scales","Girya","Juzu Bracelet"],"acts_visited":["Exordium"],"potions_floor_usage":[],"damage_taken":[{"damage":0.0,"enemies":"Cultist","floor":1.0,"turns":1.0},{"damage":0.0,"enemies":"2 Louse","floor":3.0,"turns":1.0},{"damage":0.0,"enemies":"Gremlin Nob","floor":6.0,"turns":1.0},{"damage":47.0,"enemies":"Lagavulin","floor":10.0,"turns":8.0},{"damage":36.0,"enemies":"Gremlin Nob","floor":12.0,"turns":4.0},{"damage":21.0,"enemies":"Jaw Worm","floor":14.0,"turns":4.0},{"damage":28,"enemies":"Slime Boss","floor":16,"turns":5}],"seed_played":"7868974205625159672","potions_obtained":[{"floor":3.0,"key":"LiquidBronze"},{"floor":10.0,"key":"FearPotion"},{"floor":14.0,"key":"BloodPotion"}],"is_trial":false,"path_per_floor":["M","$","M","?","$","E","R","?","T","E","R","E","R","M","R","B"],"character_chosen":"IRONCLAD","items_purchased":[],"campfire_rested":1,"item_purchase_floors":[],"current_hp_per_floor":[74,74,75,75,75,75,75,80,80,39,39,9,33,34,34,6,6],"gold":171,"neow_bonus":"THREE_ENEMY_KILL","is_daily":false,"chose_seed":false,"campfire_upgraded":3,"win_rate":0.0,"timestamp":1613326331,"path_taken":["M","$","?","?","?","E","R","?","T","E","R","E","R","M","R","BOSS"],"items_purchased_type":[],"build_version":"2020-12-22","purchased_purges":1,"victory":false,"max_hp_per_floor":[75,75,75,75,75,75,75,80,80,80,80,80,80,80,80,80,80],"card_choices":[{"not_picked":["Wild Strike","Cleave"],"picked":"Flex","floor":1.0},{"not_picked":["Armaments","Blood for Blood"],"picked":"Body Slam","floor":3.0},{"not_picked":["Rage","Dropkick"],"picked":"Burning Pact","floor":6.0},{"not_picked":["Armaments","Heavy Blade"],"picked":"Entrench","floor":10.0},{"not_picked":["Pummel","Ghostly Armor"],"picked":"Berserk","floor":12.0},{"not_picked":["Body Slam","Flex"],"picked":"Sword Boomerang","floor":14.0}],"player_experience":1033837,"relics_obtained":[{"floor":6.0,"key":"PreservedInsect"},{"floor":9.0,"key":"Bronze Scales"},{"floor":10.0,"key":"Girya"},{"floor":12.0,"key":"Juzu Bracelet"}],"event_choices":[{"damage_healed":0.0,"max_hp_gain":5.0,"max_hp_loss":0.0,"gold_gain":0.0,"event_name":"Big Fish","player_choice":"Donut","floor":8.0,"gold_loss":0.0,"damage_taken":0.0}],"is_beta":false,"boss_relics":[],"items_purged_floors":[2],"is_endless":false,"potions_floor_spawned":[3,10,14],"killed_by":"Slime Boss","ascension_level":20}}