{"host":"ucgrft0m53zzt06v","time":1613312052,"event":{"mods":["BaseMod","Colored Map","Colored Powertips","Conspire","HololiveMod","KinomotoSakuraMod(木之本樱)","Lobotomy","Minty Spire (QoL Compilation)","Quick Restart","Replay The Spire","Shop Mod","Spicy Shops","StSLib","Td1madao Mod","The Senshi","Waifu the Spire","WarShipGirlsR/战舰少女R mod","【遗物卡牌】REMEMod"],"gold_per_floor":[183,196,196,196,207,207,45,75,375,400,400,430,430,465,465,540,540,554,294,344,394,405,435,435,454,454,55,82,101,101,113,113,186,186,196,208,208,208,11,41,41,74,74,74,99,110,187,187,187,36,36,36],"floor_reached":53,"language":"ZHS","playtime":2950,"items_purged":["Overencumbered","Hololive_Strike"],"score":1731,"play_id":"644996f9-32b4-4158-94fc-ee780c1aa9b4","local_time":"20210214221412","is_ascension_mode":true,"campfire_choices":[{"data":"Hololive_ILoveYou","floor":6.0,"key":"SMITH"},{"data":"Hololive_StrengthChampion","floor":11.0,"key":"SMITH"},{"data":"Hololive_StrengthChampion+1","floor":11.0,"key":"SMITH"},{"data":"Hololive_StrengthChampion+2","floor":13.0,"key":"SMITH"},{"data":"Hololive_StrengthChampion+3","floor":13.0,"key":"SMITH"},{"data":"Hololive_StrengthChampion+4","floor":15.0,"key":"SMITH"},{"data":"Hololive_StrengthChampion+5","floor":15.0,"key":"SMITH"},{"data":"Pot Of Greed","floor":24.0,"key":"SMITH"},{"data":"Pot Of Greed","floor":24.0,"key":"SMITH"},{"data":"Hololive_StarCraft","floor":30.0,"key":"SMITH"},{"data":"Hololive_StrengthChampion+6","floor":30.0,"key":"SMITH"},{"data":"Hololive_Thief","floor":32.0,"key":"SMITH"},{"data":"Hololive_CocoNews","floor":32.0,"key":"SMITH"},{"data":"Hololive_StarCraft","floor":41.0,"key":"SMITH"},{"data":"Hololive_StrengthChampion+7","floor":41.0,"key":"SMITH"},{"data":"Hololive_Thief","floor":44.0,"key":"SMITH"},{"data":"Hololive_StrengthChampion+8","floor":44.0,"key":"SMITH"},{"data":"Hololive_StrengthChampion+9","floor":51.0,"key":"SMITH"},{"data":"Hololive_StrengthChampion+9","floor":51.0,"key":"SMITH"}],"circlet_count":0,"master_deck":["AscendersBane","Hololive_Strike","Hololive_Defend","Hololive_Defend","Hololive_Defend+1","Hololive_LuckPotion","Hololive_Trident+1","ClowCardTheDash+1","Hololive_LuckPotion","Hololive_FlyingPonyTail","Hololive_ILoveYou+1","Hololive_StrengthChampion+10","Hololive_Thief+1","Pot Of Greed+1","Pot Of Greed+1","Hololive_CocoNews+1","Hololive_LuckPotion","Hololive_StarCraft+1","Hololive_StarCraft+1","Hololive_FlyingPonyTail","Hololive_Thief+1","Hololive_OvertimeWork+1","Hololive_StrengthChampion+10"],"relics":["Hololive_TheStar","Hololive_Peko","REME_ComplimentaryCards","ReplayTheSpireMod:CursedCoin","Replay:Arrowhead","MerchantsRug","Replay:Kaleidoscope","Pen Nib","Simple Rune","Oddly Smooth Stone","Membership Card","Grinning Jar","ReplayFunnel","Calipers","theSenshi:FeatherClipsRelic","Juzu Bracelet","Frozen Egg 2","Replay:Rubber Ducky","Toolbox","Ice Cream","Black Star","REME_CardOfGreed","Bag of Preparation","Centennial Puzzle","Gambling Chip","Chameleon Ring","Molten Egg 2","REME_PuzzleBoxRelic","theSenshi:SpiralHeartMoonRodRelic","Gremlin Food","MealTicket","Lantern","DollysMirror"],"acts_visited":["Exordium","TheCity","TheBeyond"],"potions_floor_usage":[],"damage_taken":[{"damage":0.0,"enemies":"Jaw Worm","floor":1.0,"turns":3.0},{"damage":0.0,"enemies":"Small Slimes","floor":2.0,"turns":2.0},{"damage":0.0,"enemies":"Cultist","floor":5.0,"turns":2.0},{"damage":0.0,"enemies":"Lagavulin","floor":8.0,"turns":5.0},{"damage":12.0,"enemies":"Gremlin Nob","floor":10.0,"turns":4.0},{"damage":0.0,"enemies":"3 Sentries","floor":12.0,"turns":4.0},{"damage":0.0,"enemies":"Lagavulin","floor":14.0,"turns":4.0},{"damage":0.0,"enemies":"Hexaghost","floor":16.0,"turns":6.0},{"damage":0.0,"enemies":"Chosen","floor":18.0,"turns":3.0},{"damage":0.0,"enemies":"2 Thieves","floor":22.0,"turns":3.0},{"damage":0.0,"enemies":"Slavers","floor":23.0,"turns":4.0},{"damage":0.0,"enemies":"Centurion and Healer","floor":25.0,"turns":3.0},{"damage":0.0,"enemies":"Book of Stabbing","floor":28.0,"turns":4.0},{"damage":0.0,"enemies":"Snecko","floor":29.0,"turns":3.0},{"damage":0.0,"enemies":"Snake Plant","floor":31.0,"turns":2.0},{"damage":0.0,"enemies":"conspire:MysteriousRune","floor":33.0,"turns":5.0},{"damage":0.0,"enemies":"3 Shapes","floor":35.0,"turns":4.0},{"damage":0.0,"enemies":"Orb Walker","floor":36.0,"turns":2.0},{"damage":0.0,"enemies":"Nemesis","floor":40.0,"turns":5.0},{"damage":0.0,"enemies":"R_Hoarder","floor":42.0,"turns":6.0},{"damage":0.0,"enemies":"Reptomancer","floor":45.0,"turns":4.0},{"damage":0.0,"enemies":"Transient","floor":46.0,"turns":5.0},{"damage":0,"enemies":"Replay:Hell Engine","floor":52,"turns":4}],"seed_played":"800717550361957592","potions_obtained":[{"floor":8.0,"key":"Doom Potion"},{"floor":12.0,"key":"DistilledChaos"},{"floor":46.0,"key":"FearPotion"}],"is_trial":false,"path_per_floor":["M","M","?","?","M","R","$","E","T","E","R","E","R","E","R_BF","B",null,"M","$","?","?","M","E","R","M","T","$","E","M","R","M","R","B",null,"M","M","?","?","$","E","R","E","T","R","E","M","?","PTL","PTL","$","R","B",null],"character_chosen":"Hololive_HololiveCharacter","items_purchased":["ReplayTheSpireMod:CursedCoin","Replay:Arrowhead","MerchantsRug","Membership Card","Grinning Jar","ReplayFunnel","Juzu Bracelet","Frozen Egg 2","Replay:Rubber Ducky","Toolbox","Hololive_FlyingPonyTail","REME_CardOfGreed","Bag of Preparation","Lantern","DollysMirror"],"campfire_rested":0,"item_purchase_floors":[7,7,7,19,19,19,27,27,27,27,39,39,39,50,50],"current_hp_per_floor":[27,27,27,27,27,27,27,27,27,15,15,15,15,15,15,15,26,26,26,26,23,23,23,23,23,23,23,29,30,30,30,30,30,30,30,30,28,28,28,28,28,28,28,28,28,28,17,17,17,28,28,28],"gold":36,"neow_bonus":"HUNDRED_GOLD","is_daily":false,"chose_seed":false,"campfire_upgraded":19,"win_rate":0.0,"timestamp":1613312052,"path_taken":["M","M","?","?","?","R","$","E","T","E","R","E","R","E","R_BF","BOSS","M","$","?","?","M","E","R","M","T","$","E","M","R","M","R","BOSS","M","M","?","?","$","E","R","E","T","R","E","M","?","PTL","PTL","$","R","BOSS"],"items_purchased_type":["Relic","Relic","Relic","Relic","Relic","Relic","Relic","Relic","Relic","Relic","Card","Relic","Relic","Card","Relic"],"build_version":"2020-12-22","purchased_purges":2,"victory":true,"max_hp_per_floor":[30,30,30,30,30,30,30,30,30,30,30,30,30,30,30,30,30,30,30,30,30,30,30,30,30,30,30,30,30,30,30,30,30,30,30,30,28,28,28,28,28,28,28,28,28,28,28,28,28,28,28,28],"card_choices":[{"not_picked":["Hololive_Rebound","Hololive_Trident","Hololive_CocoNews"],"picked":"Hololive_LuckPotion","floor":1.0},{"not_picked":["Hololive_CallTokinoSora","Hololive_StrengthChampion","Hololive_CallSpadeEcho"],"picked":"Hololive_FlyingPonyTail","floor":2.0},{"not_picked":["Hololive_Drill","Hololive_RevenueBasedLive","Hololive_Sequa"],"picked":"Hololive_ILoveYou","floor":5.0},{"not_picked":["Hololive_CallTokinoSora","Hololive_CallMomosuzuNene","Hololive_Rebirth","Hololive_CallAkaiHaato"],"picked":"SKIP","floor":8.0},{"not_picked":["Hololive_Psychosis","Hololive_LuckPotion","Hololive_CallShiroganeNoel"],"picked":"Hololive_StrengthChampion","floor":10.0},{"not_picked":["Hololive_RevenueBasedLive","Hololive_CallAkaiHaato","Hololive_DDD","Hololive_Psychosis"],"picked":"SKIP","floor":12.0},{"not_picked":["Hololive_Psychosis","Hololive_StrengthChampion","Hololive_Drill","Hololive_WolfAndLamb"],"picked":"SKIP","floor":14.0},{"not_picked":["Hololive_HighAtkLowDef","Hololive_ASMR","Hololive_ScarfAndHalo"],"picked":"Hololive_Thief","floor":16.0},{"not_picked":["Hololive_Drill","Hololive_Sequa","Hololive_CallAmaneKanata+1","Hololive_CallYogiri"],"picked":"SKIP","floor":18.0},{"not_picked":["Hololive_CallMurasakiShion","Hololive_CallAmaneKanata","Hololive_CallAiraniIofifteen"],"picked":"Hololive_CocoNews","floor":22.0},{"not_picked":["Hololive_CallYukihanaLamy","Hololive_CallUruhaRushia","Hololive_HuntDinosaur"],"picked":"Hololive_LuckPotion","floor":23.0},{"not_picked":["Hololive_HuntDinosaur","Hololive_SoulCatcher","Hololive_CallHimemoriLuna","Hololive_CallInugamiKorone"],"picked":"SKIP","floor":25.0},{"not_picked":["Hololive_Drill","Hololive_LuckPotion","Hololive_Psychosis"],"picked":"Hololive_StarCraft","floor":28.0},{"not_picked":["Hololive_CallAkaiHaato+1","Hololive_Sequa","Hololive_Breathe","Hololive_CallFriendA+1"],"picked":"SKIP","floor":29.0},{"not_picked":["Hololive_CallHimemoriLuna+1","Hololive_HuntDinosaur","Hololive_CallUruhaRushia+1","Hololive_CallAiraniIofifteen+1"],"picked":"SKIP","floor":31.0},{"not_picked":["Hololive_Recruit","Hololive_ASMR","Hololive_DurableLive"],"picked":"Hololive_StarCraft","floor":33.0},{"not_picked":["Hololive_LuckPotion","Hololive_CallMinatoAqua+1","Hololive_HuntDinosaur+1","Hololive_Rebound"],"picked":"SKIP","floor":35.0},{"not_picked":["Hololive_CallYozoraMel+1","Hololive_StrengthChampion","Hololive_LuckPotion+1","Hololive_CallShirakamiFubuki+1"],"picked":"SKIP","floor":36.0},{"not_picked":["Hololive_CallFriendA+1","Hololive_CallAyundaRisu+1","Hololive_CallUruhaRushia+1","Hololive_CocoNews"],"picked":"SKIP","floor":40.0},{"not_picked":["Hololive_CallNatsuiroMatsuri+1","Hololive_WolfAndLamb","Hololive_Psychosis+1"],"picked":"Hololive_Thief","floor":42.0},{"not_picked":["Hololive_CallFriendA+1","Hololive_Trident+1","Hololive_Breathe","Hololive_Rebound"],"picked":"SKIP","floor":45.0},{"not_picked":["Hololive_RevenueBasedLive","Hololive_Sequa+1","Hololive_HuntDinosaur"],"picked":"Hololive_OvertimeWork+1","floor":46.0}],"player_experience":252884,"relics_obtained":[{"floor":8.0,"key":"Replay:Kaleidoscope"},{"floor":9.0,"key":"Old Coin"},{"floor":10.0,"key":"Pen Nib"},{"floor":12.0,"key":"Simple Rune"},{"floor":14.0,"key":"Oddly Smooth Stone"},{"floor":23.0,"key":"Calipers"},{"floor":26.0,"key":"theSenshi:FeatherClipsRelic"},{"floor":28.0,"key":"Ice Cream"},{"floor":40.0,"key":"Centennial Puzzle"},{"floor":40.0,"key":"Gambling Chip"},{"floor":42.0,"key":"Chameleon Ring"},{"floor":42.0,"key":"Molten Egg 2"},{"floor":43.0,"key":"REME_PuzzleBoxRelic"},{"floor":45.0,"key":"theSenshi:SpiralHeartMoonRodRelic"},{"floor":45.0,"key":"Gremlin Food"},{"floor":47.0,"key":"MealTicket"}],"event_choices":[{"damage_healed":0.0,"max_hp_gain":0.0,"max_hp_loss":0.0,"gold_gain":0.0,"event_name":"Living Wall","player_choice":"Grow","floor":3.0,"gold_loss":0.0,"damage_taken":0.0,"cards_upgraded":["Hololive_Trident"]},{"damage_healed":0.0,"max_hp_gain":0.0,"max_hp_loss":0.0,"gold_gain":0.0,"event_name":"Upgrade Shrine","player_choice":"Upgraded","floor":4.0,"gold_loss":0.0,"damage_taken":0.0,"cards_upgraded":["ClowCardTheDash"]},{"damage_healed":0.0,"max_hp_gain":0.0,"max_hp_loss":0.0,"gold_gain":50.0,"event_name":"Nest","player_choice":"Stole From Cult","floor":20.0,"gold_loss":0.0,"damage_taken":0.0},{"damage_healed":0.0,"max_hp_gain":0.0,"max_hp_loss":0.0,"gold_gain":50.0,"event_name":"FaceTrader","player_choice":"Touch","floor":21.0,"gold_loss":0.0,"damage_taken":3.0},{"damage_healed":0.0,"max_hp_gain":0.0,"max_hp_loss":2.0,"gold_gain":0.0,"event_name":"Winding Halls","player_choice":"Max HP","floor":37.0,"gold_loss":0.0,"damage_taken":0.0},{"cards_removed":["Hololive_Defend"],"damage_healed":0.0,"max_hp_gain":0.0,"max_hp_loss":0.0,"gold_gain":0.0,"event_name":"Falling","player_choice":"Removed Skill","floor":38.0,"gold_loss":0.0,"damage_taken":0.0}],"is_beta":false,"boss_relics":[{"not_picked":["Abe\u0027s Treasure","Ectoplasm"],"picked":"Empty Cage"},{"not_picked":["Velvet Choker","Hololive_ChaosS"],"picked":"Black Star"}],"items_purged_floors":[7,27],"is_endless":false,"potions_floor_spawned":[8,10,12,16,25,28,29,31,40,42,45,46],"ascension_level":15}}