{"host":"eaiphzh066bwqdh7","time":1613327630,"event":{"mods":["BaseMod","Better Note","Halation","Hubris","Minty Spire (QoL Compilation)","Reliquary","Replay The Spire","StSLib"],"gold_per_floor":[109,109,177,188,204,204,254,304,304,6,56,56,106,168,168,266,266,278,10,60,70,134,134,157,180,248,260,65,65,115,17,17,124,124,124,21,89,166,182,193,193],"floor_reached":40,"language":"ENG","playtime":1278,"items_purged":["Defend_B","Defend_B","Parasite","Defend_B"],"score":476,"play_id":"3fa2774e-01fb-4df8-8c66-b6df74de5793","local_time":"20210214133350","is_ascension_mode":true,"campfire_choices":[{"floor":6,"key":"REST"},{"data":"Ball Lightning","floor":12,"key":"SMITH"},{"floor":15,"key":"REST"},{"floor":23,"key":"REST"},{"floor":29,"key":"REST"},{"floor":32,"key":"REST"}],"circlet_count":0,"master_deck":["Strike_B","Strike_B","Zap","Dualcast","Loop+1","Loop","Leap+1","Ball Lightning+1","Redo","Static Discharge","Electrodynamics","Conserve Battery","Conserve Battery","Electrodynamics","Loop","Conserve Battery+1"],"relics":["Cracked Core","SsserpentHead","hubris:Towel","reliquary:PurpleTingedLeaf","Strawberry","halation:Sosunser","Nuclear Battery","Membership Card","reliquary:TatteredRug","halation:IllGainedPizza","Bottled Flame","Blood Vial","halation:Jellyphish","Lizard Tail","ReplayTheSpireMod:CursedCoin","Pet Ghost","hubris:Backtick","Burning Blood","Runic Capacitor","Replay:WaspNest"],"acts_visited":["Exordium","TheCity","TheBeyond"],"potions_floor_usage":[16,16,22,24,27,33,38,39],"damage_taken":[{"damage":4,"enemies":"2 Louse","floor":1,"turns":3},{"damage":1,"enemies":"Cultist","floor":3,"turns":3},{"damage":9,"enemies":"Small Slimes","floor":4,"turns":4},{"damage":13,"enemies":"3 Louse","floor":5,"turns":4},{"damage":0,"enemies":"Looter","floor":14,"turns":2},{"damage":21,"enemies":"Slime Boss","floor":16,"turns":5},{"damage":33,"enemies":"Chosen","floor":18,"turns":4},{"damage":6,"enemies":"3 Byrds","floor":22,"turns":2},{"damage":25,"enemies":"Shelled Parasite and Fungi","floor":24,"turns":5},{"damage":23,"enemies":"Centurion and Healer","floor":25,"turns":4},{"damage":0,"enemies":"3 Cultists","floor":27,"turns":3},{"damage":118,"enemies":"Champ","floor":33,"turns":12},{"damage":11,"enemies":"3 Shapes","floor":37,"turns":3},{"damage":58,"enemies":"Jaw Worm Horde","floor":38,"turns":4},{"damage":12,"enemies":"4 Shapes","floor":39,"turns":2},{"damage":29,"enemies":"Nemesis","floor":40,"turns":5}],"seed_played":"4515098588655785900","potions_obtained":[{"floor":4,"key":"ColorlessPotion"},{"floor":14,"key":"Reflective Coating"},{"floor":21,"key":"DistilledChaos"},{"floor":21,"key":"Dexterity Potion"},{"floor":24,"key":"DuplicationPotion"},{"floor":25,"key":"SpeedPotion"},{"floor":37,"key":"LifebloodPotion"},{"floor":38,"key":"DistilledChaos"}],"is_trial":false,"path_per_floor":["M","?","M","M","M","R","?","?","T","$","?","R","?","M","R","B",null,"M","$","?","?","M","R","M","M","T","M","$","R","?","$","R","B",null,"M","$","M","M","M","E"],"character_chosen":"DEFECT","items_purchased":["Strawberry","halation:Sosunser","Membership Card","reliquary:TatteredRug","halation:IllGainedPizza","Blood Vial","halation:Jellyphish","Lizard Tail","ReplayTheSpireMod:CursedCoin","Pet Ghost","Runic Capacitor"],"campfire_rested":5,"item_purchase_floors":[10,10,19,19,19,28,28,31,31,31,36],"current_hp_per_floor":[71,71,70,61,48,70,70,70,70,77,77,77,61,62,82,63,82,50,50,50,50,44,68,45,24,24,25,25,49,49,49,72,2,79,79,79,74,25,22,0,0],"gold":193,"neow_bonus":"RANDOM_EVENT","is_daily":false,"chose_seed":false,"campfire_upgraded":1,"win_rate":0.0,"timestamp":1613327630,"path_taken":["M","?","?","M","M","R","?","?","T","$","?","R","?","?","R","BOSS","M","$","?","?","?","R","M","M","T","M","$","R","?","$","R","BOSS","M","?","?","?","M","E"],"items_purchased_type":["Relic","Relic","Relic","Relic","Relic","Relic","Relic","Relic","Relic","Relic","Relic"],"build_version":"2020-12-22","purchased_purges":4,"victory":false,"max_hp_per_floor":[75,75,75,75,75,75,75,75,75,82,82,82,82,82,82,82,82,82,82,82,82,82,82,82,82,82,82,82,82,82,79,79,79,79,79,79,79,79,79,79,79],"card_choices":[{"not_picked":["Coolheaded","Stack"],"picked":"Loop","floor":1},{"not_picked":["Stack","Gash"],"picked":"Leap","floor":3},{"not_picked":["Rebound","Tempest"],"picked":"Ball Lightning","floor":4},{"not_picked":["Auto Shields","Steam"],"picked":"Redo","floor":5},{"not_picked":["Sweeping Beam","Hologram"],"picked":"Static Discharge","floor":14},{"not_picked":["Amplify","Seek"],"picked":"Electrodynamics","floor":16},{"not_picked":["Reinforced Body","Time Bomb+1"],"picked":"Conserve Battery","floor":18},{"not_picked":["Auto Shields","Scrape+1","Force Field"],"picked":"SKIP","floor":22},{"not_picked":["Hello World","Turbo","BasicCrystalCard+1"],"picked":"SKIP","floor":24},{"not_picked":["Aggregate","Glacier"],"picked":"Conserve Battery","floor":25},{"not_picked":["Sweeping Beam","Hologram","Panic Button"],"picked":"SKIP","floor":27},{"not_picked":["Thunder Strike","ReplayTheSpireMod:Fabricate Wheel"],"picked":"Electrodynamics","floor":33},{"not_picked":["Turbo+1","Beam Cell"],"picked":"Loop","floor":37},{"not_picked":["Fission","Sweeping Beam+1","Barrage"],"picked":"SKIP","floor":38},{"not_picked":["BasicCrystalCard+1","Turbo"],"picked":"Conserve Battery+1","floor":39}],"player_experience":311493,"relics_obtained":[{"floor":9,"key":"reliquary:PurpleTingedLeaf"},{"floor":26,"key":"Bottled Flame"}],"event_choices":[{"damage_healed":0,"gold_gain":0,"player_choice":"Trade","damage_taken":0,"relics_obtained":["SsserpentHead"],"max_hp_gain":0,"max_hp_loss":0,"event_name":"FaceTrader","floor":2,"gold_loss":0},{"cards_removed":["Defend_B"],"damage_healed":0,"gold_gain":0,"player_choice":"Forget","damage_taken":0,"max_hp_gain":0,"max_hp_loss":0,"event_name":"Living Wall","floor":11,"gold_loss":0},{"damage_healed":0,"gold_gain":0,"player_choice":"Entered Light","damage_taken":16,"max_hp_gain":0,"max_hp_loss":0,"event_name":"Shining Light","floor":13,"gold_loss":0,"cards_upgraded":["Loop","Leap"]},{"damage_healed":0,"gold_gain":0,"player_choice":"Ignored","damage_taken":0,"max_hp_gain":0,"max_hp_loss":0,"event_name":"Cursed Tome","floor":20,"gold_loss":0},{"damage_healed":0,"gold_gain":0,"player_choice":"Bought 3 Potions","damage_taken":0,"max_hp_gain":0,"max_hp_loss":0,"event_name":"The Woman in Blue","floor":21,"gold_loss":0},{"cards_removed":["Strike_B"],"damage_healed":0,"gold_gain":0,"player_choice":"Offered Basic","damage_taken":0,"max_hp_gain":0,"max_hp_loss":0,"event_name":"Bonfire Elementals","floor":30,"gold_loss":0}],"is_beta":false,"boss_relics":[{"not_picked":["hubris:GrandSneckoEye","reliquary:WritOfMandamus"],"picked":"Nuclear Battery"},{"not_picked":["Pandora\u0027s Box","Abe\u0027s Treasure","Painkiller Herb"]}],"items_purged_floors":[19,28,31,36],"is_endless":false,"potions_floor_spawned":[4,14,24,25,37,38],"killed_by":"Nemesis","ascension_level":4}}