{"host":"0mhttqdumuceah7q","time":1613303808,"event":{"mods":["AchievementEnabler","BaseMod","Colored Map","DeckTracker","Minty Spire (QoL Compilation)","Permanent Neow"],"gold_per_floor":[113,128,142,152,171,199,214,247,247,247,247,259,270,298,298,298,298],"floor_reached":16,"language":"KOR","playtime":638,"items_purged":[],"score":139,"play_id":"b70f48b9-80ba-4856-9c0c-87500f56b80c","local_time":"20210214205648","is_ascension_mode":true,"campfire_choices":[{"floor":10,"key":"REST"},{"data":"Eruption","floor":15,"key":"SMITH"}],"circlet_count":0,"master_deck":["Strike_P","Strike_P","Strike_P","Strike_P","Defend_P","Defend_P","Defend_P","Eruption+1","Vigilance","CurseOfTheBell","FollowUp","SashWhip","CutThroughFate","EmptyFist","WreathOfFlame","InnerPeace","Adaptation","BowlingBash","FollowUp","Wallop","WheelKick","DeceiveReality"],"relics":["Calling Bell","Toy Ornithopter","Eternal Feather","Du-Vu Doll","Happy Flower","MealTicket","Damaru","HornCleat"],"acts_visited":["Exordium"],"potions_floor_usage":[6,6,12,14,14],"damage_taken":[{"damage":5,"enemies":"Small Slimes","floor":1,"turns":3},{"damage":0,"enemies":"Cultist","floor":2,"turns":2},{"damage":2,"enemies":"Jaw Worm","floor":3,"turns":2},{"damage":9,"enemies":"Red Slaver","floor":4,"turns":3},{"damage":3,"enemies":"Looter","floor":5,"turns":2},{"damage":5,"enemies":"Lagavulin","floor":6,"turns":5},{"damage":7,"enemies":"Exordium Wildlife","floor":7,"turns":3},{"damage":42,"enemies":"Gremlin Nob","floor":8,"turns":4},{"damage":26,"enemies":"Large Slime","floor":12,"turns":4},{"damage":0,"enemies":"3 Louse","floor":13,"turns":2},{"damage":5,"enemies":"3 Sentries","floor":14,"turns":5},{"damage":36,"enemies":"The Guardian","floor":16,"turns":4}],"seed_played":"7240657185842848114","potions_obtained":[{"floor":1,"key":"FearPotion"},{"floor":3,"key":"Strength Potion"},{"floor":7,"key":"Ancient Potion"},{"floor":12,"key":"SpeedPotion"},{"floor":13,"key":"EssenceOfSteel"}],"is_trial":false,"path_per_floor":["M","M","M","M","M","E","M","E","T","R","?","M","M","E","R","B"],"character_chosen":"WATCHER","items_purchased":[],"campfire_rested":1,"item_purchase_floors":[],"current_hp_per_floor":[67,67,65,56,53,58,51,9,9,39,39,18,18,23,35,0,0],"gold":298,"neow_bonus":"BOSS_RELIC","is_daily":false,"chose_seed":false,"campfire_upgraded":1,"win_rate":0.0,"timestamp":1613303808,"path_taken":["M","M","M","M","M","E","M","E","T","R","?","?","M","E","R","BOSS"],"items_purchased_type":[],"build_version":"2020-12-22","purchased_purges":0,"victory":false,"max_hp_per_floor":[72,72,72,72,72,72,72,72,72,72,72,72,72,72,72,72,72],"card_choices":[{"not_picked":["BowlingBash","SignatureMove"],"picked":"FollowUp","floor":1},{"not_picked":["Prostrate","Evaluate"],"picked":"SashWhip","floor":2},{"not_picked":["PathToVictory","Omniscience"],"picked":"CutThroughFate","floor":3},{"not_picked":["ThirdEye","FearNoEvil"],"picked":"EmptyFist","floor":4},{"not_picked":["PathToVictory","LikeWater"],"picked":"WreathOfFlame","floor":5},{"not_picked":["WheelKick","ClearTheMind"],"picked":"InnerPeace","floor":6},{"not_picked":["CarveReality","Vengeance"],"picked":"Adaptation","floor":7},{"not_picked":["Vault","ThirdEye"],"picked":"BowlingBash","floor":8},{"not_picked":["CrushJoints","FollowUp"],"picked":"Wallop","floor":12},{"not_picked":["ReachHeaven","ClearTheMind"],"picked":"WheelKick","floor":13},{"not_picked":["MentalFortress","Protect"],"picked":"DeceiveReality","floor":14}],"player_experience":80087,"relics_obtained":[{"floor":0,"key":"Toy Ornithopter"},{"floor":0,"key":"Eternal Feather"},{"floor":0,"key":"Du-Vu Doll"},{"floor":6,"key":"Happy Flower"},{"floor":8,"key":"MealTicket"},{"floor":9,"key":"Damaru"},{"floor":14,"key":"HornCleat"}],"event_choices":[{"damage_healed":0,"gold_gain":0,"cards_transformed":["Defend_P"],"player_choice":"Transformed","damage_taken":0,"max_hp_gain":0,"max_hp_loss":0,"event_name":"Transmorgrifier","floor":11,"gold_loss":0,"cards_obtained":["FollowUp"]}],"is_beta":false,"boss_relics":[],"items_purged_floors":[],"is_endless":false,"potions_floor_spawned":[1,3,7,12,13],"killed_by":"The Guardian","ascension_level":2}}