{"host":"5h6e4l6hpn0p5lap","time":1613330065,"event":{"mods":["AchievementEnabler","BaseMod","Better Altar","Better Match","Better Sensory Stone","Better Skull","Better Third Choice","Colored Map","Filter the Spire","Minty Spire (QoL Compilation)","StSLib"],"gold_per_floor":[217,234,244,244,121,121,121,164,164,164,180,34,57,100,100,230,230,230,245,268,61,94,94,94,94],"floor_reached":24,"language":"ENG","playtime":1273,"items_purged":["Strike_B","Pain","Dualcast"],"score":291,"play_id":"1a14583d-a309-43ff-81b3-43dfff79bfa1","local_time":"20210214141425","is_ascension_mode":true,"campfire_choices":[{"data":"Zap","floor":6,"key":"SMITH"},{"floor":15,"key":"REST"},{"data":"Fission","floor":23,"key":"SMITH"}],"circlet_count":0,"master_deck":["Strike_B","Strike_B","Strike_B","Defend_B","Defend_B","Defend_B","Defend_B","Zap+1","Defragment","Steam","Streamline","Cold Snap","Conserve Battery","Cold Snap","Leap","Reinforced Body","Ball Lightning","Multi-Cast","Self Repair+1","Fission+1"],"relics":["Cracked Core","Golden Idol","Dead Branch","Ice Cream","WarpedTongs","CeramicFish","Runic Pyramid","Membership Card"],"acts_visited":["Exordium","TheCity"],"potions_floor_usage":[8,11,18,22],"damage_taken":[{"damage":1,"enemies":"Cultist","floor":1,"turns":3},{"damage":2,"enemies":"Jaw Worm","floor":2,"turns":3},{"damage":0,"enemies":"2 Louse","floor":3,"turns":2},{"damage":11,"enemies":"3 Sentries","floor":8,"turns":6},{"damage":10,"enemies":"Gremlin Gang","floor":11,"turns":5},{"damage":2,"enemies":"Looter","floor":13,"turns":3},{"damage":20,"enemies":"Lagavulin","floor":14,"turns":6},{"damage":16,"enemies":"Slime Boss","floor":16,"turns":11},{"damage":0,"enemies":"2 Thieves","floor":18,"turns":1},{"damage":4,"enemies":"Chosen","floor":19,"turns":5},{"damage":22,"enemies":"Sentry and Sphere","floor":20,"turns":8},{"damage":14,"enemies":"Snake Plant","floor":22,"turns":5},{"damage":0,"enemies":"Slavers","floor":24,"turns":1}],"seed_played":"5076380464972575890","potions_obtained":[{"floor":2,"key":"Fire Potion"},{"floor":8,"key":"PowerPotion"},{"floor":16,"key":"SmokeBomb"},{"floor":20,"key":"Regen Potion"},{"floor":22,"key":"PotionOfCapacity"}],"is_trial":false,"path_per_floor":["M","M","M","?","$","R","?","E","T","?","M","$","M","E","R","B",null,"M","M","M","$","M","R","E"],"character_chosen":"DEFECT","items_purchased":["Cold Snap","Leap","Membership Card"],"campfire_rested":1,"item_purchase_floors":[5,12,21],"current_hp_per_floor":[67,65,65,65,65,65,65,54,54,54,44,44,42,22,42,26,58,58,54,32,32,42,42,42,42],"gold":94,"neow_bonus":"HUNDRED_GOLD","is_daily":false,"chose_seed":false,"campfire_upgraded":2,"win_rate":0.0,"timestamp":1613330065,"path_taken":["M","M","M","?","$","R","?","E","T","?","M","$","M","E","R","BOSS","M","M","?","$","M","R","E"],"items_purchased_type":["Card","Card","Relic"],"build_version":"2020-12-22","purchased_purges":3,"victory":false,"max_hp_per_floor":[75,75,75,69,69,69,69,69,69,69,69,69,69,69,69,69,69,69,69,69,69,69,69,69,69],"card_choices":[{"not_picked":["Stack","Turbo"],"picked":"Defragment","floor":1},{"not_picked":["Blizzard","Compile Driver"],"picked":"Steam","floor":2},{"not_picked":["Turbo","Auto Shields"],"picked":"Streamline","floor":3},{"not_picked":["Blizzard","Turbo"],"picked":"Conserve Battery","floor":8},{"not_picked":["Coolheaded","Turbo"],"picked":"Cold Snap","floor":11},{"not_picked":["Chaos","Gash"],"picked":"Reinforced Body","floor":13},{"not_picked":["Beam Cell","Melter"],"picked":"Ball Lightning","floor":14},{"not_picked":["Biased Cognition","Thunder Strike"],"picked":"Multi-Cast","floor":16},{"not_picked":["Compile Driver+1","Leap","Rebound"],"picked":"SKIP","floor":19},{"not_picked":["Stack","Redo"],"picked":"Self Repair+1","floor":20},{"not_picked":["White Noise","Stack"],"picked":"Fission","floor":22}],"player_experience":1112556,"relics_obtained":[{"floor":8,"key":"Dead Branch"},{"floor":9,"key":"Ice Cream"},{"floor":14,"key":"CeramicFish"}],"event_choices":[{"damage_healed":0,"gold_gain":0,"player_choice":"Lose Max HP","damage_taken":0,"relics_obtained":["Golden Idol"],"max_hp_gain":0,"max_hp_loss":6,"event_name":"Golden Idol","floor":4,"gold_loss":0},{"damage_healed":65,"gold_gain":0,"player_choice":"Leave","damage_taken":0,"max_hp_gain":0,"max_hp_loss":69,"event_name":"betterThird:BetterShining","floor":7,"gold_loss":0},{"damage_healed":0,"gold_gain":0,"player_choice":"Rummage","damage_taken":0,"relics_obtained":["WarpedTongs"],"max_hp_gain":0,"max_hp_loss":0,"event_name":"Accursed Blacksmith","floor":10,"gold_loss":0,"cards_obtained":["Pain"]}],"is_beta":false,"boss_relics":[{"not_picked":["Empty Cage","SlaversCollar"],"picked":"Runic Pyramid"}],"items_purged_floors":[5,12,21],"is_endless":false,"potions_floor_spawned":[2,8,16,20,22],"killed_by":"Slavers","ascension_level":8}}