{"host":"5dhwd44u3dydylwe","time":1613307512,"event":{"mods":["AchievementEnabler","BaseMod","BetterRewards","Dota2Spire","Duelist Mod","GifTheSpireLib","Hubris","Minty Spire (QoL Compilation)","Shop Mod","StSLib","Wandering Minibosses"],"gold_per_floor":[142,142,159,159,171,190,190,221,234,263,263,263,281,7,41,41,35,35,71,89,89,215,215,230,230,244,244,244,260,293,309,360,393,418,445,445,476,496,496,521,521,521,540,540,660,660,660,785,785,808,808,808,829,8,44,100,100,177,20,20,20,70,109,134,185,185,185,205],"floor_reached":69,"language":"ENG","playtime":5036,"items_purged":["theDuelist:Sparks","theDuelist:Sparks","theDuelist:GravekeeperCurse"],"score":1915,"play_id":"272c72c4-b429-4517-8f7f-28cebf458c1d","local_time":"20210214205832","is_ascension_mode":true,"campfire_choices":[{"data":"theDuelist:VendreadCharge","floor":7,"key":"SMITH"},{"floor":11,"key":"REST"},{"data":"theDuelist:Raigeki","floor":18,"key":"SMITH"},{"data":"theDuelist:ElectromagneticShield","floor":21,"key":"SMITH"},{"data":"Chrysalis","floor":36,"key":"SMITH"},{"data":"theDuelist:GravityLash","floor":39,"key":"SMITH"},{"data":"theDuelist:DoubleTool+1","floor":42,"key":"SMITH"},{"data":"theDuelist:DoubleTool+2","floor":44,"key":"SMITH"},{"floor":47,"key":"RECALL"},{"floor":57,"key":"REST"},{"floor":67,"key":"REST"}],"circlet_count":0,"master_deck":["theDuelist:KamionTimelord","theDuelist:YamiForm+1","theDuelist:Nameless:Power:MaskedDragon","theDuelist:MagnumShield","theDuelist:CastleWalls","theDuelist:PotGreed","theDuelist:LesserDragon","theDuelist:VendreadCharge+1","theDuelist:YamataDragon","theDuelist:Reinforcements","theDuelist:CaveDragon","theDuelist:MagicalStone+2","theDuelist:CaveDragon","Apotheosis","theDuelist:GravityLash+1","Chrysalis+1","theDuelist:Raigeki+1","theDuelist:DoubleTool+3","theDuelist:PotDuality","theDuelist:GravityAxe+1","theDuelist:KamionTimelord","theDuelist:Raigeki+1","theDuelist:ElectromagneticShield+1","theDuelist:LesserDragon","theDuelist:BabyDragon+1","theDuelist:Nameless:Greed:GracefulCharity","hubris:Insight+1","theDuelist:DarkFactory","theDuelist:SwordsConcealing","theDuelist:SilentDoom","theDuelist:CastleWalls"],"relics":["theDuelist:MillenniumPuzzle","theDuelist:CardPoolRelic","theDuelist:CardPoolBasicRelic","theDuelist:BoosterPackPoolRelic","theDuelist:CardPoolAddRelic","theDuelist:CardPoolMinusRelic","theDuelist:CardPoolSaveRelic","TwistedFunnel","Gremlin Horn","Dota2Spire:ArcaneBoots","OrangePellets","Dota2Spire:OrchidMalevolence","Dota2Spire:PhaseBoots","theDuelist:MillenniumArmor","theDuelist:ArmorPlateA","Dota2Spire:Mjollnir","Thread and Needle","theDuelist:BoosterBetterBoostersRelic","Happy Flower","theDuelist:DragonRelicB","Golden Idol","hubris:FunFungus","hubris:Backtick","Dota2Spire:ShivaGuard","Orichalcum","Dota2Spire:DrumOfEndurance","wanderingMiniBosses:ThiefScarf","theDuelist:CardPoolOptionsRelic","MealTicket","Potion Belt","theDuelist:ArmorPlateB","Bag of Marbles","theDuelist:CursedHealer","Fusion Hammer","Philosopher\u0027s Stone","hubris:Towel","Art of War","Paper Crane","theDuelist:MerchantPendant","hubris:EmptyBottle","theDuelist:MerchantNecklace","Champion Belt","hubris:CrystalStatue","hubris:SlimyHat","theDuelist:ArmorPlateC","hubris:SphereOfDissonance","Centennial Puzzle","Dota2Spire:Vanguard"],"acts_visited":["Exordium","TheCity","TheBeyond"],"potions_floor_usage":[],"damage_taken":[{"damage":0,"enemies":"Jaw Worm","floor":1,"turns":4},{"damage":0,"enemies":"Small Slimes","floor":3,"turns":4},{"damage":0,"enemies":"2 Louse","floor":5,"turns":1},{"damage":0,"enemies":"Exordium Thugs","floor":6,"turns":5},{"damage":1,"enemies":"Gremlin Nob","floor":8,"turns":5},{"damage":0,"enemies":"Looter","floor":9,"turns":3},{"damage":10,"enemies":"Lagavulin","floor":10,"turns":8},{"damage":0,"enemies":"3 Louse","floor":13,"turns":1},{"damage":0,"enemies":"3 Sentries","floor":15,"turns":3},{"damage":0,"enemies":"Blue Slaver","floor":17,"turns":8},{"damage":0,"enemies":"Lagavulin","floor":19,"turns":4},{"damage":0,"enemies":"Exordium Thugs","floor":20,"turns":3},{"damage":0,"enemies":"Hexaghost","floor":22,"turns":8},{"damage":0,"enemies":"2 Thieves","floor":24,"turns":3},{"damage":0,"enemies":"Shell Parasite","floor":26,"turns":5},{"damage":0,"enemies":"3 Cultists","floor":29,"turns":1},{"damage":0,"enemies":"theDuelist:KaibaA2","floor":30,"turns":4},{"damage":0,"enemies":"Chosen and Byrds","floor":31,"turns":5},{"damage":0,"enemies":"Centurion and Healer","floor":32,"turns":5},{"damage":0,"enemies":"Slavers","floor":33,"turns":3},{"damage":0,"enemies":"theDuelist:KaibaA2","floor":37,"turns":4},{"damage":0,"enemies":"Sentry and Sphere","floor":38,"turns":4},{"damage":0,"enemies":"Snake Plant","floor":40,"turns":3},{"damage":0,"enemies":"Shelled Parasite and Fungi","floor":43,"turns":3},{"damage":0,"enemies":"Champ","floor":45,"turns":8},{"damage":0,"enemies":"Champ","floor":48,"turns":8},{"damage":0,"enemies":"Orb Walker","floor":50,"turns":3},{"damage":0,"enemies":"3 Shapes","floor":53,"turns":1},{"damage":0,"enemies":"Writhing Mass","floor":55,"turns":5},{"damage":0,"enemies":"Giant Head","floor":56,"turns":5},{"damage":0,"enemies":"Reptomancer","floor":58,"turns":4},{"damage":0,"enemies":"Maw","floor":63,"turns":4},{"damage":0,"enemies":"Sphere and 2 Shapes","floor":64,"turns":3},{"damage":0,"enemies":"Nemesis","floor":65,"turns":4},{"damage":0,"enemies":"Donu and Deca","floor":68,"turns":4}],"seed_played":"-7355381376799915094","potions_obtained":[{"floor":3,"key":"theDuelist:BurningPotion"},{"floor":6,"key":"theDuelist:WaterBottle"},{"floor":10,"key":"theDuelist:IcePotion"},{"floor":29,"key":"SkillPotion"},{"floor":55,"key":"HeartOfIron"},{"floor":65,"key":"theDuelist:WhiteBottle"}],"is_trial":false,"path_per_floor":["M","?","M","?","M","M","R","E","M","E","R","T","M","$","E","?","M","R","E","M","R","B",null,"M","?","M","?","?","M","E","M","M","E","T","T","R","E","M","R","M","?","R","M","R","B",null,"R","B",null,"M","?","?","M","$","M","E","R","E","$","T","T","T","M","M","E","?","R","B",null],"character_chosen":"THE_DUELIST","items_purchased":["TwistedFunnel","Gremlin Horn","Dota2Spire:ArcaneBoots","OrangePellets","Dota2Spire:OrchidMalevolence","Dota2Spire:PhaseBoots","theDuelist:PotDuality","hubris:Insight","theDuelist:MagnumShield","Happy Flower","Art of War","Paper Crane","theDuelist:MerchantPendant","hubris:EmptyBottle","Apotheosis","theDuelist:MerchantNecklace","hubris:SlimyHat"],"campfire_rested":3,"item_purchase_floors":[0,0,0,0,0,0,0,0,0,14,54,54,54,54,54,54,59],"current_hp_per_floor":[32,32,32,20,20,20,20,19,19,9,33,33,33,33,33,33,33,33,33,35,35,35,74,74,74,74,74,74,74,74,74,74,74,74,74,74,74,74,74,74,74,74,74,74,74,74,74,74,74,74,74,81,81,81,81,81,81,81,81,81,81,81,81,81,81,81,81,81],"gold":205,"neow_bonus":"","is_daily":false,"chose_seed":false,"campfire_upgraded":7,"win_rate":0.0,"timestamp":1613307512,"path_taken":["M","?","M","?","M","M","R","E","M","E","R","T","M","$","E","?","M","R","E","M","R","BOSS","M","?","M","?","?","M","E","?","M","E","T","T","R","E","M","R","M","?","R","M","R","BOSS","R","BOSS","M","?","?","?","$","M","E","R","E","$","T","T","?","M","M","E","?","R","BOSS"],"items_purchased_type":["Relic","Relic","Relic","Relic","Relic","Relic","Card","Card","Card","Relic","Relic","Relic","Relic","Relic","Card","Relic","Relic"],"build_version":"2020-12-22","purchased_purges":3,"victory":true,"max_hp_per_floor":[80,80,80,80,80,80,80,80,80,80,80,80,80,80,80,74,74,74,74,74,74,74,74,74,74,74,74,74,74,74,74,74,74,74,74,74,74,74,74,74,74,74,74,74,74,74,74,74,74,74,74,81,81,81,81,81,81,81,81,81,81,81,81,81,81,81,81,81],"card_choices":[{"not_picked":["theDuelist:RainbowNeos","theDuelist:CombinationAttack","theDuelist:CoreBlaster","theDuelist:SpellShatteringArrow","theDuelist:BerserkerCrush"],"picked":"SKIP","floor":1},{"not_picked":["theDuelist:CoreBlaster","theDuelist:SpellShatteringArrow","theDuelist:BerserkerCrush","theDuelist:BreakDraw"],"picked":"theDuelist:VendreadCharge","floor":3},{"not_picked":["theDuelist:MiraculousDescent","theDuelist:ImperialOrder","theDuelist:WhiteHowling"],"picked":"theDuelist:ElectromagneticShield","floor":5},{"not_picked":["theDuelist:CrystalRaigeki","theDuelist:SilverApples","theDuelist:Wiretap","theDuelist:PineappleBlast"],"picked":"theDuelist:Reinforcements","floor":6},{"not_picked":["theDuelist:Mathematician","theDuelist:ForbiddenLance"],"picked":"theDuelist:SilentDoom","floor":8},{"not_picked":["theDuelist:CrystalRaigeki","theDuelist:SilverApples","theDuelist:FairyBox","theDuelist:Graverobber","theDuelist:Wiretap"],"picked":"SKIP","floor":9},{"not_picked":["theDuelist:CoreBlaster","theDuelist:WhiteMagicalHat","theDuelist:SpiritHarp","theDuelist:PowerKaishin","theDuelist:OnslaughtFireKings"],"picked":"SKIP","floor":10},{"not_picked":["theDuelist:Mathematician","theDuelist:BreakDraw"],"picked":"theDuelist:Raigeki","floor":13},{"not_picked":["theDuelist:BreakDraw","theDuelist:GravityBlaster","theDuelist:VenomShot"],"picked":"SKIP","floor":15},{"not_picked":["theDuelist:VendreadCharge","theDuelist:GiantTrunade","theDuelist:MythicalBeast","theDuelist:Wildfire","theDuelist:YamiForm"],"picked":"SKIP","floor":17},{"not_picked":["theDuelist:SpellShatteringArrow","theDuelist:Tuningware","theDuelist:Eva","theDuelist:OnslaughtFireKings","theDuelist:UnderworldCannon"],"picked":"SKIP","floor":19},{"not_picked":["theDuelist:RainbowNeos","theDuelist:BigFire","theDuelist:CoreBlaster","theDuelist:SpellShatteringArrow","theDuelist:UnderworldCannon"],"picked":"SKIP","floor":20},{"not_picked":["theDuelist:Eva","theDuelist:HappyLover","theDuelist:RainbowNeos","theDuelist:RainbowOverdragon"],"picked":"theDuelist:KamionTimelord","floor":22},{"not_picked":["theDuelist:Tuningware","theDuelist:BlackPendant","theDuelist:SwordDeepSeated","theDuelist:Wiretap","theDuelist:FusionFire"],"picked":"SKIP","floor":24},{"not_picked":["theDuelist:Hinotama","theDuelist:MeteorDestruction","theDuelist:Tuningware","theDuelist:Downbeat"],"picked":"theDuelist:DarkFactory","floor":26},{"not_picked":["theDuelist:CombinationAttack","theDuelist:DoubleTool","theDuelist:SilverApples","theDuelist:SpiritHarp","theDuelist:CharcoalInpachi+1"],"picked":"SKIP","floor":29},{"not_picked":["theDuelist:Eva","theDuelist:HappyLover","theDuelist:RainbowNeos","theDuelist:RainbowOverdragon"],"picked":"theDuelist:KamionTimelord","floor":30},{"not_picked":["theDuelist:Eva","theDuelist:HappyLover+1","theDuelist:RainbowNeos","theDuelist:BlockGolem","theDuelist:LabyrinthWall"],"picked":"SKIP","floor":31},{"not_picked":["theDuelist:CrystalRaigeki","theDuelist:DarkFactory","theDuelist:BigKoala","theDuelist:SangaEarth","theDuelist:WhiteHowling"],"picked":"SKIP","floor":32},{"not_picked":["Enlightenment","Panacea","PanicButton"],"picked":"Chrysalis","floor":33},{"not_picked":["theDuelist:MagnumShield","theDuelist:WormApocalypse","theDuelist:OnslaughtFireKings","theDuelist:WhiteNinja"],"picked":"theDuelist:DoubleTool+1","floor":37},{"not_picked":["theDuelist:KamionTimelord","theDuelist:InstantFusion","theDuelist:Raigeki","theDuelist:SevenCompleted+1"],"picked":"theDuelist:GravityLash","floor":38},{"not_picked":["theDuelist:HappyLover+1","theDuelist:RainbowNeos","theDuelist:FrontierWiseman","theDuelist:SpiritHarp","theDuelist:WhiteMagicalHat"],"picked":"SKIP","floor":40},{"not_picked":["theDuelist:BattleguardKing","theDuelist:RainbowOverdragon+1","theDuelist:SmashingGround","theDuelist:ForbiddenLance+1"],"picked":"theDuelist:Raigeki+1","floor":43},{"not_picked":["theDuelist:Mathematician","theDuelist:ForbiddenLance+1","theDuelist:Raigeki","theDuelist:SevenCompleted"],"picked":"theDuelist:YamiForm+1","floor":45},{"not_picked":["theDuelist:FeatherShot","theDuelist:LightningBlade","theDuelist:SwordsRevealing","theDuelist:YamiForm+1"],"picked":"theDuelist:SwordsConcealing","floor":48},{"not_picked":["theDuelist:Eva","theDuelist:HappyLover+1","theDuelist:KamionTimelord","theDuelist:RainbowNeos+1","theDuelist:YellowBelliedOni"],"picked":"SKIP","floor":50},{"not_picked":["theDuelist:BattleguardKing","theDuelist:Hinotama","theDuelist:BigEye","theDuelist:RainbowOverdragon"],"picked":"theDuelist:PotGreed","floor":53},{"not_picked":["theDuelist:Eva","theDuelist:KamionTimelord+1","theDuelist:FrontierWiseman","theDuelist:SpiritHarp","theDuelist:Mathematician+1"],"picked":"SKIP","floor":55},{"not_picked":["theDuelist:MiraculousDescent+1","theDuelist:Electrowhip+1","theDuelist:WhiteHowling","theDuelist:GridRod+1"],"picked":"theDuelist:GravityAxe+1","floor":56},{"not_picked":["theDuelist:ChaosSeed+1","theDuelist:DoubleTool+1","theDuelist:FuryFire+2","theDuelist:MeteorDestruction+2"],"picked":"theDuelist:MagicalStone+2","floor":58},{"not_picked":["theDuelist:BigFire","theDuelist:SolarWindJammer+1","theDuelist:WhiteMagicalHat+1","theDuelist:LightningVortex+1","theDuelist:SilentDoom"],"picked":"SKIP","floor":63},{"not_picked":["theDuelist:CoreBlaster+1","theDuelist:PowerKaishin+1","theDuelist:RainbowNeos+1","theDuelist:SpellShatteringArrow","theDuelist:Downbeat+1"],"picked":"SKIP","floor":64},{"not_picked":["theDuelist:VendreadCharge+1","theDuelist:DeltaAttacker","theDuelist:Mathematician+1","theDuelist:ChaosSeed+2","theDuelist:ForbiddenLance+1"],"picked":"SKIP","floor":65}],"player_experience":173489,"relics_obtained":[{"floor":8,"key":"Dota2Spire:Mjollnir"},{"floor":10,"key":"Thread and Needle"},{"floor":12,"key":"theDuelist:BoosterBetterBoostersRelic"},{"floor":15,"key":"theDuelist:DragonRelicB"},{"floor":19,"key":"hubris:FunFungus"},{"floor":30,"key":"Dota2Spire:DrumOfEndurance"},{"floor":32,"key":"wanderingMiniBosses:ThiefScarf"},{"floor":32,"key":"theDuelist:CardPoolOptionsRelic"},{"floor":33,"key":"MealTicket"},{"floor":34,"key":"Potion Belt"},{"floor":35,"key":"theDuelist:ArmorPlateB"},{"floor":37,"key":"Bag of Marbles"},{"floor":56,"key":"Champion Belt"},{"floor":58,"key":"hubris:CrystalStatue"},{"floor":60,"key":"theDuelist:ArmorPlateC"},{"floor":61,"key":"hubris:SphereOfDissonance"},{"floor":62,"key":"Centennial Puzzle"},{"floor":65,"key":"Dota2Spire:Vanguard"}],"event_choices":[{"damage_healed":0,"gold_gain":0,"player_choice":"Took item - Received: Millennium Armor","duelist":true,"damage_taken":0,"max_hp_gain":0,"max_hp_loss":0,"event_name":"Millennium Items","floor":2,"gold_loss":0},{"damage_healed":0,"gold_gain":0,"player_choice":"Success","damage_taken":12,"relics_obtained":["theDuelist:ArmorPlateA"],"max_hp_gain":0,"max_hp_loss":0,"event_name":"Scrap Ooze","floor":4,"gold_loss":0},{"damage_healed":0,"gold_gain":0,"player_choice":"Lose Max HP","damage_taken":0,"relics_obtained":["Golden Idol"],"max_hp_gain":0,"max_hp_loss":6,"event_name":"Golden Idol","floor":16,"gold_loss":0},{"damage_healed":0,"gold_gain":0,"player_choice":"Opened","damage_taken":0,"relics_obtained":["Orichalcum"],"max_hp_gain":0,"max_hp_loss":0,"event_name":"The Mausoleum","floor":25,"gold_loss":0},{"damage_healed":0,"gold_gain":0,"player_choice":"Upgraded","damage_taken":0,"max_hp_gain":0,"max_hp_loss":0,"event_name":"Upgrade Shrine","floor":28,"gold_loss":0,"cards_upgraded":["theDuelist:BabyDragon"]},{"damage_healed":0,"gold_gain":0,"player_choice":"Succumb - +25HP/Cursed Relic","duelist":true,"damage_taken":0,"max_hp_gain":0,"max_hp_loss":0,"event_name":"Tomb of the Nameless","floor":41,"gold_loss":0},{"power_reward":4,"total_magic_score":114,"gold_gain":0,"greed_reward":4,"duelist":true,"damage_taken":0,"relics_obtained":[],"points":14,"max_hp_gain":7,"max_hp_loss":0,"spent_points":{"magic":2,"greed":4,"war":0,"power":4,"hunger":4},"event_name":"Nameless Tomb","hunger_reward":4,"floor":52,"gold_loss":0,"cards_obtained":["theDuelist:Nameless:Greed:GracefulCharity","theDuelist:Nameless:Power:MaskedDragon"]},{"damage_healed":0,"gold_gain":0,"player_choice":"Leave","duelist":true,"damage_taken":0,"max_hp_gain":0,"max_hp_loss":0,"event_name":"Tomb of the Nameless","floor":66,"gold_loss":0}],"is_beta":false,"boss_relics":[{"not_picked":["theDuelist:MillenniumKey","Busted Crown"],"picked":"hubris:Backtick"},{"not_picked":["hubris:ScarierMask","Runic Pyramid"],"picked":"Fusion Hammer"},{"not_picked":["Tiny House","Empty Cage"],"picked":"Philosopher\u0027s Stone"}],"items_purged_floors":[0,0,14],"is_endless":false,"potions_floor_spawned":[3,6,10,19,22,24,26,29,32,33,48,50,55,65],"ascension_level":1}}