{"host":"8is2j71l4wmybkoi","time":1613286497,"event":{"mods":["AchievementEnabler","BaseMod","Colored Map","DeckTracker","Minty Spire (QoL Compilation)","Rare Cards Sparkle","Relic Stats","StSLib","SuperFastMode"],"gold_per_floor":[114,114,132,150,38,38,113,142,142,142,169,169,169,169],"floor_reached":13,"language":"KOR","playtime":330,"items_purged":["Defend_G"],"score":203,"play_id":"ccfe34b5-710f-4734-b2eb-78dc4838bcf6","local_time":"20210214160817","is_ascension_mode":true,"campfire_choices":[{"data":"Noxious Fumes","floor":6.0,"key":"SMITH"},{"floor":10,"key":"REST"}],"circlet_count":0,"master_deck":["AscendersBane","Strike_G","Strike_G","Strike_G","Defend_G","Defend_G","Defend_G","Survivor","Neutralize","Adrenaline","Dagger Spray","Well Laid Plans","Noxious Fumes+1","Quick Slash","Masterful Stab","Acrobatics","Flying Knee"],"relics":["Ring of the Snake","Mummified Hand","Pantograph","Snake Skull"],"acts_visited":["Exordium"],"potions_floor_usage":[8],"damage_taken":[{"damage":0.0,"enemies":"2 Louse","floor":1.0,"turns":2.0},{"damage":1.0,"enemies":"Cultist","floor":3.0,"turns":4.0},{"damage":7.0,"enemies":"Small Slimes","floor":4.0,"turns":3.0},{"damage":0,"enemies":"Lagavulin","floor":8,"turns":6},{"damage":39,"enemies":"Gremlin Nob","floor":11,"turns":5},{"damage":15,"enemies":"Lagavulin","floor":13,"turns":4}],"seed_played":"-6179789977649889541","potions_obtained":[{"floor":3.0,"key":"ColorlessPotion"}],"is_trial":false,"path_per_floor":["M","?","M","M","$","R","?","E","T","R","E","?","E"],"character_chosen":"THE_SILENT","items_purchased":["Masterful Stab"],"campfire_rested":1,"item_purchase_floors":[5],"current_hp_per_floor":[44,44,43,36,36,36,25,25,25,44,5,5,0,0],"gold":169,"neow_bonus":"TRANSFORM_TWO_CARDS","is_daily":false,"chose_seed":false,"campfire_upgraded":1,"win_rate":0.0,"timestamp":1613286497,"path_taken":["M","?","M","?","?","R","?","E","T","R","E","?","E"],"items_purchased_type":["Card"],"build_version":"2020-12-22","purchased_purges":1,"victory":false,"max_hp_per_floor":[66,66,66,66,66,66,66,66,66,66,66,66,66,66],"relic_stats":{"counters":[6,24],"Mummified Hand":[4],"Pantograph":0,"Snake Skull":[3],"obtain_stats":[{"Mummified Hand":8,"Pantograph":9,"Snake Skull":11,"Ring of the Snake":0},{"Mummified Hand":4,"Pantograph":4,"Snake Skull":5,"Ring of the Snake":0},{"Mummified Hand":15,"Pantograph":15,"Snake Skull":20,"Ring of the Snake":0}],"Ring of the Snake":[12]},"card_choices":[{"not_picked":["PiercingWail","Poisoned Stab"],"picked":"Well Laid Plans","floor":1.0},{"not_picked":["Flying Knee","Prepared"],"picked":"Noxious Fumes","floor":3.0},{"not_picked":["Noxious Fumes","Setup"],"picked":"Quick Slash","floor":4.0},{"not_picked":["Quick Slash","Finisher"],"picked":"Acrobatics","floor":8},{"not_picked":["Outmaneuver","Distraction"],"picked":"Flying Knee","floor":11}],"player_experience":1188471,"relics_obtained":[{"floor":8,"key":"Mummified Hand"},{"floor":9,"key":"Pantograph"},{"floor":11,"key":"Snake Skull"}],"event_choices":[{"cards_removed":["Strike_G"],"damage_healed":0.0,"max_hp_gain":0.0,"max_hp_loss":0.0,"gold_gain":0.0,"event_name":"Purifier","player_choice":"Purged","floor":2.0,"gold_loss":0.0,"damage_taken":0.0},{"damage_healed":0.0,"max_hp_gain":0.0,"max_hp_loss":0.0,"gold_gain":75.0,"event_name":"World of Goop","player_choice":"Gather Gold","floor":7.0,"gold_loss":0.0,"damage_taken":11.0},{"damage_healed":0,"gold_gain":0,"player_choice":"Searched \u00271\u0027 times","damage_taken":0,"max_hp_gain":0,"max_hp_loss":0,"event_name":"Dead Adventurer","floor":12,"gold_loss":0}],"is_beta":false,"boss_relics":[],"items_purged_floors":[5],"is_endless":false,"potions_floor_spawned":[3],"killed_by":"Lagavulin","ascension_level":15}}