{"host":"36qke0usa4c48kdx","time":1613304812,"event":{"mods":["AchievementEnabler","BaseMod","Colored Map","Downfall","Hermit","Hubris","Marisa????????","Minty Spire (QoL Compilation)","READ ME - Guardian Mod","Replay The Spire","Shop Mod","StSLib","The Bug Knight","The Cursed","The Disciple","The Servant 0.9.4"],"gold_per_floor":[363,363,373,373,648,193,218,233,233,233,247,262,294,305,305,401,401,412,412,412,12,26,26,56,56,79,95,105,105,105],"floor_reached":29,"language":"ENG","playtime":1556,"items_purged":["Regret","hubris:Compulsion"],"score":420,"play_id":"f754c043-1d63-4622-9c86-84d852f8207a","local_time":"20210214131332","is_ascension_mode":true,"campfire_choices":[{"data":"Brutality","floor":10,"key":"SMITH"},{"floor":15,"key":"DIG"},{"data":"Limit Break","floor":23,"key":"SMITH"},{"data":"1","floor":25,"key":"LIFT"}],"circlet_count":0,"master_deck":["Strike_R","Strike_R+1","Strike_R","Strike_R","Strike_R","Defend_R","Defend_R","Defend_R","Defend_R","Bash","Strike_MRS","Survivor","Replay:Undeath\u0027s Touch","Fire Breathing","Inflame","Brutality+1","Uppercut+1","Rage","Limit Break+1","CommonCold","CurseOfTheBell","Rupture+1","Bloodletting+1"],"relics":["Burning Blood","Art of War","hubris:Icosahedron","Lee\u0027s Waffle","Anchor","Girya","Singing Bowl","Whetstone","Bag of Marbles","Replay:Ancient Bell","Pear","hubris:MedicalManual","Nloth\u0027s Gift","HandDrill","ReplayTheSpireMod:Spearhead","Centennial Puzzle"],"acts_visited":["Exordium","TheCity"],"potions_floor_usage":[16,24,24],"damage_taken":[{"damage":1,"enemies":"Cultist","floor":1,"turns":4},{"damage":10,"enemies":"Small Slimes","floor":3,"turns":4},{"damage":27,"enemies":"Lagavulin","floor":7,"turns":6},{"damage":0,"enemies":"2 Louse","floor":8,"turns":2},{"damage":6,"enemies":"Red Slaver","floor":11,"turns":3},{"damage":3,"enemies":"Looter","floor":12,"turns":3},{"damage":14,"enemies":"Replay:BlueRogue","floor":13,"turns":4},{"damage":4,"enemies":"Exordium Wildlife","floor":14,"turns":3},{"damage":44,"enemies":"Hexaghost","floor":16,"turns":6},{"damage":32,"enemies":"2 Thieves","floor":18,"turns":4},{"damage":17,"enemies":"Chosen","floor":22,"turns":5},{"damage":33,"enemies":"Gremlin Leader","floor":24,"turns":7},{"damage":30,"enemies":"Sentry and Sphere","floor":27,"turns":5},{"damage":8,"enemies":"Snake Plant","floor":28,"turns":2},{"damage":13,"enemies":"3 Cultists","floor":29,"turns":3}],"seed_played":"-1152605256264336473","potions_obtained":[{"floor":1,"key":"PowerPotion"},{"floor":7,"key":"Fire Potion"},{"floor":13,"key":"SpeedPotion"},{"floor":16,"key":"Toxic Potion"},{"floor":18,"key":"Energy Potion"},{"floor":22,"key":"Adrenaline Potion"}],"is_trial":false,"path_per_floor":["M","?","M","?","?","$","E","M","T","R","M","M","E","M","R_BF","B",null,"M","?","?","$","M","R","E","R","T","M","M","M"],"character_chosen":"IRONCLAD","items_purchased":["Lee\u0027s Waffle","Anchor","Inflame","HandDrill","ReplayTheSpireMod:Spearhead"],"campfire_rested":0,"item_purchase_floors":[6,6,6,21,21],"current_hp_per_floor":[77,59,55,55,55,87,66,72,72,72,72,75,69,73,73,35,93,67,67,67,67,56,56,31,31,31,9,9,0,0],"gold":105,"neow_bonus":"TWO_FIFTY_GOLD","is_daily":false,"chose_seed":false,"campfire_upgraded":2,"win_rate":0.0,"timestamp":1613304812,"path_taken":["M","?","M","?","?","$","E","M","T","R","M","?","E","M","R_BF","BOSS","M","?","?","$","M","R","E","R","T","M","M","?"],"items_purchased_type":["Relic","Relic","Card","Relic","Relic"],"build_version":"2020-12-22","purchased_purges":2,"victory":false,"max_hp_per_floor":[80,80,80,80,80,87,87,87,87,87,87,87,89,91,91,91,107,107,107,107,107,107,107,109,109,109,111,113,113,113],"card_choices":[{"not_picked":["Metallicize","Shrug It Off"],"picked":"Replay:Undeath\u0027s Touch","floor":1},{"not_picked":["hubris:CleavingFinish","Dark Embrace"],"picked":"Fire Breathing","floor":3},{"not_picked":["Disarm","Clash","Anger"],"picked":"SKIP","floor":7},{"not_picked":["Armaments","Body Slam"],"picked":"Brutality","floor":8},{"not_picked":["Whirlwind","Clash"],"picked":"Uppercut","floor":11},{"not_picked":["Armaments","ReplayTheSpireMod:Strike From Hell"],"picked":"Rage","floor":12},{"not_picked":["ReplayTheSpireMod:Strike From Hell","Armaments","Clash"],"picked":"Singing Bowl","floor":13},{"not_picked":["Burning Pact","Rage","Headbutt"],"picked":"Singing Bowl","floor":14},{"not_picked":["Barricade","Eclipse"],"picked":"Limit Break","floor":16},{"not_picked":["CommonCold","Normality","hubris:Despair"],"picked":"Singing Bowl","floor":17},{"not_picked":["Injury","Replay:Sluggish","hubris:Compulsion"],"picked":"Singing Bowl","floor":17},{"not_picked":["hubris:Wrath","hubris:Disease","CurseOfTheBell"],"picked":"Singing Bowl","floor":17},{"not_picked":["Body Slam","Wild Strike+1"],"picked":"Rupture+1","floor":18},{"not_picked":["True Grit","Uppercut"],"picked":"Bloodletting+1","floor":22},{"not_picked":["Barricade","Cleave","Inflame"],"picked":"Singing Bowl","floor":24},{"not_picked":["Warcry","Dual Wield","Whirlwind"],"picked":"Singing Bowl","floor":27},{"not_picked":["Headbutt","Sword Boomerang","Blood for Blood+1"],"picked":"Singing Bowl","floor":28}],"player_experience":788835,"relics_obtained":[{"floor":7,"key":"Girya"},{"floor":9,"key":"Singing Bowl"},{"floor":13,"key":"Whetstone"},{"floor":15,"key":"Bag of Marbles"},{"floor":24,"key":"Centennial Puzzle"}],"event_choices":[{"damage_healed":0,"gold_gain":0,"player_choice":"Success","damage_taken":18,"relics_obtained":["Art of War"],"max_hp_gain":0,"max_hp_loss":0,"event_name":"Scrap Ooze","floor":2,"gold_loss":0},{"damage_healed":0,"gold_gain":275,"player_choice":"Desecrate","damage_taken":0,"max_hp_gain":0,"max_hp_loss":0,"event_name":"Golden Shrine","floor":5,"gold_loss":0,"cards_obtained":["Regret"]},{"damage_healed":0,"gold_gain":0,"player_choice":"Ignored","damage_taken":0,"max_hp_gain":0,"max_hp_loss":0,"event_name":"Ghosts","floor":19,"gold_loss":0},{"damage_healed":0,"gold_gain":0,"player_choice":"Traded Relic","damage_taken":0,"relics_obtained":["Nloth\u0027s Gift"],"max_hp_gain":0,"max_hp_loss":0,"event_name":"N\u0027loth","floor":20,"relics_lost":["Potion Belt"],"gold_loss":0}],"is_beta":false,"boss_relics":[{"not_picked":["Replay:Bronze Core","Velvet Choker"],"picked":"Replay:Ancient Bell"},{"not_picked":["Gremlin Food","Tiny Chest"],"picked":"Potion Belt"},{"not_picked":["Pantograph","ReplayTheSpireMod:Shallot"],"picked":"Pear"},{"not_picked":["Replay:PocketPolymizer","hubris:Zylophone"],"picked":"hubris:MedicalManual"}],"items_purged_floors":[6,21],"is_endless":false,"potions_floor_spawned":[1,7,13,16,18,22],"killed_by":"3 Cultists","ascension_level":9}}