{"host":"3y2rtlgteqp2nuo3","time":1613296624,"event":{"mods":["2.2 Compatiblity","AchievementEnabler","BaseMod","Colored Map","DeckTracker","Highlight Path","Keyboard Shortcuts","Minty Spire (QoL Compilation)","Permanent Neow","Quick Restart","StSLib","SuperFastMode","everything is the same but u backflip on backflip"],"gold_per_floor":[112,131,150,163,88,88,106,106,106,117,117,117],"floor_reached":11,"language":"KOR","playtime":241,"items_purged":["Strike_P"],"score":134,"play_id":"91f7c770-4226-4f56-aae4-1e42d3522f9c","local_time":"20210214185704","is_ascension_mode":true,"campfire_choices":[{"data":"Eruption","floor":6.0,"key":"SMITH"},{"data":"CrushJoints","floor":8.0,"key":"SMITH"}],"circlet_count":0,"master_deck":["AscendersBane","Strike_P","Strike_P","Defend_P","Defend_P","Defend_P","Eruption+1","Vigilance","InnerPeace","CrushJoints+1","FearNoEvil"],"relics":["PureWater","Omamori"],"acts_visited":["Exordium"],"potions_floor_usage":[],"damage_taken":[{"damage":12.0,"enemies":"Small Slimes","floor":1.0,"turns":3.0},{"damage":1.0,"enemies":"Cultist","floor":2.0,"turns":3.0},{"damage":0.0,"enemies":"Jaw Worm","floor":3.0,"turns":4.0},{"damage":2.0,"enemies":"Large Slime","floor":4.0,"turns":6.0},{"damage":0.0,"enemies":"Blue Slaver","floor":7.0,"turns":4.0},{"damage":8.0,"enemies":"Exordium Wildlife","floor":10.0,"turns":5.0},{"damage":24,"enemies":"3 Sentries","floor":11,"turns":6}],"seed_played":"5689704243844407125","potions_obtained":[{"floor":1.0,"key":"Block Potion"},{"floor":2.0,"key":"ColorlessPotion"}],"is_trial":false,"path_per_floor":["M","M","M","M","$","R","M","R","T","M","E"],"character_chosen":"WATCHER","items_purchased":[],"campfire_rested":0,"item_purchase_floors":[],"current_hp_per_floor":[31,30,30,28,28,28,28,28,28,20,0,0],"gold":117,"neow_bonus":"REMOVE_TWO","is_daily":false,"chose_seed":false,"campfire_upgraded":2,"win_rate":0.0,"timestamp":1613296624,"path_taken":["M","M","M","M","$","R","M","R","T","M","E"],"items_purchased_type":[],"build_version":"2020-12-22","purchased_purges":1,"victory":false,"max_hp_per_floor":[68,68,68,68,68,68,68,68,68,68,68,68],"card_choices":[{"not_picked":["ForeignInfluence","Swivel"],"picked":"InnerPeace","floor":1.0},{"not_picked":["ThirdEye","SashWhip","Worship"],"picked":"SKIP","floor":2.0},{"not_picked":["Pray","Evaluate"],"picked":"CrushJoints","floor":3.0},{"not_picked":["LikeWater","FlyingSleeves","EmptyFist"],"picked":"SKIP","floor":4.0},{"not_picked":["Indignation","Wireheading","PathToVictory"],"picked":"SKIP","floor":7.0},{"not_picked":["ReachHeaven","Prostrate"],"picked":"FearNoEvil","floor":10.0}],"player_experience":784478,"relics_obtained":[{"floor":9.0,"key":"Omamori"}],"event_choices":[],"is_beta":false,"boss_relics":[],"items_purged_floors":[5],"is_endless":false,"potions_floor_spawned":[1,2,3],"killed_by":"3 Sentries","ascension_level":20}}