{"host":"zwydedqo0vxtlknl","time":1613306592,"event":{"mods":["BaseMod","Chen","HololiveMod","Marisa????????","Minty Spire (QoL Compilation)","Quick Restart","Reimu??????","Relic Filter","StSLib","Td1madao Mod","The Alterego","Uncapped"],"gold_per_floor":[378,395,395,411,426,426,124,156,156,8,8,8,8,52,52,183,183,206,206,230,54,72,107,107,128,182,227,247,247,271,271,271,390,390,414,3,3,23,44,44,66,66,90,108,166,191,215,215,215,223,223,223,6,51,51],"floor_reached":56,"language":"ENG","playtime":2677,"items_purged":["Injury"],"score":1629,"play_id":"10c52c53-0867-493c-be14-8e8a61844c94","local_time":"20210214134312","is_ascension_mode":false,"campfire_choices":[{"data":"Hololive_CallManoAloe","floor":6,"key":"SMITH"},{"floor":11,"key":"RECALL"},{"data":"Hololive_Rebirth","floor":13,"key":"SMITH"},{"data":"Hololive_CallOkamiMio","floor":15,"key":"SMITH"},{"floor":24,"key":"REST"},{"floor":29,"key":"REST"},{"floor":32,"key":"REST"},{"floor":40,"key":"REST"},{"floor":42,"key":"REST"},{"floor":49,"key":"REST"},{"floor":52,"key":"REST"}],"circlet_count":0,"master_deck":["Hololive_Strike+1","Hololive_Strike+1","Hololive_Defend+1","Hololive_Defend+1","Hololive_StrengthChampion","Hololive_CallOkamiMio","Hololive_CallUruhaRushia","Hololive_CallUruhaRushia","Hololive_CallArtia","Hololive_CallOzoraSubaru","Hololive_CocoNews","Hololive_CallOkamiMio+1","Hololive_CallManoAloe+1","Hololive_Psychosis","Hololive_Psychosis","Hololive_CallKiryuuCoco","Hololive_CallHimemoriLuna","Hololive_CallManoAloe","Hololive_CallMurasakiShion","Hololive_CallHimemoriLuna","Hololive_IdolExercise","Hololive_CallOzoraSubaru+1","Hololive_Recruit","Hololive_CallTokinoSora","Hololive_CallNatsuiroMatsuri","Hololive_CallYukihanaLamy+1","Hololive_CallKiryuuCoco+1","Hololive_CallSpadeEcho","Hololive_CallShirakamiFubuki","Hololive_CallHoshimachiSuisei","Hololive_CallMinatoAqua","Hololive_Teleport","Hololive_StarCraft","Hololive_Spy","Hololive_StarCraft","Hololive_CallYuzukiChoco","Hololive_CallMoonaHoshinova+1","Hololive_CallYozoraMel","Hololive_Yoholoon","Hololive_SummonFox","Hololive_CallFriendA+1","Hololive_StrengthChampion","Hololive_Spy","Hololive_BeCareful","Hololive_CallAyundaRisu","Hololive_CallSpadeEcho","Parasite","Hololive_CallShiranuiFlare","Hololive_CallNekomataOkayu+1","Hololive_OvertimeWork","Hololive_CallRoboco+1","Hololive_CallOmaruPolka+1","Hololive_Breathe","Hololive_CallAmaneKanata"],"relics":["Hololive_TheStar","Old Coin","Prayer Wheel","Orrery","Kunai","InkBottle","TentaclePot:ReiMu","Golden Idol","Potion Belt","Dead Branch","Fusion Hammer","Shuriken","Matryoshka","Hololive_Finger","Cursed Key","Runic Pyramid","Vajra","Tea:ReiMu","Membership Card","StrikeDummy"],"acts_visited":["Exordium","TheCity","TheBeyond","TheEnding"],"potions_floor_usage":[27,55,55,55,55,55],"damage_taken":[{"damage":0,"enemies":"Cultist","floor":1,"turns":3},{"damage":0,"enemies":"2 Louse","floor":2,"turns":3},{"damage":0,"enemies":"Small Slimes","floor":4,"turns":3},{"damage":0,"enemies":"Blue Slaver","floor":5,"turns":3},{"damage":0,"enemies":"Gremlin Nob","floor":8,"turns":3},{"damage":0,"enemies":"Lagavulin","floor":14,"turns":4},{"damage":0,"enemies":"Slime Boss","floor":16,"turns":7},{"damage":0,"enemies":"Chosen","floor":18,"turns":3},{"damage":0,"enemies":"3 Byrds","floor":20,"turns":4},{"damage":11,"enemies":"Centurion and Healer","floor":22,"turns":6},{"damage":0,"enemies":"Gremlin Leader","floor":23,"turns":5},{"damage":0,"enemies":"Shelled Parasite and Fungi","floor":25,"turns":4},{"damage":0,"enemies":"Book of Stabbing","floor":27,"turns":3},{"damage":0,"enemies":"Chosen and Byrds","floor":28,"turns":3},{"damage":0,"enemies":"Snecko","floor":30,"turns":3},{"damage":0,"enemies":"Automaton","floor":33,"turns":6},{"damage":0,"enemies":"Orb Walker","floor":35,"turns":2},{"damage":7,"enemies":"3 Shapes","floor":38,"turns":2},{"damage":0,"enemies":"Writhing Mass","floor":39,"turns":3},{"damage":0,"enemies":"Spire Growth","floor":41,"turns":3},{"damage":0,"enemies":"Jaw Worm Horde","floor":44,"turns":2},{"damage":0,"enemies":"Reptomancer","floor":45,"turns":3},{"damage":0,"enemies":"Writhing Mass","floor":46,"turns":2},{"damage":0,"enemies":"Sphere and 2 Shapes","floor":47,"turns":3},{"damage":0,"enemies":"Awakened One","floor":50,"turns":10},{"damage":0,"enemies":"Shield and Spear","floor":54,"turns":5},{"damage":20,"enemies":"The Heart","floor":55,"turns":7}],"seed_played":"4233250364270871022","potions_obtained":[{"floor":4,"key":"SteroidPotion"},{"floor":5,"key":"BlessingOfTheForge"},{"floor":8,"key":"EssenceOfSteel"},{"floor":14,"key":"SteroidPotion"},{"floor":20,"key":"CultistPotion"},{"floor":22,"key":"Energy Potion"},{"floor":25,"key":"Strength Potion"},{"floor":33,"key":"LiquidBronze"},{"floor":38,"key":"SpeedPotion"},{"floor":44,"key":"CultistPotion"}],"is_trial":false,"path_per_floor":["M","M","$","M","M","R","$","E","T","$","R","?","R","E","R","B",null,"M","?","M","$","M","E","R","M","T","E","M","R","M","?","R","B",null,"M","$","?","M","M","R","M","R","T","M","E","M","M","?","R","B",null,"R","$","E","B",null],"character_chosen":"Hololive_HololiveCharacter","items_purchased":["Prayer Wheel","Orrery","TentaclePot:ReiMu","Fusion Hammer","Hololive_CallNatsuiroMatsuri","Cursed Key","Hololive_CallYozoraMel","Hololive_Yoholoon","Hololive_SummonFox","Hololive_CallAmaneKanata","Membership Card"],"campfire_rested":7,"item_purchase_floors":[7,7,10,21,21,36,36,36,36,53,53],"current_hp_per_floor":[32,32,32,32,32,32,32,32,32,32,32,32,32,32,32,32,32,32,32,32,32,21,21,30,30,30,30,30,32,32,32,32,32,32,32,32,42,35,35,42,42,42,42,42,42,42,42,42,42,42,42,42,42,42,22],"gold":51,"neow_bonus":"ONE_RARE_RELIC","is_daily":false,"chose_seed":false,"campfire_upgraded":3,"win_rate":0.0,"timestamp":1613306592,"path_taken":["M","M","$","M","?","R","$","E","T","$","R","?","R","E","R","BOSS","M","?","M","$","M","E","R","M","T","E","M","R","M","?","R","BOSS","M","$","?","?","M","R","M","R","T","M","E","?","M","?","R","BOSS","R","$","E","BOSS"],"items_purchased_type":["Relic","Relic","Relic","Relic","Card","Relic","Card","Card","Card","Card","Relic"],"build_version":"2020-12-22","purchased_purges":1,"victory":true,"max_hp_per_floor":[32,32,32,32,32,32,32,32,32,32,32,32,32,32,32,32,32,32,32,32,32,32,32,32,32,32,32,32,32,32,32,32,32,32,32,32,42,42,42,42,42,42,42,42,42,42,42,42,42,42,42,42,42,42,42],"card_choices":[{"not_picked":["Hololive_Rebound","Hololive_Sequa","Hololive_OvertimeWork"],"picked":"Hololive_CocoNews","floor":1},{"not_picked":["Hololive_CandyCastle","Hololive_RevenueBasedLive","Hololive_CocoNews"],"picked":"Hololive_CallOkamiMio","floor":2},{"not_picked":["Hololive_Psychosis","Hololive_FlyingPonyTail","Hololive_SoulCatcher"],"picked":"Hololive_CallManoAloe","floor":4},{"not_picked":["Hololive_LuckPotion","Hololive_CallMoonaHoshinova","Hololive_AWSL"],"picked":"Hololive_Psychosis","floor":5},{"not_picked":["Hololive_Trident","Hololive_CocoNews","Hololive_HuntDinosaur"],"picked":"Hololive_Psychosis","floor":7},{"not_picked":["Hololive_DDD","Hololive_HuntDinosaur","Hololive_Rebound"],"picked":"Hololive_CallKiryuuCoco","floor":7},{"not_picked":["Hololive_Breathe","Hololive_OvertimeWork","Hololive_CallShishiroBotan"],"picked":"Hololive_Rebirth","floor":7},{"not_picked":["Hololive_RevenueBasedLive","Hololive_OvertimeWork","Hololive_CallAZKi"],"picked":"Hololive_CallHimemoriLuna","floor":7},{"not_picked":["Hololive_DiamondStrike","Hololive_CallAkaiHaato","Hololive_CallMoonaHoshinova"],"picked":"Hololive_CallManoAloe","floor":7},{"not_picked":["Hololive_StrengthChampion","Hololive_Sequa","Hololive_Rebound"],"picked":"Hololive_CallMurasakiShion","floor":8},{"not_picked":["Hololive_FlyingPonyTail","Hololive_CallShiranuiFlare","Hololive_Breathe"],"picked":"Hololive_CallHimemoriLuna","floor":14},{"not_picked":["Hololive_ASMR","Hololive_HighAtkLowDef","Hololive_MaximGun"],"picked":"Hololive_IdolExercise","floor":16},{"not_picked":["Hololive_Drill+1","Hololive_Breathe","Hololive_FlyingPonyTail"],"picked":"Hololive_CallOzoraSubaru+1","floor":18},{"not_picked":["Hololive_HuntDinosaur+1","Hololive_RevenueBasedLive","Hololive_Trident","Hololive_Sequa"],"picked":"SKIP","floor":18},{"not_picked":["Hololive_LuckPotion","Hololive_OvertimeWork","Hololive_Rebound"],"picked":"Hololive_Recruit","floor":20},{"not_picked":["Hololive_DevilCharm","Hololive_Sequa","Hololive_Drill+1"],"picked":"Hololive_CallTokinoSora","floor":20},{"not_picked":["Hololive_Trident+1","Hololive_CallFriendA","Hololive_RevenueBasedLive"],"picked":"Hololive_CallYukihanaLamy+1","floor":22},{"not_picked":["Hololive_RevenueBasedLive+1","Hololive_Nanodesu","Hololive_Drill"],"picked":"Hololive_CallKiryuuCoco+1","floor":22},{"not_picked":["Hololive_Rebound","Hololive_Breathe","Hololive_OvertimeWork"],"picked":"Hololive_CallSpadeEcho","floor":23},{"not_picked":["Hololive_FlyingPonyTail","Hololive_CallDoris","Hololive_DevilCharm"],"picked":"Hololive_CallShirakamiFubuki","floor":25},{"not_picked":["Hololive_Watashimo","Hololive_CocoNews","Hololive_StarCraft"],"picked":"Hololive_CallHoshimachiSuisei","floor":25},{"not_picked":["Hololive_CallShiroganeNoel","Hololive_FlyingPonyTail","Hololive_Trident"],"picked":"Hololive_CallMinatoAqua","floor":27},{"not_picked":["Hololive_LuckPotion+1","Hololive_HuntDinosaur","Hololive_CallNekomataOkayu"],"picked":"Hololive_Teleport","floor":28},{"not_picked":["Hololive_Drill","Hololive_Breathe","Hololive_Teleport"],"picked":"Hololive_StarCraft","floor":28},{"not_picked":["Hololive_Psychosis+1","Hololive_Rebound+1","Hololive_HuntDinosaur"],"picked":"Hololive_Spy","floor":30},{"not_picked":["Hololive_Rebound","Hololive_Breathe","Hololive_FlyingPonyTail+1","Hololive_LuckPotion"],"picked":"SKIP","floor":30},{"not_picked":["Hololive_Nanodesu","Hololive_MaximGun","Hololive_OpenUp"],"picked":"Hololive_StarCraft","floor":33},{"not_picked":["Hololive_CallSpadeEcho","Hololive_OvertimeWork","Hololive_Psychosis"],"picked":"Hololive_CallYuzukiChoco","floor":35},{"not_picked":["Hololive_OvertimeWork+1","Hololive_CocoNews+1","Hololive_Drill"],"picked":"Hololive_CallMoonaHoshinova+1","floor":35},{"not_picked":["Hololive_Psychosis+1","Hololive_Trident","Hololive_FlyingPonyTail"],"picked":"Hololive_CallFriendA+1","floor":38},{"not_picked":["Hololive_LuckPotion+1","Hololive_CallYukihanaLamy","Hololive_CocoNews+1"],"picked":"Hololive_StrengthChampion","floor":38},{"not_picked":["Hololive_CandyCastle","Hololive_Psychosis","Hololive_HuntDinosaur+1"],"picked":"Hololive_Spy","floor":39},{"not_picked":["Hololive_CocoNews+1","Hololive_CallRosalyn","Hololive_StrengthChampion"],"picked":"Hololive_BeCareful","floor":39},{"not_picked":["Hololive_OvertimeWork+1","Hololive_Drill","Hololive_LuckPotion+1"],"picked":"Hololive_CallAyundaRisu","floor":41},{"not_picked":["Hololive_Drill+1","Hololive_RevenueBasedLive+1","Hololive_Psychosis"],"picked":"Hololive_CallSpadeEcho","floor":41},{"not_picked":["Hololive_RevenueBasedLive+1","Hololive_HuntDinosaur","Hololive_CallUsadaPekora"],"picked":"Hololive_CallShiranuiFlare","floor":44},{"not_picked":["Hololive_Trident","Hololive_Sequa+1","Hololive_Nanodesu"],"picked":"Hololive_CallNekomataOkayu+1","floor":44},{"not_picked":["Hololive_HuntDinosaur+1","Hololive_Breathe","Hololive_LuckPotion","Hololive_Trident"],"picked":"SKIP","floor":45},{"not_picked":["Hololive_FlyingPonyTail+1","Hololive_LuckPotion+1","Hololive_CallAyundaRisu"],"picked":"Hololive_OvertimeWork","floor":46},{"not_picked":["Hololive_ManjiGathering","Hololive_Drill+1","Hololive_OvertimeWork+1"],"picked":"Hololive_CallRoboco+1","floor":46},{"not_picked":["Hololive_CallHoshimachiSuisei+1","Hololive_Breathe","Hololive_CallTokinoSora"],"picked":"Hololive_CallOmaruPolka+1","floor":47},{"not_picked":["Hololive_CallOkamiMio+1","Hololive_DDD","Hololive_Sequa+1"],"picked":"Hololive_Breathe","floor":47},{"not_picked":["Hololive_RevenueBasedLive+1","Hololive_CallUruhaRushia","Hololive_HuntDinosaur","Hololive_Sequa"],"picked":"SKIP","floor":54}],"player_experience":1287665,"relics_obtained":[{"floor":8,"key":"Kunai"},{"floor":9,"key":"InkBottle"},{"floor":14,"key":"Potion Belt"},{"floor":23,"key":"Shuriken"},{"floor":27,"key":"Matryoshka"},{"floor":43,"key":"Runic Pyramid"},{"floor":43,"key":"Vajra"},{"floor":45,"key":"Tea:ReiMu"},{"floor":54,"key":"StrikeDummy"}],"event_choices":[{"damage_healed":0,"gold_gain":0,"player_choice":"Take Wound","damage_taken":0,"relics_obtained":["Golden Idol"],"max_hp_gain":0,"max_hp_loss":0,"event_name":"Golden Idol","floor":12,"gold_loss":0,"cards_obtained":["Injury"]},{"damage_healed":0,"gold_gain":0,"player_choice":"Simplicity","damage_taken":0,"max_hp_gain":0,"max_hp_loss":0,"event_name":"Back to Basics","floor":19,"gold_loss":0,"cards_upgraded":["Hololive_Strike","Hololive_Strike","Hololive_Defend","Hololive_Defend"]},{"damage_healed":0,"gold_gain":0,"player_choice":"Ignored","damage_taken":0,"max_hp_gain":0,"max_hp_loss":0,"event_name":"Beggar","floor":31,"gold_loss":0},{"cards_removed":["Hololive_Rebirth"],"damage_healed":0,"gold_gain":0,"player_choice":"Offered Rare","damage_taken":0,"max_hp_gain":10,"max_hp_loss":0,"event_name":"Bonfire Elementals","floor":37,"gold_loss":0},{"damage_healed":0,"gold_gain":0,"player_choice":"Ignored","damage_taken":0,"max_hp_gain":0,"max_hp_loss":0,"event_name":"Tomb of Lord Red Mask","floor":48,"gold_loss":0}],"is_beta":false,"boss_relics":[{"not_picked":["Ice Cream","Sozu"],"picked":"Dead Branch"},{"not_picked":["Incense Burner","Hololive_ChaosS"],"picked":"Hololive_Finger"}],"items_purged_floors":[36],"is_endless":false,"potions_floor_spawned":[4,5,8,14,20,22,25,33,38,41,44],"ascension_level":0}}