{"host":"21h5e52imz35vo8g","time":1613304295,"event":{"mods":["AchievementEnabler","BaseMod","Colored Map","Colored Powertips","Googly Eyes","Minty Spire (QoL Compilation)","Quick Restart","Rare Cards Sparkle","Replay The Spire","StSLib"],"gold_per_floor":[117,131,131,59,84,84,116,116,164,174,76,251,280,291,291,291,291],"floor_reached":16,"language":"ZHS","playtime":2754,"items_purged":["Defend_P"],"score":146,"play_id":"0a931f8f-c35d-4211-8959-28242f295a7d","local_time":"20210214200455","is_ascension_mode":true,"campfire_choices":[{"data":"Replay:Battleflow","floor":6.0,"key":"SMITH"},{"data":"Vengeance","floor":8.0,"key":"SMITH"},{"data":"Perseverance","floor":15,"key":"SMITH"}],"circlet_count":0,"master_deck":["Strike_P","Strike_P","Strike_P","Strike_P","Defend_P","Defend_P","Defend_P","Eruption+1","Vigilance","Perseverance+1","Vengeance+1","Replay:Battleflow+1","EmptyBody","FlurryOfBlows","Doubt"],"relics":["PureWater","NeowsBlessing","Blood Vial","Iron Hammer","Art of War","ReplayTheSpireMod:Ninjato"],"acts_visited":["Exordium"],"potions_floor_usage":[],"damage_taken":[{"damage":0.0,"enemies":"2 Louse","floor":1.0,"turns":1.0},{"damage":0.0,"enemies":"Cultist","floor":2.0,"turns":1.0},{"damage":0.0,"enemies":"Lagavulin","floor":7.0,"turns":1.0},{"damage":0.0,"enemies":"Jaw Worm","floor":10.0,"turns":2.0},{"damage":26,"enemies":"3 Sentries","floor":13,"turns":7},{"damage":3,"enemies":"3 Louse","floor":14,"turns":2},{"damage":26,"enemies":"Fading Forest","floor":16,"turns":10}],"seed_played":"8549927580421101741","potions_obtained":[{"floor":13,"key":"Energy Potion"}],"is_trial":false,"path_per_floor":["M","M","?","$","T","R","E","R","T","M","$","?","E","M","R","B"],"character_chosen":"WATCHER","items_purchased":["Replay:Battleflow","FlurryOfBlows"],"campfire_rested":0,"item_purchase_floors":[4,11],"current_hp_per_floor":[72,72,72,72,72,72,72,72,72,72,72,72,46,45,45,31,31],"gold":291,"neow_bonus":"THREE_ENEMY_KILL","is_daily":false,"chose_seed":false,"campfire_upgraded":3,"win_rate":0.0,"timestamp":1613304295,"path_taken":["M","M","?","?","?","R","E","R","T","M","$","?","E","?","R","BOSS"],"items_purchased_type":["Card","Card"],"build_version":"2020-12-22","purchased_purges":1,"victory":false,"max_hp_per_floor":[72,72,72,72,72,72,72,72,72,72,72,72,72,72,72,72,72],"card_choices":[{"not_picked":["ClearTheMind","Replay:ManipulateFuture"],"picked":"Perseverance","floor":1.0},{"not_picked":["SashWhip","PathToVictory"],"picked":"Vengeance","floor":2.0},{"not_picked":["Replay:Cycle","Replay:AtTheReady","Omniscience"],"picked":"SKIP","floor":7.0},{"not_picked":["Replay:BluntJabs","Consecrate"],"picked":"EmptyBody","floor":10.0},{"not_picked":["Nirvana","PathToVictory","Replay:ManipulateFuture"],"picked":"SKIP","floor":13},{"not_picked":["Nirvana","PathToVictory","Replay:ManipulateFuture"],"picked":"SKIP","floor":13},{"not_picked":["SashWhip","Protect","FearNoEvil"],"picked":"SKIP","floor":14}],"player_experience":376934,"relics_obtained":[{"floor":5.0,"key":"Blood Vial"},{"floor":7.0,"key":"Iron Hammer"},{"floor":9.0,"key":"Art of War"},{"floor":13,"key":"ReplayTheSpireMod:Ninjato"}],"event_choices":[{"damage_healed":0.0,"max_hp_gain":0.0,"max_hp_loss":0.0,"gold_gain":0.0,"event_name":"Accursed Blacksmith","player_choice":"Forge","floor":3.0,"gold_loss":0.0,"damage_taken":0.0,"cards_upgraded":["Eruption"]},{"damage_healed":0.0,"max_hp_gain":0.0,"max_hp_loss":0.0,"gold_gain":175.0,"event_name":"Liars Game","player_choice":"AGREE","floor":12.0,"gold_loss":0.0,"damage_taken":0.0,"cards_obtained":["Doubt"]}],"is_beta":false,"boss_relics":[],"items_purged_floors":[11],"is_endless":false,"potions_floor_spawned":[13],"killed_by":"Fading Forest","ascension_level":2}}