{"host":"d5i1qeb9dejicw1z","time":1613283720,"event":{"mods":["AchievementEnabler","BaseMod","Better Note","BetterRewards","Evolution","Gold Saver","Minty Spire (QoL Compilation)","Permanent Neow","Relic Filter Mod","Reliquary","StSLib"],"gold_per_floor":[420,432,432,432,432,432,286,301,324,49,49,79,79,62,62,158,158,124,124,142,10,10,10,49,61,61,61,61,61],"floor_reached":28,"language":"ENG","playtime":794,"items_purged":["Bash","Defend_R","Strike_R"],"score":363,"play_id":"4340d9bc-24b1-47fa-9b0b-07d679c22060","local_time":"20210213222200","is_ascension_mode":true,"campfire_choices":[{"data":"Defend_R","floor":6,"key":"SMITH"},{"data":"Sadistic Nature","floor":13,"key":"SMITH"},{"floor":15,"key":"REST"}],"circlet_count":0,"master_deck":["AscendersBane","Strike_R","Strike_R","Strike_R","Defend_R+1","Defend_R+1","Defend_R+1","Metallicize","Sadistic Nature+1","Thunderclap","Echo Form+1","Rampage","Metallicize"],"relics":["Burning Blood","EVO:Axolotl","NeowsBlessing","Smiling Mask","Incense Burner","Black Star","CeramicFish","Mango","StoneCalendar","MutagenicStrength"],"acts_visited":["Exordium","TheCity"],"potions_floor_usage":[12,12,12,16,18,24],"damage_taken":[{"damage":0,"enemies":"Small Slimes","floor":1,"turns":1},{"damage":0,"enemies":"Jaw Worm","floor":2,"turns":1},{"damage":0,"enemies":"Cultist","floor":8,"turns":1},{"damage":12,"enemies":"Gremlin Nob","floor":12,"turns":4},{"damage":23,"enemies":"Exordium Thugs","floor":14,"turns":4},{"damage":59,"enemies":"Slime Boss","floor":16,"turns":17},{"damage":17,"enemies":"2 Thieves","floor":18,"turns":5},{"damage":1,"enemies":"Chosen","floor":20,"turns":5},{"damage":54,"enemies":"Slavers","floor":24,"turns":7},{"damage":35,"enemies":"Centurion and Healer","floor":25,"turns":10},{"damage":10,"enemies":"Snake Plant","floor":28,"turns":1}],"seed_played":"1785519087143681928","potions_obtained":[{"floor":1,"key":"Energy Potion"},{"floor":2,"key":"SteroidPotion"},{"floor":11,"key":"BlessingOfTheForge"},{"floor":11,"key":"EntropicBrew"},{"floor":16,"key":"Regen Potion"},{"floor":20,"key":"GamblersBrew"}],"is_trial":false,"path_per_floor":["M","M","?","?","?","R","$","M","T","$","?","E","R","M","R","B",null,"M","?","M","$","?","?","E","M","T","?","M"],"character_chosen":"IRONCLAD","items_purchased":["Metallicize","Sadistic Nature","Thunderclap","Rampage"],"campfire_rested":1,"item_purchase_floors":[7,10,10,21],"current_hp_per_floor":[78,80,64,57,57,57,57,63,63,63,63,57,57,40,64,11,63,67,67,72,72,72,72,38,9,9,9,0,0],"gold":61,"neow_bonus":"THREE_ENEMY_KILL","is_daily":false,"chose_seed":false,"campfire_upgraded":2,"win_rate":0.0,"timestamp":1613283720,"path_taken":["M","M","?","?","?","R","$","?","T","$","?","E","R","?","R","BOSS","M","?","?","$","?","?","E","M","T","?","?"],"items_purchased_type":["Card","Card","Card","Card"],"build_version":"2020-12-22","purchased_purges":3,"victory":false,"max_hp_per_floor":[80,80,80,80,80,80,80,80,80,80,80,80,80,80,80,80,80,80,80,80,80,80,80,94,94,94,94,94,94],"card_choices":[{"not_picked":["Clothesline","Flex","Spot Weakness"],"picked":"SKIP","floor":1},{"not_picked":["Thunderclap","Perfected Strike","Heavy Blade"],"picked":"SKIP","floor":2},{"not_picked":["Entrench","Power Through","Anger"],"picked":"SKIP","floor":8},{"not_picked":["Ghostly Armor","Anger","Twin Strike"],"picked":"SKIP","floor":12},{"not_picked":["Cleave","Searing Blow","Wild Strike"],"picked":"SKIP","floor":14},{"not_picked":["Pommel Strike","Anger","Twin Strike"],"picked":"SKIP","floor":18},{"not_picked":["Iron Wave","Clothesline","Wild Strike"],"picked":"SKIP","floor":20},{"not_picked":["Flex","True Grit+1"],"picked":"Metallicize","floor":24},{"not_picked":["Whirlwind","Havoc","Clothesline"],"picked":"SKIP","floor":25}],"player_experience":1236775,"relics_obtained":[{"floor":9,"key":"Smiling Mask"},{"floor":12,"key":"Incense Burner"},{"floor":24,"key":"CeramicFish"},{"floor":24,"key":"Mango"},{"floor":26,"key":"StoneCalendar"}],"event_choices":[{"damage_healed":0,"gold_gain":0,"player_choice":"Entered Light","damage_taken":16,"max_hp_gain":0,"max_hp_loss":0,"event_name":"Shining Light","floor":3,"gold_loss":0,"cards_upgraded":["Defend_R","Defend_R"]},{"cards_removed":["Wild Strike"],"damage_healed":0,"gold_gain":0,"player_choice":"Card Removal","damage_taken":7,"max_hp_gain":0,"max_hp_loss":0,"event_name":"Golden Wing","floor":4,"gold_loss":0},{"damage_healed":0,"gold_gain":0,"player_choice":"Bought 0 Potions","damage_taken":0,"max_hp_gain":0,"max_hp_loss":0,"event_name":"The Woman in Blue","floor":5,"gold_loss":0},{"damage_healed":0,"gold_gain":0,"player_choice":"Got Potions","damage_taken":0,"max_hp_gain":0,"max_hp_loss":0,"event_name":"Lab","floor":11,"gold_loss":0},{"cards_removed":["Echo Form"],"damage_healed":0,"gold_gain":0,"player_choice":"Take \u0026 Give","damage_taken":0,"max_hp_gain":0,"max_hp_loss":0,"event_name":"betterNote:BetterNote","floor":19,"gold_loss":0,"cards_obtained":["Echo Form"]},{"damage_healed":0,"gold_gain":0,"player_choice":"Ignored","damage_taken":0,"max_hp_gain":0,"max_hp_loss":0,"event_name":"Cursed Tome","floor":22,"gold_loss":0},{"damage_healed":0,"gold_gain":0,"player_choice":"Inject Mutagens","damage_taken":0,"relics_obtained":["MutagenicStrength"],"max_hp_gain":0,"max_hp_loss":0,"event_name":"Drug Dealer","floor":27,"gold_loss":0}],"is_beta":false,"boss_relics":[{"not_picked":["Ectoplasm","Sozu"],"picked":"Black Star"}],"items_purged_floors":[7,10,21],"is_endless":false,"potions_floor_spawned":[1,2,16,20],"killed_by":"Snake Plant","ascension_level":11}}