{"host":"pj7egx7jkoz18hom","time":1613296740,"event":{"mods":["AchievementEnabler","BaseMod","Keyboard Shortcuts","Minty Spire (QoL Compilation)","SuperFastMode"],"gold_per_floor":[115,115,135,146,157,182,196,206,231,254,254,287,287,305,305,402,452,466,466,391,391],"floor_reached":20,"language":"KOR","playtime":913,"items_purged":[],"score":195,"play_id":"62261874-41bb-47c0-9bb4-53fb95f183d0","local_time":"20210214185900","is_ascension_mode":true,"campfire_choices":[{"data":"Aggregate","floor":11,"key":"SMITH"},{"floor":15,"key":"REST"}],"circlet_count":0,"master_deck":["Strike_B","Strike_B","Strike_B+1","Strike_B","Defend_B","Defend_B","Defend_B","Defend_B","Zap","Dualcast","Gash","Finesse","Seek","Self Repair","Stack","Gash","Chill","Steam","Aggregate+1","Skim","Regret","Beam Cell","Seek","Chill+1"],"relics":["Cracked Core","NeowsBlessing","Happy Flower","Smiling Mask","Blood Vial","Lantern","Tiny Chest","Tiny House","Nunchaku"],"acts_visited":["Exordium","TheCity"],"potions_floor_usage":[6,6,16,16],"damage_taken":[{"damage":0.0,"enemies":"2 Louse","floor":1.0,"turns":1.0},{"damage":0.0,"enemies":"Cultist","floor":3.0,"turns":1.0},{"damage":0,"enemies":"Jaw Worm","floor":4,"turns":1},{"damage":9,"enemies":"2 Fungi Beasts","floor":5,"turns":3},{"damage":15,"enemies":"Lagavulin","floor":6,"turns":6},{"damage":5,"enemies":"3 Louse","floor":7,"turns":3},{"damage":14,"enemies":"Gremlin Gang","floor":8,"turns":5},{"damage":38,"enemies":"Gremlin Nob","floor":12,"turns":5},{"damage":13,"enemies":"Exordium Wildlife","floor":14,"turns":6},{"damage":44,"enemies":"Hexaghost","floor":16,"turns":12},{"damage":37,"enemies":"Spheric Guardian","floor":18,"turns":6},{"damage":23,"enemies":"2 Thieves","floor":20,"turns":4}],"seed_played":"5789624016954646654","potions_obtained":[{"floor":1.0,"key":"AttackPotion"},{"floor":5,"key":"Dexterity Potion"},{"floor":8,"key":"BlessingOfTheForge"},{"floor":12,"key":"GamblersBrew"},{"floor":14,"key":"SteroidPotion"},{"floor":16,"key":"Weak Potion"},{"floor":17,"key":"FearPotion"}],"is_trial":false,"path_per_floor":["M","?","M","M","M","E","M","M","T","T","R","E","?","M","R","B",null,"M","?","M"],"character_chosen":"DEFECT","items_purchased":[],"campfire_rested":1,"item_purchase_floors":[],"current_hp_per_floor":[75,75,75,75,73,65,67,60,60,60,60,31,31,27,49,7,80,50,50,29,29],"gold":391,"neow_bonus":"THREE_ENEMY_KILL","is_daily":false,"chose_seed":false,"campfire_upgraded":1,"win_rate":0.0,"timestamp":1613296740,"path_taken":["M","?","?","M","?","E","M","M","T","?","R","E","?","M","R","BOSS","M","?","M"],"items_purchased_type":[],"build_version":"2020-12-22","purchased_purges":0,"victory":false,"max_hp_per_floor":[75,75,75,75,75,75,75,75,75,75,75,75,75,75,75,75,80,80,80,80,80],"card_choices":[{"not_picked":["BootSequence","Go for the Eyes"],"picked":"Gash","floor":1.0},{"not_picked":["Melter","Lockon"],"picked":"Stack","floor":3},{"not_picked":["Static Discharge","Streamline"],"picked":"Gash","floor":4},{"not_picked":["Turbo","Rebound"],"picked":"Chill","floor":5},{"not_picked":["Recycle","Auto Shields"],"picked":"Steam","floor":6},{"not_picked":["Storm","Undo","Recycle"],"picked":"SKIP","floor":7},{"not_picked":["Fusion","Sweeping Beam"],"picked":"Aggregate","floor":8},{"not_picked":["Storm","Echo Form"],"picked":"Skim","floor":12},{"not_picked":["Sweeping Beam","Cold Snap"],"picked":"Beam Cell","floor":14},{"not_picked":["Thunder Strike","Biased Cognition"],"picked":"Seek","floor":16},{"not_picked":["Chaos","Loop"],"picked":"Chill+1","floor":18}],"player_experience":53594,"relics_obtained":[{"floor":6,"key":"Happy Flower"},{"floor":9,"key":"Smiling Mask"},{"floor":10,"key":"Blood Vial"},{"floor":12,"key":"Lantern"}],"event_choices":[{"damage_healed":0.0,"max_hp_gain":0.0,"max_hp_loss":0.0,"gold_gain":0.0,"event_name":"Match and Keep!","player_choice":"3 cards matched","floor":2.0,"gold_loss":0.0,"damage_taken":0.0,"cards_obtained":["Finesse","Seek","Self Repair"]},{"damage_healed":0,"gold_gain":0,"player_choice":"Box","damage_taken":0,"relics_obtained":["Tiny Chest"],"max_hp_gain":0,"max_hp_loss":0,"event_name":"Big Fish","floor":13,"gold_loss":0,"cards_obtained":["Regret"]},{"damage_healed":0,"gold_gain":0,"player_choice":"Gave Potion","damage_taken":0,"relics_obtained":["Nunchaku"],"max_hp_gain":0,"max_hp_loss":0,"event_name":"WeMeetAgain","floor":19,"gold_loss":0}],"is_beta":false,"boss_relics":[{"not_picked":["Runic Dome","Velvet Choker"],"picked":"Tiny House"}],"items_purged_floors":[],"is_endless":false,"potions_floor_spawned":[1,5,8,12,14,16],"killed_by":"2 Thieves","ascension_level":1}}