{"host":"u0qetpmu4y58k1tf","time":1613270888,"event":{"mods":["100% Spire Juice","AchievementEnabler","Act Like it!","BaseMod","CapriCore","Colored Map","Colored Powertips","Hermit","Koishi","Marisa£¨Ùöéë¡¡Øª×âÞÞ£©","Minty Spire (QoL Compilation)","Quick Restart","Reliquary","Replay The Spire","StSLib","Td1madao Mod","The Bug Knight","The Cursed","The Dragon Tamer","The Gatherer","The Hierophant","The Immortal","The Jungle","The Runesmith","WarShipGirlsR/??á´Ò³R mod"],"gold_per_floor":[109,109,119,129,129,129,164,182,206,49,49,76,86,101,101,117,117],"floor_reached":16,"language":"KOR","playtime":793,"items_purged":[],"score":118,"play_id":"1fa433d8-60f9-4667-997b-2b368fff8600","local_time":"20210214114808","is_ascension_mode":true,"campfire_choices":[{"floor":6.0,"key":"DIG"},{"data":"rmod:supportaircraftcarrier","floor":11,"key":"SMITH"},{"floor":15,"key":"DIG"}],"circlet_count":0,"master_deck":["rmod:strick","rmod:strick","rmod:strick","rmod:defend","rmod:defend","rmod:defend","rmod:defend","rmod:basicallowance","rmod:maingunfire","CommonCold","rmod:launchingtorpedo","Pain","rmod:circuitoustactics","rmod:ring","rmod:supportaircraftcarrier+1","rmod:circuitoustactics","rmod:heivgo"],"relics":["rmod:firstchargereward","Shovel","WarpedTongs","Orichalcum","Dream Catcher","reliquary:Stiletto","Simple Rune","Replay:Bandana"],"acts_visited":["Exordium"],"potions_floor_usage":[12,12,12,14,16],"damage_taken":[{"damage":0.0,"enemies":"Small Slimes","floor":1.0,"turns":3.0},{"damage":3.0,"enemies":"Cultist","floor":3.0,"turns":3.0},{"damage":3.0,"enemies":"Jaw Worm","floor":4.0,"turns":2.0},{"damage":24.0,"enemies":"Gremlin Nob","floor":7.0,"turns":4.0},{"damage":6.0,"enemies":"Gremlin Gang","floor":8.0,"turns":7.0},{"damage":7,"enemies":"Replay:BlueRogue","floor":12,"turns":7},{"damage":8,"enemies":"2 Fungi Beasts","floor":13,"turns":3},{"damage":3,"enemies":"Exordium Thugs","floor":14,"turns":5},{"damage":31,"enemies":"Fading Forest","floor":16,"turns":7}],"seed_played":"-1223795593275864040","potions_obtained":[{"floor":7.0,"key":"Explosive Potion"},{"floor":8.0,"key":"Explosive Potion"}],"is_trial":false,"path_per_floor":["M","?","M","M","?","R","E","M","T","$","R","E","M","M","R","B"],"character_chosen":"PRAEFECT","items_purchased":["Simple Rune"],"campfire_rested":0,"item_purchase_floors":[10],"current_hp_per_floor":[75,75,72,69,69,69,45,39,39,39,39,32,24,21,21,0,0],"gold":117,"neow_bonus":"ONE_RARE_RELIC","is_daily":false,"chose_seed":false,"campfire_upgraded":1,"win_rate":0.0,"timestamp":1613270888,"path_taken":["M","?","?","M","?","R","E","M","T","$","R","E","?","M","R","BOSS"],"items_purchased_type":["Relic"],"build_version":"2020-12-22","purchased_purges":0,"victory":false,"max_hp_per_floor":[75,75,75,75,75,75,75,75,75,75,75,75,75,75,75,75,75],"card_choices":[{"not_picked":["rmod:aviationdawn","rmod:overbreakdown"],"picked":"rmod:launchingtorpedo","floor":1.0},{"not_picked":["rmod:steelsupply","rmod:slowdown","rmod:goodsister"],"picked":"SKIP","floor":3.0},{"not_picked":["rmod:highspeedshooting","rmod:overbreakdown"],"picked":"rmod:circuitoustactics","floor":4.0},{"not_picked":["rmod:secretscript","rmod:aviationdawn"],"picked":"rmod:supportaircraftcarrier","floor":7.0},{"not_picked":["rmod:steelsupply","rmod:aviationdawn"],"picked":"rmod:circuitoustactics","floor":8.0},{"not_picked":["rmod:highspeedmaneuver","rmod:tearstotiara","rmod:launchingtorpedo"],"picked":"SKIP","floor":12},{"not_picked":["rmod:firesupport","rmod:steelsupply","rmod:spoils"],"picked":"SKIP","floor":13},{"not_picked":["rmod:supportescort","rmod:unsinkable"],"picked":"rmod:heivgo","floor":14}],"player_experience":136792,"relics_obtained":[{"floor":6.0,"key":"Orichalcum"},{"floor":7.0,"key":"Dream Catcher"},{"floor":9.0,"key":"reliquary:Stiletto"},{"floor":15,"key":"Replay:Bandana"}],"event_choices":[{"damage_healed":0.0,"max_hp_gain":0.0,"max_hp_loss":0.0,"gold_gain":0.0,"event_name":"Accursed Blacksmith","player_choice":"Rummage","floor":2.0,"gold_loss":0.0,"damage_taken":0.0,"relics_obtained":["WarpedTongs"],"cards_obtained":["Pain"]},{"damage_healed":0.0,"max_hp_gain":0.0,"max_hp_loss":0.0,"gold_gain":0.0,"cards_transformed":["rmod:strick"],"event_name":"Transmorgrifier","player_choice":"Transformed","floor":5.0,"gold_loss":0.0,"damage_taken":0.0,"cards_obtained":["rmod:ring"]}],"is_beta":false,"boss_relics":[],"items_purged_floors":[],"is_endless":false,"potions_floor_spawned":[7,8],"killed_by":"Fading Forest","ascension_level":1}}