{"host":"fbdlh90rovbiajun","time":1613290491,"event":{"mods":["AchievementEnabler","BaseMod","Colored Map","Keyboard Shortcuts","Minty Spire (QoL Compilation)","SuperFastMode"],"gold_per_floor":[117,117,42,217,117,144,144,144,144,144,156,230,245,279,279,279,383,383,403,403,423,442,455,455,455,467,467,481,481,492,525,347,347,347,347],"floor_reached":34,"language":"KOR","playtime":840,"items_purged":["Defend_R","Doubt","Strike_R"],"score":305,"play_id":"c1416f88-f52b-4451-80de-2d1c77b5130c","local_time":"20210214171451","is_ascension_mode":false,"campfire_choices":[{"data":"Thunderclap","floor":7,"key":"SMITH"},{"data":"1","floor":10,"key":"LIFT"},{"data":"2","floor":16,"key":"LIFT"},{"data":"3","floor":24,"key":"LIFT"},{"data":"Rampage","floor":29,"key":"SMITH"},{"floor":33,"key":"REST"}],"circlet_count":0,"master_deck":["Strike_R","Strike_R","Strike_R","Defend_R+1","Defend_R+1","Bash","Thunderclap+1","Anger","Clash","Flex","Rampage+1","Flex","Cleave","Dual Wield+1","Bloodletting+1","Iron Wave"],"relics":["Burning Blood","NeowsBlessing","Bird Faced Urn","Girya","Gremlin Horn","War Paint","SlaversCollar","Incense Burner","TungstenRod"],"acts_visited":["Exordium","TheCity"],"potions_floor_usage":[23,31,34],"damage_taken":[{"damage":0,"enemies":"Cultist","floor":1,"turns":1},{"damage":0,"enemies":"Gremlin Nob","floor":6,"turns":1},{"damage":0,"enemies":"Small Slimes","floor":11,"turns":1},{"damage":11,"enemies":"Jaw Worm","floor":13,"turns":2},{"damage":31,"enemies":"3 Sentries","floor":14,"turns":6},{"damage":40,"enemies":"Hexaghost","floor":17,"turns":8},{"damage":16,"enemies":"Shell Parasite","floor":19,"turns":4},{"damage":2,"enemies":"Chosen","floor":21,"turns":3},{"damage":13,"enemies":"3 Cultists","floor":22,"turns":4},{"damage":21,"enemies":"Snake Plant","floor":23,"turns":4},{"damage":20,"enemies":"Centurion and Healer","floor":26,"turns":3},{"damage":6,"enemies":"3 Cultists","floor":28,"turns":3},{"damage":14,"enemies":"Snecko","floor":30,"turns":5},{"damage":28,"enemies":"Book of Stabbing","floor":31,"turns":3},{"damage":57,"enemies":"Automaton","floor":34,"turns":6}],"seed_played":"-3321390960552821809","potions_obtained":[{"floor":11,"key":"GamblersBrew"},{"floor":14,"key":"Block Potion"},{"floor":17,"key":"LiquidMemories"},{"floor":22,"key":"AttackPotion"},{"floor":23,"key":"BloodPotion"},{"floor":26,"key":"ElixirPotion"},{"floor":31,"key":"Weak Potion"}],"is_trial":false,"path_per_floor":["M","T","$","?","$","E","R","?","T","R","M","T","M","E","E","R","B",null,"M","?","M","M","M","R","?","M","T","M","R","M","E","$","R","B"],"character_chosen":"IRONCLAD","items_purchased":["Iron Wave"],"campfire_rested":1,"item_purchase_floors":[32],"current_hp_per_floor":[80,80,80,80,80,80,80,73,73,73,79,79,74,49,49,49,15,80,70,62,66,59,60,60,60,46,46,46,46,38,16,16,40,0,0],"gold":347,"neow_bonus":"THREE_ENEMY_KILL","is_daily":false,"chose_seed":false,"campfire_upgraded":2,"win_rate":0.0,"timestamp":1613290491,"path_taken":["M","?","$","?","?","E","R","?","T","R","M","?","M","E","E","R","BOSS","M","?","M","?","M","R","?","?","T","M","R","M","E","$","R","BOSS"],"items_purchased_type":["Card"],"build_version":"2020-12-22","purchased_purges":3,"victory":false,"max_hp_per_floor":[80,80,80,80,80,80,80,80,80,80,80,80,80,80,80,80,80,80,80,80,80,80,80,80,80,80,80,80,80,80,80,80,80,80,80],"card_choices":[{"not_picked":["Warcry","Havoc"],"picked":"Thunderclap","floor":1},{"not_picked":["Armaments","Fire Breathing","Havoc"],"picked":"SKIP","floor":6},{"not_picked":["Searing Blow","True Grit","Anger"],"picked":"SKIP","floor":11},{"not_picked":["Ghostly Armor","Evolve","Cleave"],"picked":"SKIP","floor":13},{"not_picked":["Warcry","Rupture"],"picked":"Anger","floor":14},{"not_picked":["True Grit","Havoc"],"picked":"Clash","floor":19},{"not_picked":["Headbutt+1","Twin Strike"],"picked":"Flex","floor":21},{"not_picked":["Immolate","Hemokinesis"],"picked":"Rampage","floor":22},{"not_picked":["Pommel Strike","Bloodletting"],"picked":"Flex","floor":23},{"not_picked":["Evolve","True Grit","Carnage"],"picked":"SKIP","floor":26},{"not_picked":["Clash","Sword Boomerang+1"],"picked":"Dual Wield+1","floor":28},{"not_picked":["Wild Strike","Headbutt"],"picked":"Bloodletting+1","floor":30},{"not_picked":["Ghostly Armor+1","Feel No Pain+1","Body Slam"],"picked":"SKIP","floor":31}],"player_experience":39636,"relics_obtained":[{"floor":6,"key":"Bird Faced Urn"},{"floor":9,"key":"Girya"},{"floor":12,"key":"Gremlin Horn"},{"floor":14,"key":"War Paint"},{"floor":27,"key":"Incense Burner"},{"floor":31,"key":"TungstenRod"}],"event_choices":[{"damage_healed":0,"gold_gain":175,"player_choice":"AGREE","damage_taken":0,"max_hp_gain":0,"max_hp_loss":0,"event_name":"Liars Game","floor":4,"gold_loss":0,"cards_obtained":["Doubt"]},{"cards_removed":["Defend_R"],"damage_healed":0,"gold_gain":0,"player_choice":"Card Removal","damage_taken":7,"max_hp_gain":0,"max_hp_loss":0,"event_name":"Golden Wing","floor":8,"gold_loss":0},{"damage_healed":0,"gold_gain":0,"player_choice":"Damaged","damage_taken":8,"max_hp_gain":0,"max_hp_loss":0,"event_name":"Wheel of Change","floor":20,"gold_loss":0},{"damage_healed":0,"gold_gain":0,"cards_transformed":["Strike_R"],"player_choice":"Transformed","damage_taken":0,"max_hp_gain":0,"max_hp_loss":0,"event_name":"Transmorgrifier","floor":25,"gold_loss":0,"cards_obtained":["Cleave"]}],"is_beta":false,"boss_relics":[{"not_picked":["Runic Dome","Empty Cage"],"picked":"SlaversCollar"}],"items_purged_floors":[3,5,32],"is_endless":false,"potions_floor_spawned":[11,14,17,22,23,26,31],"killed_by":"Automaton","ascension_level":0}}