{"host":"af4pzp5tm7cfibaw","time":1613341039,"event":{"mods":["AchievementEnabler","BaseMod","BetterRewards","Highlight Path","Minty Spire (QoL Compilation)","StSLib","SuperFastMode"],"gold_per_floor":[109,124,46,121,121,121,150,162,187,0,0,14,14,32,32,129,129,141,154,171,171,171,196,196,216,216,250,250,264,264,264,264,368,368,380,101,114,77,97,97,97],"floor_reached":40,"language":"ENG","playtime":1735,"items_purged":["Strike_R","Defend_R","Strike_R"],"score":806,"play_id":"909a1386-8401-4935-a834-84723f57143d","local_time":"20210215111719","is_ascension_mode":true,"campfire_choices":[{"data":"Dark Embrace","floor":6.0,"key":"SMITH"},{"data":"Double Tap","floor":11.0,"key":"SMITH"},{"data":"Shockwave","floor":13.0,"key":"SMITH"},{"data":"Berserk","floor":15.0,"key":"SMITH"},{"floor":24.0,"key":"REST"},{"floor":32.0,"key":"REST"}],"circlet_count":0,"master_deck":["Strike_R","Defend_R","Defend_R","Defend_R","Bash","Shockwave+1","Burning Pact","Warcry","Armaments","Dark Embrace+1","Master of Strategy","Cleave","Twin Strike","Berserk+1","Iron Wave","Shrug It Off","Double Tap+1","Pommel Strike","Heavy Blade","Perfected Strike","Demon Form","Havoc","Perfected Strike+1","RitualDagger","Bloodletting","Disarm","Double Tap","Shrug It Off+1","Fire Breathing","Brutality","Limit Break","Heavy Blade","Whirlwind","Parasite"],"relics":["Burning Blood","Orrery","Tiny Chest","Pen Nib","Sozu","MealTicket","Lizard Tail","Oddly Smooth Stone","Pantograph","Self Forming Clay","Black Star","Bag of Marbles"],"acts_visited":["Exordium","TheCity","TheBeyond"],"potions_floor_usage":[],"damage_taken":[{"damage":0.0,"enemies":"2 Louse","floor":1.0,"turns":5.0},{"damage":7.0,"enemies":"Jaw Worm","floor":2.0,"turns":6.0},{"damage":20.0,"enemies":"Lagavulin","floor":7.0,"turns":6.0},{"damage":1.0,"enemies":"Cultist","floor":8.0,"turns":3.0},{"damage":1.0,"enemies":"Blue Slaver","floor":12.0,"turns":4.0},{"damage":6.0,"enemies":"Looter","floor":14.0,"turns":2.0},{"damage":42.0,"enemies":"Hexaghost","floor":16.0,"turns":8.0},{"damage":4.0,"enemies":"Chosen","floor":18.0,"turns":4.0},{"damage":28.0,"enemies":"Shell Parasite","floor":19.0,"turns":4.0},{"damage":12.0,"enemies":"Snecko","floor":20.0,"turns":4.0},{"damage":44.0,"enemies":"Book of Stabbing","floor":23.0,"turns":5.0},{"damage":23.0,"enemies":"Shelled Parasite and Fungi","floor":25.0,"turns":4.0},{"damage":38.0,"enemies":"Slavers","floor":27.0,"turns":4.0},{"damage":21.0,"enemies":"Snake Plant","floor":29.0,"turns":2.0},{"damage":19.0,"enemies":"Champ","floor":33.0,"turns":7.0},{"damage":68.0,"enemies":"3 Darklings","floor":35.0,"turns":8.0},{"damage":25.0,"enemies":"3 Shapes","floor":37.0,"turns":3.0},{"damage":22,"enemies":"Writhing Mass","floor":39,"turns":6},{"damage":16,"enemies":"Reptomancer","floor":40,"turns":2}],"seed_played":"6705263318470416363","potions_obtained":[{"floor":2.0,"key":"Swift Potion"},{"floor":8.0,"key":"LiquidMemories"},{"floor":14.0,"key":"FairyPotion"}],"is_trial":false,"path_per_floor":["M","M","$","?","?","R","E","M","T","$","R","M","R","M","R","B",null,"M","M","M","?","?","E","R","M","T","E","T","M","T","?","R","B",null,"M","$","M","$","M","E"],"character_chosen":"IRONCLAD","items_purchased":["Orrery","Dark Embrace","Master of Strategy","Berserk","Double Tap","Pommel Strike","Bag of Marbles","Whirlwind"],"campfire_rested":2,"item_purchase_floors":[0,0,0,3,10,10,36,38],"current_hp_per_floor":[78,77,77,66,66,66,52,57,57,57,57,62,62,62,62,26,67,69,47,41,35,35,25,49,32,32,46,46,31,31,31,55,67,77,15,30,11,26,10,0,0],"gold":97,"neow_bonus":"","is_daily":false,"chose_seed":false,"campfire_upgraded":4,"win_rate":0.0,"timestamp":1613341039,"path_taken":["M","M","$","?","?","R","E","M","T","$","R","M","R","M","R","BOSS","M","M","?","?","?","E","R","M","T","E","?","M","?","?","R","BOSS","M","$","M","$","M","E"],"items_purchased_type":["Relic","Card","Card","Card","Card","Card","Relic","Card"],"build_version":"2020-12-22","purchased_purges":3,"victory":false,"max_hp_per_floor":[80,80,80,80,80,80,80,80,80,80,80,80,80,80,80,80,80,80,80,80,80,80,80,80,80,80,80,80,80,80,80,80,80,80,80,80,80,80,80,80,80],"card_choices":[{"not_picked":["Combust","Clash"],"picked":"Shockwave","floor":0.0},{"not_picked":["Armaments","Clothesline"],"picked":"Burning Pact","floor":0.0},{"not_picked":["Body Slam","Wild Strike"],"picked":"Warcry","floor":0.0},{"not_picked":["Flex","Wild Strike"],"picked":"Armaments","floor":0.0},{"not_picked":["True Grit","Metallicize"],"picked":"Flex","floor":0.0},{"not_picked":["Dual Wield","Flex"],"picked":"Cleave","floor":1.0},{"not_picked":["Disarm","True Grit"],"picked":"Twin Strike","floor":2.0},{"not_picked":["True Grit","Fire Breathing"],"picked":"Iron Wave","floor":7.0},{"not_picked":["Flame Barrier","Blood for Blood"],"picked":"Shrug It Off","floor":8.0},{"not_picked":["Fire Breathing","Rampage"],"picked":"Heavy Blade","floor":12.0},{"not_picked":["Cleave","Sword Boomerang"],"picked":"Perfected Strike","floor":14.0},{"not_picked":["Reaper","Fiend Fire"],"picked":"Demon Form","floor":16.0},{"not_picked":["Reckless Charge","Headbutt+1","Anger"],"picked":"SKIP","floor":18.0},{"not_picked":["Clothesline","Headbutt"],"picked":"Havoc","floor":19.0},{"not_picked":["Clothesline","Armaments"],"picked":"Perfected Strike+1","floor":20.0},{"not_picked":["Sever Soul","Entrench"],"picked":"Bloodletting","floor":23.0},{"not_picked":["Wild Strike+1","Thunderclap+1"],"picked":"Disarm","floor":25.0},{"not_picked":["Feel No Pain","Flex"],"picked":"Double Tap","floor":27.0},{"not_picked":["Sentinel","Iron Wave+1"],"picked":"Shrug It Off+1","floor":29.0},{"not_picked":["Barricade","Immolate"],"picked":"Limit Break","floor":33.0},{"not_picked":["True Grit+1","Shrug It Off+1"],"picked":"Heavy Blade","floor":35.0},{"not_picked":["Clothesline+1","Disarm+1","Flex"],"picked":"SKIP","floor":37.0},{"not_picked":["Sword Boomerang","Havoc","Clothesline+1"],"picked":"SKIP","floor":39}],"player_experience":317267,"relics_obtained":[{"floor":7.0,"key":"Tiny Chest"},{"floor":9.0,"key":"Pen Nib"},{"floor":23.0,"key":"MealTicket"},{"floor":26.0,"key":"Lizard Tail"},{"floor":27.0,"key":"Oddly Smooth Stone"},{"floor":28.0,"key":"Pantograph"},{"floor":30.0,"key":"Self Forming Clay"}],"event_choices":[{"damage_healed":0.0,"max_hp_gain":0.0,"max_hp_loss":0.0,"gold_gain":75.0,"event_name":"World of Goop","player_choice":"Gather Gold","floor":4.0,"gold_loss":0.0,"damage_taken":11.0},{"damage_healed":0.0,"max_hp_gain":0.0,"max_hp_loss":0.0,"gold_gain":0.0,"event_name":"The Woman in Blue","player_choice":"Bought 0 Potions","floor":5.0,"gold_loss":0.0,"damage_taken":0.0},{"damage_healed":0.0,"max_hp_gain":0.0,"max_hp_loss":0.0,"gold_gain":0.0,"event_name":"Nest","player_choice":"Joined the Cult","floor":21.0,"gold_loss":0.0,"damage_taken":6.0,"cards_obtained":["RitualDagger"]},{"cards_removed":["Strike_R"],"damage_healed":0.0,"max_hp_gain":0.0,"max_hp_loss":0.0,"gold_gain":0.0,"event_name":"Purifier","player_choice":"Purged","floor":22.0,"gold_loss":0.0,"damage_taken":0.0},{"damage_healed":0.0,"max_hp_gain":0.0,"max_hp_loss":0.0,"gold_gain":0.0,"cards_transformed":["Flex","Strike_R"],"event_name":"Drug Dealer","player_choice":"Became Test Subject","floor":31.0,"gold_loss":0.0,"damage_taken":0.0,"cards_obtained":["Fire Breathing","Brutality"]}],"is_beta":false,"boss_relics":[{"not_picked":["Fusion Hammer","Cursed Key"],"picked":"Sozu"},{"not_picked":["Velvet Choker","Runic Pyramid"],"picked":"Black Star"}],"items_purged_floors":[0,0,36],"is_endless":false,"potions_floor_spawned":[2,8,14,23,29,33,37,39],"killed_by":"Reptomancer","ascension_level":8}}