{"host":"btkbr53c3gip0r7d","time":1613283633,"event":{"mods":["BaseMod","Better Altar","Better Match","Better Note","Better Sensory Stone","Better Skull","Better Third Choice","Colored Map","Curses Come First","Downfall","Minty Spire (QoL Compilation)","StSLib","The Cursed","The Marked"],"gold_per_floor":[99,109,129,142,157,33,33,67,78,78,78,78,78],"floor_reached":11,"language":"ENG","playtime":4180,"items_purged":["Slimebound:Strike_Slimebound"],"score":83,"play_id":"13c62a11-c2de-4a02-a84b-0587101dc18d","local_time":"20210213232033","is_ascension_mode":true,"campfire_choices":[{"data":"Slimebound:CorrosiveSpit","floor":1,"key":"SMITH"}],"circlet_count":0,"master_deck":["Slimebound:Strike_Slimebound","Slimebound:Strike_Slimebound","Slimebound:Tackle","Slimebound:Defend_Slimebound","Slimebound:Defend_Slimebound","Slimebound:Defend_Slimebound","Slimebound:Defend_Slimebound","Slimebound:Split","Slimebound:CorrosiveSpit+1","Slimebound:LeadByExample","Slimebound:DivideAndConquer","Slimebound:SplitAcid","Slimebound:SplitBruiser","Slimebound:LevelUp","Slimebound:MassRepurpose","Slimebound:LevelUp"],"relics":["Slimebound:AbsorbEndCombat","Ice Cream","Kunai","Ornamental Fan","Blue Candle"],"acts_visited":["Exordium"],"potions_floor_usage":[5,9,11],"damage_taken":[{"damage":0,"enemies":"Cultist","floor":2,"turns":3},{"damage":5,"enemies":"Jaw Worm","floor":3,"turns":4},{"damage":3,"enemies":"2 Louse","floor":4,"turns":2},{"damage":24,"enemies":"Lots of Slimes","floor":5,"turns":3},{"damage":3,"enemies":"downfall:FleeingMerchant","floor":6,"turns":4},{"damage":22,"enemies":"Lagavulin","floor":8,"turns":5},{"damage":1,"enemies":"Exordium Wildlife","floor":9,"turns":3},{"damage":9,"enemies":"Gremlin Nob","floor":11,"turns":3}],"seed_played":"1397513259652016916","potions_obtained":[{"floor":2,"key":"SneckoOil"},{"floor":5,"key":"Dexterity Potion"},{"floor":8,"key":"Slimebound:SpawnSlimePotion"}],"is_trial":false,"path_per_floor":["R","M","M","M","M","$","T","E","M","?","E"],"character_chosen":"SLIMEBOUND","items_purchased":["Slimebound:LevelUp"],"campfire_rested":0,"item_purchase_floors":[6],"current_hp_per_floor":[59,59,56,53,29,30,30,10,11,6,0,0,0],"gold":78,"neow_bonus":"ONE_RARE_RELIC","is_daily":false,"chose_seed":false,"campfire_upgraded":1,"win_rate":0.0,"timestamp":1613283633,"path_taken":["R","M","M","M","?","$","T","E","M","?","E"],"items_purchased_type":["Card"],"build_version":"2020-12-22","purchased_purges":1,"victory":false,"max_hp_per_floor":[59,59,59,59,59,59,59,59,59,59,59,59,59],"card_choices":[{"not_picked":["Slimebound:SplitLeeching","Slimebound:LivingWall"],"picked":"Slimebound:LeadByExample","floor":2},{"not_picked":["Slimebound:ProtectTheBoss","Slimebound:LeechEnergy"],"picked":"Slimebound:DivideAndConquer","floor":3},{"not_picked":["Slimebound:Prepare","Slimebound:LeechEnergy","Slimebound:SplitMire"],"picked":"SKIP","floor":4},{"not_picked":["Slimebound:Schlurp","Slimebound:ItLooksTasty"],"picked":"Slimebound:SplitAcid","floor":5},{"not_picked":["Slimebound:SplitMire","Slimebound:LeechingTouch"],"picked":"Slimebound:SplitBruiser","floor":6},{"not_picked":["Slimebound:HauntingLick","Slimebound:ItLooksTasty"],"picked":"Slimebound:MassRepurpose","floor":8},{"not_picked":["Slimebound:ViciousTackle","Slimebound:Equalize"],"picked":"Slimebound:LevelUp","floor":9}],"player_experience":1424030,"relics_obtained":[{"floor":7,"key":"Kunai"},{"floor":8,"key":"Ornamental Fan"}],"event_choices":[],"is_beta":false,"boss_relics":[],"items_purged_floors":[6],"is_endless":false,"potions_floor_spawned":[2,5,8],"killed_by":"Gremlin Nob","ascension_level":2}}