{"host":"amnup8uv961nil3y","time":1613341884,"event":{"mods":["Act Like it!","Aspiration","BaseMod","Bestiary","Better Altar","Better Match","Better Sensory Stone","Better Synergies","Better Third Choice","Block Reminder","Challenge The Spire","Colored Map","Colored Powertips","Colorless Booster Pack","Conspire","DeckTracker","Disable Question Mark Monsters","Elementarium","Energized Spire","Evolution","GifTheSpireLib","Halation","Hermit","HexUI Lib","Highlight Path","Hubris","Infinite Spire","Lotus Mark","Menagerie","Minty Spire (QoL Compilation)","Pale of the Ancients","Potion Indicator Mod","Quarter Circle Forward PUNCH!","Random Character Button","Relic Stats","Reliquary","Replay The Spire","Reworked Bosses","Shop Mod","Small Relic Pack","Spicy Shops","Spikes Relics","StSLib","Stuff the Spire","Swap Starting Deck Mod","The Dragonkin","The Jungle","Trackpad","Useless Jewels Mod","Wandering Minibosses"],"gold_per_floor":[115,190,190,208,158,198,198,198,198],"floor_reached":8,"language":"ENG","playtime":518,"items_purged":[],"score":54,"play_id":"f8beec07-1784-40c9-bbc6-6ee30fe5290c","local_time":"20210214223124","is_ascension_mode":false,"campfire_choices":[{"floor":7.0,"key":"REST"}],"circlet_count":0,"master_deck":["ReplayReversal+1","theDragonkin:Strike","theDragonkin:Strike","theDragonkin:Strike","theDragonkin:Defend","theDragonkin:Defend","theDragonkin:Defend","theDragonkin:Defend","theDragonkin:HolySmite","theDragonkin:BlazingBreath","theDragonkin:FlameBreath","theDragonkin:DivineVision","theDragonkin:PrismaticBreath"],"relics":["theDragonkin:GarnetScale","EVO:Axolotl","Golden Idol","StrikeDummy"],"acts_visited":["Exordium"],"potions_floor_usage":[8],"damage_taken":[{"damage":0.0,"enemies":"conspire:RoseBush","floor":1.0,"turns":4.0},{"damage":11.0,"enemies":"2 Louse","floor":4.0,"turns":4.0},{"damage":43.0,"enemies":"Gremlin Nob","floor":6.0,"turns":6.0},{"damage":34,"enemies":"3 Sentries","floor":8,"turns":8}],"seed_played":"-4853078838066363319","potions_obtained":[{"floor":6.0,"key":"PowerPotion"}],"is_trial":false,"path_per_floor":["M","?","?","M","?","E","R","E"],"character_chosen":"THE_DRAGONKIN","items_purchased":[],"campfire_rested":1,"item_purchase_floors":[],"current_hp_per_floor":[93,82,59,48,48,5,32,0,0],"gold":198,"neow_bonus":"TEN_PERCENT_HP_BONUS","is_daily":false,"chose_seed":false,"campfire_upgraded":0,"win_rate":0.0,"timestamp":1613341884,"path_taken":["M","?","?","M","?","E","R","E"],"items_purchased_type":[],"build_version":"2020-12-22","purchased_purges":0,"victory":false,"max_hp_per_floor":[93,93,93,93,93,93,93,93,93],"relic_stats":{"counters":[4,22],"Golden Idol":12,"obtain_stats":[{"theDragonkin:GarnetScale":0,"Golden Idol":3,"EVO:Axolotl":0,"StrikeDummy":6},{"theDragonkin:GarnetScale":0,"Golden Idol":1,"EVO:Axolotl":0,"StrikeDummy":3},{"theDragonkin:GarnetScale":0,"Golden Idol":4,"EVO:Axolotl":0,"StrikeDummy":14}]},"card_choices":[{"not_picked":["theDragonkin:DivineJolt","theDragonkin:SandBreath"],"picked":"theDragonkin:FlameBreath","floor":1.0},{"not_picked":["theDragonkin:MagmaScales","theDragonkin:CorrosiveBelch"],"picked":"theDragonkin:DivineVision","floor":4.0},{"not_picked":["theDragonkin:DivineStorm","theDragonkin:TwinBreath"],"picked":"theDragonkin:PrismaticBreath","floor":6.0}],"player_experience":390848,"relics_obtained":[{"floor":6.0,"key":"StrikeDummy"}],"event_choices":[{"damage_healed":0.0,"max_hp_gain":0.0,"max_hp_loss":0.0,"gold_gain":75.0,"event_name":"betterThird:BetterGoop","player_choice":"Gold","floor":2.0,"gold_loss":0.0,"damage_taken":11.0},{"damage_healed":0.0,"max_hp_gain":0.0,"max_hp_loss":0.0,"gold_gain":0.0,"event_name":"Golden Idol","player_choice":"Take Damage","floor":3.0,"gold_loss":0.0,"damage_taken":23.0,"relics_obtained":["Golden Idol"]},{"cards_removed":["theDragonkin:Strike"],"damage_healed":0.0,"max_hp_gain":0.0,"max_hp_loss":0.0,"gold_gain":0.0,"event_name":"The Cleric","player_choice":"Card Removal","floor":5.0,"gold_loss":50.0,"damage_taken":0.0}],"is_beta":false,"boss_relics":[],"items_purged_floors":[],"is_endless":false,"potions_floor_spawned":[6],"killed_by":"3 Sentries","ascension_level":0}}