{"host":"36qke0usa4c48kdx","time":1613270246,"event":{"mods":["AchievementEnabler","BaseMod","Colored Map","Downfall","Hermit","Hubris","Marisa????????","Minty Spire (QoL Compilation)","READ ME - Guardian Mod","Replay The Spire","Shop Mod","StSLib","The Bug Knight","The Cursed","The Disciple","The Servant 0.9.4"],"gold_per_floor":[117,117,192,192,192,192,80,80,80,108,120,120,120,120,120,221,221,238,254,254,254,254,254,254,254,254,254,62,72,90,116,116,211,211,231,249,299,299,310,341,355,367,367,397,447,447,461,492,492,492,492],"floor_reached":50,"language":"ENG","playtime":3413,"items_purged":["Doubt"],"score":980,"play_id":"d6485ff3-2c89-4d43-aadd-8c79c9e523fc","local_time":"20210214033726","is_ascension_mode":true,"campfire_choices":[{"floor":6.0,"key":"REST"},{"data":"Comet","floor":8.0,"key":"SMITH"},{"floor":12.0,"key":"RECALL"},{"data":"Exchange","floor":15.0,"key":"SMITH"},{"data":"RitualDagger","floor":23.0,"key":"SMITH"},{"data":"TheWorld","floor":25.0,"key":"SMITH"},{"data":"BestPractice","floor":32.0,"key":"SMITH"},{"data":"Solidify","floor":49.0,"key":"SMITH"},{"data":"KillingDoll","floor":49.0,"key":"SMITH"}],"circlet_count":0,"master_deck":["Strike_S+1","Strike_S+1","Strike_S+1","Strike_S+1","Defend_S+1","Defend_S+1","Defend_S+1","Defend_S+1","KidneyShot+1","Exchange+1","Comet+1","Rearm","RitualDagger+1","Ghostly","Ghostly","Ghostly","Ghostly","Ghostly","BestPractice+1","LightFlow","DancingSilver+1","Initiator","KillingDoll+1","CurseOfTheBell","Misdirection","Advance+1","ShiftingGears+1","Solidify+1","SilverMatrix","Barrier+1","hubris:DuctTapeCard"],"relics":["Uniform","NeowsBlessing","Ring of Fury","hubris:Towel","Bottled Flame","Quantum Egg","Sozu","hubris:BottledHeart","hubris:DuctTape","Mirror","MealTicket","Calling Bell","Replay:Baseball","hubris:Reverence","Ginger","hubris:CuriousFeather","Bronze Scales","PaperSwan","Pantograph","PocketWatch","Blue Candle","Replay:Arrowhead"],"acts_visited":["Exordium","TheCity","TheBeyond"],"potions_floor_usage":[],"damage_taken":[{"damage":0.0,"enemies":"Jaw Worm","floor":1.0,"turns":1.0},{"damage":0.0,"enemies":"Lagavulin","floor":10.0,"turns":1.0},{"damage":0.0,"enemies":"Small Slimes","floor":11.0,"turns":1.0},{"damage":46.0,"enemies":"Fading Forest","floor":16.0,"turns":11.0},{"damage":11.0,"enemies":"Shell Parasite","floor":18.0,"turns":4.0},{"damage":15.0,"enemies":"2 Thieves","floor":19.0,"turns":3.0},{"damage":0.0,"enemies":"Shelled Parasite and Fungi","floor":29.0,"turns":4.0},{"damage":0.0,"enemies":"Snake Plant","floor":30.0,"turns":6.0},{"damage":0.0,"enemies":"Slavers","floor":31.0,"turns":3.0},{"damage":0.0,"enemies":"Collector","floor":33.0,"turns":10.0},{"damage":0.0,"enemies":"3 Darklings","floor":35.0,"turns":4.0},{"damage":0.0,"enemies":"Orb Walker","floor":36.0,"turns":2.0},{"damage":0.0,"enemies":"Mind Bloom Boss Battle","floor":37.0,"turns":5.0},{"damage":0.0,"enemies":"Transient","floor":39.0,"turns":5.0},{"damage":0.0,"enemies":"Nemesis","floor":40.0,"turns":7.0},{"damage":0.0,"enemies":"Maw","floor":41.0,"turns":3.0},{"damage":0.0,"enemies":"4 Shapes","floor":42.0,"turns":2.0},{"damage":0.0,"enemies":"Reptomancer","floor":44.0,"turns":7.0},{"damage":0.0,"enemies":"2 Orb Walkers","floor":45.0,"turns":2.0},{"damage":0.0,"enemies":"Jaw Worm Horde","floor":47.0,"turns":1.0},{"damage":0.0,"enemies":"Nemesis","floor":48.0,"turns":1.0},{"damage":3,"enemies":"Awakened One","floor":50,"turns":6}],"seed_played":"4902121361849640931","potions_obtained":[{"floor":1.0,"key":"Flashbang"},{"floor":13.0,"key":"CultistPotion"},{"floor":13.0,"key":"FairyPotion"}],"is_trial":false,"path_per_floor":["M","?","?","?","?","R","$","R","T","E","M","R","?","$","R","B",null,"M","M","?","?","?","R","?","R","T","T","$","M","M","E","R","B",null,"M","M","?","?","M","E","M","M","T","E","?","?","M","E","R","B"],"character_chosen":"THE_SERVANT","items_purchased":["Comet","BestPractice","LightFlow"],"campfire_rested":1,"item_purchase_floors":[7,28,28],"current_hp_per_floor":[65,52,41,41,41,60,60,60,60,60,60,60,60,60,60,14,52,41,26,26,20,1,1,1,1,1,1,1,1,1,1,1,1,1,1,1,1,1,1,1,1,1,1,1,1,1,1,1,1,0,0],"gold":492,"neow_bonus":"THREE_ENEMY_KILL","is_daily":false,"chose_seed":false,"campfire_upgraded":7,"win_rate":0.0,"timestamp":1613270246,"path_taken":["M","?","?","?","?","R","?","R","T","E","?","R","?","$","R","BOSS","M","M","?","?","?","R","?","R","T","?","$","M","M","E","R","BOSS","M","?","?","?","M","E","M","M","T","E","?","?","M","E","R","BOSS"],"items_purchased_type":["Card","Card","Card"],"build_version":"2020-12-22","purchased_purges":1,"victory":false,"max_hp_per_floor":[65,65,65,65,65,65,65,65,65,65,65,65,65,65,65,65,65,65,65,65,65,1,1,1,1,1,1,1,1,1,1,1,1,1,1,1,1,1,1,1,1,1,1,1,1,1,1,1,1,1,1],"card_choices":[{"not_picked":["ReturningBlade","Alleviate","Rewind"],"picked":"SKIP","floor":1.0},{"not_picked":["FastForward","Starlight","Hightail"],"picked":"SKIP","floor":10.0},{"not_picked":["LightFlow","ForgedInTime"],"picked":"TheWorld","floor":16.0},{"not_picked":["DoubleEdge","Starlight"],"picked":"Rearm","floor":18.0},{"not_picked":["Ricochet+1","Alleviate"],"picked":"Moondial+1","floor":19.0},{"not_picked":["FastForward","Defy+1"],"picked":"DancingSilver+1","floor":29.0},{"not_picked":["DoubleEdge","Rewind","TimeWarp"],"picked":"SKIP","floor":30.0},{"not_picked":["Defy+1","Rearm"],"picked":"Initiator","floor":31.0},{"not_picked":["TheWorld","ForgedInTime"],"picked":"KillingDoll","floor":33.0},{"not_picked":["ShatteredReality","Revamp+1","FastForward"],"picked":"SKIP","floor":35.0},{"not_picked":["SurpressingFire","Collapse","Rewind+1"],"picked":"SKIP","floor":36.0},{"not_picked":["Advance+1","Read"],"picked":"Misdirection","floor":39.0},{"not_picked":["BestPractice+1","Sabotage+1"],"picked":"Advance+1","floor":40.0},{"not_picked":["Sabotage","ShatteredReality+1"],"picked":"ShiftingGears+1","floor":41.0},{"not_picked":["Rewind","DoubleEdge","Alleviate+1"],"picked":"SKIP","floor":42.0},{"not_picked":["Potential","Foresight"],"picked":"Solidify","floor":44.0},{"not_picked":["Defy+1","Spin"],"picked":"SilverMatrix","floor":47.0},{"not_picked":["InstantArmor+1","Alleviate+1"],"picked":"Barrier+1","floor":48.0}],"player_experience":780834,"relics_obtained":[{"floor":4.0,"key":"Ring of Fury"},{"floor":9.0,"key":"Bottled Flame"},{"floor":10.0,"key":"Quantum Egg"},{"floor":26.0,"key":"hubris:DuctTape"},{"floor":27.0,"key":"Mirror"},{"floor":31.0,"key":"MealTicket"},{"floor":34.0,"key":"Replay:Baseball"},{"floor":34.0,"key":"hubris:Reverence"},{"floor":34.0,"key":"Ginger"},{"floor":37.0,"key":"hubris:CuriousFeather"},{"floor":40.0,"key":"Bronze Scales"},{"floor":43.0,"key":"PaperSwan"},{"floor":44.0,"key":"Pantograph"},{"floor":45.0,"key":"PocketWatch"},{"floor":48.0,"key":"Replay:Arrowhead"}],"event_choices":[{"damage_healed":0.0,"max_hp_gain":0.0,"max_hp_loss":0.0,"gold_gain":0.0,"event_name":"Shining Light","player_choice":"Entered Light","floor":2.0,"gold_loss":0.0,"damage_taken":13.0,"cards_upgraded":["Defend_S","KidneyShot"]},{"damage_healed":0.0,"max_hp_gain":0.0,"max_hp_loss":0.0,"gold_gain":75.0,"event_name":"World of Goop","player_choice":"Gather Gold","floor":3.0,"gold_loss":0.0,"damage_taken":11.0},{"damage_healed":0.0,"max_hp_gain":0.0,"max_hp_loss":0.0,"gold_gain":0.0,"event_name":"Lab","player_choice":"Got Potions","floor":13.0,"gold_loss":0.0,"damage_taken":0.0},{"damage_healed":0.0,"max_hp_gain":0.0,"max_hp_loss":0.0,"gold_gain":0.0,"event_name":"Back to Basics","player_choice":"Simplicity","floor":20.0,"gold_loss":0.0,"damage_taken":0.0,"cards_upgraded":["Strike_S","Strike_S","Strike_S","Strike_S","Defend_S","Defend_S","Defend_S"]},{"damage_healed":0.0,"max_hp_gain":0.0,"max_hp_loss":0.0,"gold_gain":0.0,"event_name":"Nest","player_choice":"Joined the Cult","floor":21.0,"gold_loss":0.0,"damage_taken":6.0,"cards_obtained":["RitualDagger"]},{"damage_healed":0.0,"max_hp_gain":0.0,"max_hp_loss":0.0,"gold_gain":0.0,"event_name":"Ghosts","player_choice":"Became a Ghost","floor":24.0,"gold_loss":0.0,"damage_taken":0.0,"cards_obtained":["Ghostly","Ghostly","Ghostly","Ghostly","Ghostly"]},{"damage_healed":0.0,"max_hp_gain":0.0,"max_hp_loss":0.0,"gold_gain":0.0,"event_name":"MindBloom","player_choice":"Fight","floor":37.0,"gold_loss":0.0,"damage_taken":0.0},{"damage_healed":0.0,"max_hp_gain":0.0,"max_hp_loss":0.0,"gold_gain":0.0,"event_name":"Mysterious Sphere","player_choice":"Fight","floor":45.0,"gold_loss":0.0,"damage_taken":0.0}],"is_beta":false,"boss_relics":[{"not_picked":["Coffee Dripper","Replay:Drink Me"],"picked":"Sozu"},{"not_picked":["Ring of Chaos","hubris:ScarierMask"],"picked":"Calling Bell"}],"items_purged_floors":[7],"is_endless":false,"potions_floor_spawned":[1,29,31,33,35,44,45,47],"killed_by":"Awakened One","ascension_level":5}}