{"host":"d4km6p8r92tm3vpl","time":1613345609,"event":{"mods":["AchievementEnabler","BaseMod","Colored Map","Colored Powertips","DeckTracker","Minty Spire (QoL Compilation)","Relic Stats","StSLib"],"gold_per_floor":[119,119,129,143,72,72,99,113,113,143,153,153,179,179,179,250,250,263,263,263,38,51,84,84,84,84],"floor_reached":25,"language":"ENG","playtime":813,"items_purged":["Strike_G"],"score":457,"play_id":"3280e755-4ec7-44ed-b245-cf9cb89bde6c","local_time":"20210214183329","is_ascension_mode":true,"campfire_choices":[{"data":"Die Die Die","floor":6,"key":"SMITH"},{"floor":12,"key":"REST"},{"floor":15,"key":"DIG"},{"data":"Ghostly","floor":24,"key":"SMITH"}],"circlet_count":0,"master_deck":["AscendersBane","Strike_G","Strike_G+1","Strike_G","Defend_G+1","Defend_G","Defend_G","Defend_G","Defend_G","Survivor+1","Neutralize","Deadly Poison+1","Quick Slash","Dagger Throw","Die Die Die+1","Deadly Poison","Flechettes","Dash","Malaise","Backflip","Ghostly+1","Ghostly","Ghostly","Ghostly","Ghostly","Catalyst","Leg Sweep","Infinite Blades","Prepared","Poisoned Stab"],"relics":["Ring of the Snake","NeowsBlessing","HornCleat","Regal Pillow","TungstenRod","War Paint","Shovel","Girya","SlaversCollar","Smiling Mask"],"acts_visited":["Exordium","TheCity"],"potions_floor_usage":[11,23],"damage_taken":[{"damage":0,"enemies":"Small Slimes","floor":1,"turns":1},{"damage":0,"enemies":"Jaw Worm","floor":3,"turns":1},{"damage":0,"enemies":"Cultist","floor":4,"turns":1},{"damage":8,"enemies":"Blue Slaver","floor":8,"turns":3},{"damage":24,"enemies":"3 Sentries","floor":10,"turns":10},{"damage":3,"enemies":"Exordium Wildlife","floor":11,"turns":3},{"damage":0,"enemies":"Gremlin Nob","floor":13,"turns":3},{"damage":20,"enemies":"The Guardian","floor":16,"turns":10},{"damage":13,"enemies":"Shell Parasite","floor":18,"turns":6},{"damage":0,"enemies":"Chosen","floor":22,"turns":6},{"damage":7,"enemies":"Slavers","floor":23,"turns":7},{"damage":23,"enemies":"Snecko","floor":25,"turns":8}],"seed_played":"2122048636809731562","potions_obtained":[{"floor":1,"key":"Dexterity Potion"},{"floor":4,"key":"ColorlessPotion"},{"floor":18,"key":"LiquidMemories"}],"is_trial":false,"path_per_floor":["M","?","M","M","$","R","T","M","T","E","M","R","E","?","R","B",null,"M","?","?","$","M","E","R","M"],"character_chosen":"THE_SILENT","items_purchased":["Die Die Die","Leg Sweep","Infinite Blades"],"campfire_rested":1,"item_purchase_floors":[5,21,21],"current_hp_per_floor":[59,41,41,41,41,41,41,33,33,9,6,40,40,28,28,8,52,39,33,33,33,33,26,26,3,3],"gold":84,"neow_bonus":"THREE_ENEMY_KILL","is_daily":false,"chose_seed":false,"campfire_upgraded":2,"win_rate":0.0,"timestamp":1613345609,"path_taken":["M","?","M","M","$","R","?","?","T","E","M","R","E","?","R","BOSS","M","?","?","$","?","E","R","M"],"items_purchased_type":["Card","Card","Card"],"build_version":"2020-12-22","purchased_purges":1,"victory":false,"max_hp_per_floor":[66,66,66,66,66,66,66,66,66,66,66,66,66,66,66,66,66,66,33,33,33,33,33,33,33,33],"relic_stats":{"Regal Pillow":15,"Shovel":1,"counters":[12,59],"War Paint":["Deadly Poison","Defend_G"],"Smiling Mask":0,"obtain_stats":[{"Girya":15,"SlaversCollar":17,"Regal Pillow":7,"HornCleat":2,"Shovel":13,"NeowsBlessing":0,"War Paint":10,"Smiling Mask":23,"TungstenRod":9,"Ring of the Snake":0},{"Girya":7,"SlaversCollar":8,"Regal Pillow":3,"HornCleat":1,"Shovel":7,"NeowsBlessing":0,"War Paint":5,"Smiling Mask":11,"TungstenRod":4,"Ring of the Snake":0},{"Girya":22,"SlaversCollar":32,"Regal Pillow":3,"HornCleat":1,"Shovel":22,"NeowsBlessing":0,"War Paint":16,"Smiling Mask":51,"TungstenRod":6,"Ring of the Snake":0}],"TungstenRod":31,"Ring of the Snake":[24]},"card_choices":[{"not_picked":["Skewer","Leg Sweep"],"picked":"Deadly Poison","floor":1},{"not_picked":["Skewer","Outmaneuver"],"picked":"Quick Slash","floor":3},{"not_picked":["Riddle With Holes","Prepared"],"picked":"Dagger Throw","floor":4},{"not_picked":["Distraction","Doppelganger"],"picked":"Deadly Poison","floor":8},{"not_picked":["Quick Slash","Flying Knee"],"picked":"Flechettes","floor":10},{"not_picked":["Well Laid Plans","Backstab"],"picked":"Dash","floor":11},{"not_picked":["Dagger Throw","Expertise","Setup"],"picked":"SKIP","floor":13},{"not_picked":["Glass Knife","Wraith Form v2"],"picked":"Malaise","floor":16},{"not_picked":["Dagger Throw","Quick Slash"],"picked":"Backflip","floor":18},{"not_picked":["Bane","Flying Knee"],"picked":"Prepared","floor":22},{"not_picked":["Finisher","PiercingWail"],"picked":"Poisoned Stab","floor":23}],"player_experience":852133,"relics_obtained":[{"floor":7,"key":"Regal Pillow"},{"floor":9,"key":"TungstenRod"},{"floor":10,"key":"War Paint"},{"floor":13,"key":"Shovel"},{"floor":15,"key":"Girya"},{"floor":23,"key":"Smiling Mask"}],"event_choices":[{"damage_healed":0,"gold_gain":0,"player_choice":"Success","damage_taken":18,"relics_obtained":["HornCleat"],"max_hp_gain":0,"max_hp_loss":0,"event_name":"Scrap Ooze","floor":2,"gold_loss":0},{"damage_healed":0,"gold_gain":0,"player_choice":"Entered Light","damage_taken":13,"max_hp_gain":0,"max_hp_loss":0,"event_name":"Shining Light","floor":14,"gold_loss":0,"cards_upgraded":["Survivor","Strike_G"]},{"damage_healed":0,"gold_gain":0,"player_choice":"Became a Ghost","damage_taken":0,"max_hp_gain":0,"max_hp_loss":33,"event_name":"Ghosts","floor":19,"gold_loss":0,"cards_obtained":["Ghostly","Ghostly","Ghostly","Ghostly","Ghostly"]},{"damage_healed":0,"gold_gain":0,"cards_transformed":["Strike_G"],"player_choice":"Transformed","damage_taken":0,"max_hp_gain":0,"max_hp_loss":0,"event_name":"Transmorgrifier","floor":20,"gold_loss":0,"cards_obtained":["Catalyst"]}],"is_beta":false,"boss_relics":[{"not_picked":["Black Star","Ectoplasm"],"picked":"SlaversCollar"}],"items_purged_floors":[21],"is_endless":false,"potions_floor_spawned":[1,4,10,18,22],"killed_by":"Snecko","ascension_level":14}}