{"host":"u1pme1jhvp02dnrz","time":1613281014,"event":{"mods":["AchievementEnabler","BaseMod","Bestiary","Colored Map","Colored Powertips","Highlight Path","Minty Spire (QoL Compilation)","Random Character Button","Relic Stats"],"gold_per_floor":[114,128,146,146,321,353,353,384,384,419,419,419,489,37,37,168,168,192,107,93,111,11,46,46,77,100,125,164,164,164],"floor_reached":29,"language":"ENG","playtime":2049,"items_purged":["Regret","Doubt"],"score":329,"play_id":"c5fb24fc-6857-430f-b86a-2e6be72ad765","local_time":"20210213233654","is_ascension_mode":true,"campfire_choices":[{"floor":7,"key":"REST"},{"floor":11,"key":"REST"},{"floor":15,"key":"RECALL"},{"floor":24,"key":"REST"}],"circlet_count":0,"master_deck":["Strike_G","Strike_G","Strike_G","Strike_G","Strike_G","Defend_G+1","Defend_G","Defend_G","Defend_G","Defend_G","Survivor","Neutralize","Flying Knee","Poisoned Stab","Backflip","After Image","Quick Slash","Escape Plan","Infinite Blades","Apotheosis","Bane","Prepared","Reflex","Dagger Throw","A Thousand Cuts","Acrobatics+1","Noxious Fumes"],"relics":["Ring of the Snake","Regal Pillow","Akabeko","Mummified Hand","Ancient Tea Set","Kunai","Golden Idol","Tough Bandages","HandDrill","Black Star","FossilizedHelix","Ice Cream","Unceasing Top","PreservedInsect","Bag of Preparation","Lantern","War Paint","StoneCalendar"],"acts_visited":["Exordium","TheCity"],"potions_floor_usage":[16,16,23,23,25,28,28],"damage_taken":[{"damage":4,"enemies":"Small Slimes","floor":1,"turns":5},{"damage":0,"enemies":"Jaw Worm","floor":2,"turns":3},{"damage":8,"enemies":"2 Louse","floor":3,"turns":3},{"damage":45,"enemies":"Lagavulin","floor":6,"turns":9},{"damage":16,"enemies":"3 Sentries","floor":8,"turns":13},{"damage":20,"enemies":"Gremlin Nob","floor":10,"turns":5},{"damage":6,"enemies":"3 Sentries","floor":13,"turns":10},{"damage":14,"enemies":"Hexaghost","floor":16,"turns":9},{"damage":5,"enemies":"Spheric Guardian","floor":18,"turns":4},{"damage":21,"enemies":"2 Thieves","floor":20,"turns":5},{"damage":11,"enemies":"Cultist and Chosen","floor":21,"turns":8},{"damage":27,"enemies":"Book of Stabbing","floor":23,"turns":9},{"damage":40,"enemies":"Gremlin Leader","floor":25,"turns":8},{"damage":0,"enemies":"Chosen and Byrds","floor":27,"turns":6},{"damage":12,"enemies":"Book of Stabbing","floor":28,"turns":6},{"damage":6,"enemies":"Snake Plant","floor":29,"turns":2}],"seed_played":"-8821116353575076770","potions_obtained":[{"floor":2,"key":"SpeedPotion"},{"floor":8,"key":"LiquidBronze"},{"floor":10,"key":"Weak Potion"},{"floor":16,"key":"Regen Potion"},{"floor":20,"key":"DistilledChaos"},{"floor":23,"key":"BlessingOfTheForge"},{"floor":27,"key":"SteroidPotion"}],"is_trial":false,"path_per_floor":["M","M","M","?","?","E","R","E","T","E","R","?","?","$","R","B",null,"M","?","M","M","$","E","R","E","T","M","E","M"],"character_chosen":"THE_SILENT","items_purchased":["Apotheosis","HandDrill","Bane"],"campfire_rested":3,"item_purchase_floors":[14,14,14],"current_hp_per_floor":[66,66,58,58,58,13,49,33,33,13,49,32,26,26,26,12,70,65,65,44,33,33,21,57,17,17,17,5,0,0],"gold":164,"neow_bonus":"RANDOM_COMMON_RELIC","is_daily":false,"chose_seed":false,"campfire_upgraded":0,"win_rate":0.0,"timestamp":1613281014,"path_taken":["M","M","M","?","?","E","R","E","T","E","R","?","?","$","R","BOSS","M","?","M","M","$","E","R","E","T","M","E","M"],"items_purchased_type":["Card","Relic","Card"],"build_version":"2020-12-22","purchased_purges":2,"victory":false,"max_hp_per_floor":[70,70,70,70,70,70,70,70,70,70,70,70,70,70,70,70,70,70,70,70,70,70,70,70,70,70,70,70,70,70],"relic_stats":{"Regal Pillow":45,"counters":[16,105],"Golden Idol":72,"StoneCalendar":[0],"PreservedInsect":41,"Bag of Preparation":[6],"War Paint":["Defend_G","Acrobatics"],"Tough Bandages":[123],"Mummified Hand":[22],"HandDrill":[16],"Black Star":3,"Kunai":[28],"obtain_stats":[{"Ice Cream":23,"Regal Pillow":0,"Lantern":26,"Golden Idol":12,"StoneCalendar":28,"PreservedInsect":25,"Bag of Preparation":25,"War Paint":28,"Ancient Tea Set":8,"Akabeko":4,"Tough Bandages":13,"Mummified Hand":6,"HandDrill":14,"Black Star":17,"Kunai":10,"FossilizedHelix":19,"Unceasing Top":23,"Ring of the Snake":0},{"Ice Cream":12,"Regal Pillow":0,"Lantern":13,"Golden Idol":6,"StoneCalendar":15,"PreservedInsect":13,"Bag of Preparation":13,"War Paint":15,"Ancient Tea Set":5,"Akabeko":3,"Tough Bandages":7,"Mummified Hand":4,"HandDrill":7,"Black Star":8,"Kunai":6,"FossilizedHelix":9,"Unceasing Top":12,"Ring of the Snake":0},{"Ice Cream":83,"Regal Pillow":0,"Lantern":91,"Golden Idol":38,"StoneCalendar":103,"PreservedInsect":91,"Bag of Preparation":91,"War Paint":103,"Ancient Tea Set":33,"Akabeko":11,"Tough Bandages":48,"Mummified Hand":20,"HandDrill":48,"Black Star":57,"Kunai":38,"FossilizedHelix":61,"Unceasing Top":83,"Ring of the Snake":0}],"Unceasing Top":[5],"Ring of the Snake":[32]},"card_choices":[{"not_picked":["Footwork","PiercingWail"],"picked":"Flying Knee","floor":1},{"not_picked":["Flying Knee","Quick Slash"],"picked":"Poisoned Stab","floor":2},{"not_picked":["Caltrops","Deflect"],"picked":"Backflip","floor":3},{"not_picked":["Finisher","Riddle With Holes"],"picked":"After Image","floor":6},{"not_picked":["Dagger Spray","Deflect"],"picked":"Quick Slash","floor":8},{"not_picked":["Doppelganger","Dagger Throw"],"picked":"Escape Plan","floor":10},{"not_picked":["Concentrate","Flechettes"],"picked":"Infinite Blades","floor":13},{"not_picked":["Dagger Spray","Calculated Gamble"],"picked":"Prepared","floor":18},{"not_picked":["Dash+1","Quick Slash","Infinite Blades+1"],"picked":"SKIP","floor":20},{"not_picked":["Slice+1","Skewer+1"],"picked":"Reflex","floor":21},{"not_picked":["Night Terror","Backflip+1"],"picked":"Dagger Throw","floor":23},{"not_picked":["Backflip","Reflex"],"picked":"A Thousand Cuts","floor":25},{"not_picked":["Bane","Well Laid Plans"],"picked":"Acrobatics","floor":27},{"not_picked":["Prepared","PiercingWail"],"picked":"Noxious Fumes","floor":28}],"player_experience":205492,"relics_obtained":[{"floor":6,"key":"Mummified Hand"},{"floor":8,"key":"Ancient Tea Set"},{"floor":10,"key":"Kunai"},{"floor":13,"key":"Tough Bandages"},{"floor":23,"key":"Ice Cream"},{"floor":23,"key":"Unceasing Top"},{"floor":25,"key":"PreservedInsect"},{"floor":25,"key":"Bag of Preparation"},{"floor":26,"key":"Lantern"},{"floor":28,"key":"War Paint"},{"floor":28,"key":"StoneCalendar"}],"event_choices":[{"damage_healed":0,"gold_gain":0,"player_choice":"Box","damage_taken":0,"relics_obtained":["Akabeko"],"max_hp_gain":0,"max_hp_loss":0,"event_name":"Big Fish","floor":4,"gold_loss":0,"cards_obtained":["Regret"]},{"damage_healed":0,"gold_gain":175,"player_choice":"AGREE","damage_taken":0,"max_hp_gain":0,"max_hp_loss":0,"event_name":"Liars Game","floor":5,"gold_loss":0,"cards_obtained":["Doubt"]},{"damage_healed":0,"gold_gain":0,"player_choice":"Take Damage","damage_taken":17,"relics_obtained":["Golden Idol"],"max_hp_gain":0,"max_hp_loss":0,"event_name":"Golden Idol","floor":12,"gold_loss":0},{"damage_healed":0,"gold_gain":30,"player_choice":"Searched \u00272\u0027 times","damage_taken":0,"max_hp_gain":0,"max_hp_loss":0,"event_name":"Dead Adventurer","floor":13,"gold_loss":0},{"damage_healed":0,"gold_gain":0,"player_choice":"Obtained Relic","damage_taken":0,"relics_obtained":["FossilizedHelix"],"max_hp_gain":0,"max_hp_loss":0,"event_name":"Addict","floor":19,"gold_loss":85}],"is_beta":false,"boss_relics":[{"not_picked":["Pandora\u0027s Box","Snecko Eye"],"picked":"Black Star"}],"items_purged_floors":[14,22],"is_endless":false,"potions_floor_spawned":[2,8,10,16,20,23,27],"killed_by":"Snake Plant","ascension_level":2}}