{"host":"uixgxi1v9jim9335","time":1613337397,"event":{"mods":["BaseMod","Minty Spire (QoL Compilation)","Rare Cards Sparkle","Relic Sorter"],"gold_per_floor":[213,223,498,175,195,221,232,232,232,249,176,191,145,176,176,272,272,291,291,79,79,79,106,118,130,194,206,228,275,304,351,363,480,492,521,533,545,577,88,119,119,144,144,160,160,170,199,0,0,0],"floor_reached":51,"language":"ENG","playtime":22058,"items_purged":["Regret","Biased Cognition"],"score":889,"play_id":"5bb16232-d94c-40ab-9422-4e47cb34426a","local_time":"20210214141637","is_ascension_mode":true,"campfire_choices":[{"floor":8.0,"key":"REST"},{"floor":15.0,"key":"REST"},{"floor":24.0,"key":"REST"},{"floor":32.0,"key":"REST"},{"data":"Apotheosis","floor":41.0,"key":"SMITH"},{"floor":45.0,"key":"DIG"},{"floor":49.0,"key":"REST"}],"circlet_count":0,"master_deck":["Strike_B","Strike_B","Defend_B","Defend_B","Defend_B","Defend_B","Zap","Dualcast","Gash","Ball Lightning","Stack","Conserve Battery","Streamline","Defragment","Gash","Gash","Coolheaded","Core Surge+1","CurseOfTheBell","Rip and Tear+1","Capacitor","Self Repair","Self Repair","Dark Shackles","Ball Lightning+1","Beam Cell+1","Rebound+1","Darkness","Leap+1","Glacier","Echo Form","Beam Cell+1","Streamline+1","Purity","Mind Blast+1","Apotheosis+1","Lockon+1","Conserve Battery+1","Capacitor","Doom and Gloom+1","Stack","Double Energy","Meteor Strike+1","Gash+1","Cold Snap+1","Blizzard+1","Chaos","Coolheaded","Chill+1","Redo+1"],"relics":["Cracked Core","WingedGreaves","Girya","MawBank","Matryoshka","Du-Vu Doll","Oddly Smooth Stone","Molten Egg 2","Calling Bell","PreservedInsect","Meat on the Bone","Happy Flower","Orichalcum","Prayer Wheel","Art of War","Bird Faced Urn","Ginger","Nuclear Battery","Shovel","Toy Ornithopter","HornCleat","Question Card","Juzu Bracelet","Red Mask"],"acts_visited":["TheCity","TheBeyond"],"potions_floor_usage":[],"damage_taken":[{"damage":2.0,"enemies":"2 Louse","floor":1.0,"turns":3.0},{"damage":1.0,"enemies":"Cultist","floor":2.0,"turns":4.0},{"damage":6.0,"enemies":"Jaw Worm","floor":5.0,"turns":4.0},{"damage":25.0,"enemies":"Gremlin Nob","floor":6.0,"turns":4.0},{"damage":4.0,"enemies":"Blue Slaver","floor":7.0,"turns":3.0},{"damage":0.0,"enemies":"2 Fungi Beasts","floor":10.0,"turns":3.0},{"damage":13.0,"enemies":"Lots of Slimes","floor":12.0,"turns":4.0},{"damage":24.0,"enemies":"3 Sentries","floor":14.0,"turns":6.0},{"damage":10.0,"enemies":"The Guardian","floor":16.0,"turns":11.0},{"damage":3.0,"enemies":"Chosen","floor":18.0,"turns":5.0},{"damage":42.0,"enemies":"Slavers","floor":23.0,"turns":5.0},{"damage":22.0,"enemies":"3 Byrds","floor":28.0,"turns":7.0},{"damage":25.0,"enemies":"Book of Stabbing","floor":29.0,"turns":5.0},{"damage":8.0,"enemies":"Cultist and Chosen","floor":30.0,"turns":5.0},{"damage":26.0,"enemies":"Gremlin Leader","floor":31.0,"turns":6.0},{"damage":62.0,"enemies":"Automaton","floor":33.0,"turns":11.0},{"damage":8.0,"enemies":"3 Shapes","floor":35.0,"turns":5.0},{"damage":38.0,"enemies":"3 Darklings","floor":38.0,"turns":6.0},{"damage":12.0,"enemies":"Giant Head","floor":40.0,"turns":7.0},{"damage":78.0,"enemies":"Nemesis","floor":42.0,"turns":5.0},{"damage":25.0,"enemies":"Jaw Worm Horde","floor":44.0,"turns":5.0},{"damage":21.0,"enemies":"Maw","floor":46.0,"turns":8.0},{"damage":60.0,"enemies":"Giant Head","floor":47.0,"turns":9.0},{"damage":74,"enemies":"Time Eater","floor":50,"turns":10}],"seed_played":"-504094674828286618","potions_obtained":[{"floor":2.0,"key":"AttackPotion"},{"floor":6.0,"key":"LiquidBronze"},{"floor":12.0,"key":"Block Potion"},{"floor":14.0,"key":"EssenceOfDarkness"},{"floor":28.0,"key":"SkillPotion"},{"floor":29.0,"key":"LiquidBronze"},{"floor":31.0,"key":"Dexterity Potion"},{"floor":40.0,"key":"FairyPotion"},{"floor":42.0,"key":"Explosive Potion"},{"floor":46.0,"key":"SkillPotion"}],"is_trial":false,"path_per_floor":["M","M","?","$","M","E","M","R","T","M","$","M","$","E","R","B",null,"M","?","$","?","T","E","R","$","T","?","M","E","M","E","R","B",null,"M","?","?","M","$","E","R","E","T","M","R","M","E","?","R","B",null],"character_chosen":"DEFECT","items_purchased":["Matryoshka","Defragment","Gash","Capacitor","Happy Flower","Capacitor","Fire Potion","Doom and Gloom+1","Stack","Double Energy","Meteor Strike+1"],"campfire_rested":5,"item_purchase_floors":[4,11,13,20,20,39,39,39,39,39,39],"current_hp_per_floor":[73,72,72,72,66,41,37,59,59,59,59,46,46,22,44,34,75,72,72,72,72,72,49,71,71,71,71,63,52,64,51,73,34,75,75,75,65,62,62,75,75,37,37,66,66,75,53,53,75,18],"gold":0,"neow_bonus":"HUNDRED_GOLD","is_daily":false,"chose_seed":false,"campfire_upgraded":1,"win_rate":0.0,"timestamp":1613337397,"path_taken":["M","M","?","$","M","E","M","R","T","?","?","M","$","E","R","BOSS","M","?","$","?","?","E","R","?","T","?","M","E","?","E","R","BOSS","M","?","?","M","$","E","R","E","T","M","R","M","E","?","R","BOSS"],"items_purchased_type":["Relic","Card","Card","Card","Relic","Card","Potion","Card","Card","Card","Card"],"build_version":"2020-12-22","purchased_purges":2,"victory":true,"max_hp_per_floor":[75,75,75,75,75,75,75,75,75,75,75,75,75,75,75,75,75,75,75,75,75,75,75,75,75,75,75,75,75,75,75,75,75,75,75,75,75,75,75,75,75,75,75,75,75,75,75,75,75,75],"card_choices":[{"not_picked":["Tempest","Sweeping Beam"],"picked":"Gash","floor":1.0},{"not_picked":["Force Field","Beam Cell","Skim"],"picked":"SKIP","floor":2.0},{"not_picked":["Stack","Hologram"],"picked":"Ball Lightning","floor":5.0},{"not_picked":["Aggregate","Fusion"],"picked":"Stack","floor":6.0},{"not_picked":["Turbo","Hyperbeam"],"picked":"Conserve Battery","floor":7.0},{"not_picked":["Undo","Aggregate"],"picked":"Streamline","floor":10.0},{"not_picked":["Stack","Aggregate"],"picked":"Gash","floor":12.0},{"not_picked":["BootSequence","Scrape+1"],"picked":"Coolheaded","floor":14.0},{"not_picked":["Seek","Biased Cognition"],"picked":"Core Surge+1","floor":16.0},{"not_picked":["Skim+1","Redo"],"picked":"Rip and Tear+1","floor":18.0},{"not_picked":["Sweeping Beam+1","Steam"],"picked":"Self Repair","floor":23.0},{"not_picked":["Steam+1","Turbo"],"picked":"Ball Lightning+1","floor":28.0},{"not_picked":["Compile Driver+1","Steam+1"],"picked":"Beam Cell+1","floor":28.0},{"not_picked":["Consume+1","Steam Power"],"picked":"Rebound+1","floor":29.0},{"not_picked":["Compile Driver+1","Chill"],"picked":"Darkness","floor":30.0},{"not_picked":["Recycle","Hello World"],"picked":"Leap+1","floor":30.0},{"not_picked":["Beam Cell+1","Machine Learning"],"picked":"Glacier","floor":31.0},{"not_picked":["Hyperbeam+1","Multi-Cast"],"picked":"Echo Form","floor":33.0},{"not_picked":["Compile Driver+1","Storm+1"],"picked":"Beam Cell+1","floor":35.0},{"not_picked":["BootSequence","Fusion"],"picked":"Streamline+1","floor":35.0},{"not_picked":["Jack Of All Trades","Panacea"],"picked":"Purity","floor":37.0},{"not_picked":["Purity","PanicButton"],"picked":"Mind Blast+1","floor":37.0},{"not_picked":["PanicButton","Discovery"],"picked":"Apotheosis","floor":37.0},{"not_picked":["Skim","Hologram"],"picked":"Lockon+1","floor":38.0},{"not_picked":["Stack+1","Steam+1"],"picked":"Conserve Battery+1","floor":38.0},{"not_picked":["Machine Learning","Core Surge+1"],"picked":"Gash+1","floor":40.0},{"not_picked":["Consume+1","Ball Lightning+1"],"picked":"Cold Snap+1","floor":42.0},{"not_picked":["Conserve Battery","Loop+1"],"picked":"Blizzard+1","floor":44.0},{"not_picked":["Ball Lightning+1","Sweeping Beam+1"],"picked":"Chaos","floor":44.0},{"not_picked":["Leap","Undo+1","Turbo"],"picked":"Coolheaded","floor":46.0},{"not_picked":["Hologram+1","Heatsinks","Undo+1"],"picked":"Chill+1","floor":46.0},{"not_picked":["Sweeping Beam+1","Rip and Tear+1","Ball Lightning+1"],"picked":"Redo+1","floor":47.0}],"player_experience":230213,"relics_obtained":[{"floor":6.0,"key":"Du-Vu Doll"},{"floor":9.0,"key":"Oddly Smooth Stone"},{"floor":9.0,"key":"Girya"},{"floor":14.0,"key":"Molten Egg 2"},{"floor":17.0,"key":"PreservedInsect"},{"floor":17.0,"key":"Meat on the Bone"},{"floor":17.0,"key":"WingedGreaves"},{"floor":22.0,"key":"Orichalcum"},{"floor":22.0,"key":"Prayer Wheel"},{"floor":23.0,"key":"MawBank"},{"floor":26.0,"key":"Art of War"},{"floor":29.0,"key":"Bird Faced Urn"},{"floor":31.0,"key":"Ginger"},{"floor":40.0,"key":"Shovel"},{"floor":42.0,"key":"Toy Ornithopter"},{"floor":43.0,"key":"HornCleat"},{"floor":45.0,"key":"Question Card"},{"floor":47.0,"key":"Juzu Bracelet"}],"event_choices":[{"damage_healed":0.0,"max_hp_gain":0.0,"max_hp_loss":0.0,"gold_gain":275.0,"event_name":"Golden Shrine","player_choice":"Desecrate","floor":3.0,"gold_loss":0.0,"damage_taken":0.0,"cards_obtained":["Regret"]},{"damage_healed":0.0,"max_hp_gain":0.0,"max_hp_loss":0.0,"gold_gain":0.0,"event_name":"Vampires","player_choice":"Ignored","floor":19.0,"gold_loss":0.0,"damage_taken":0.0},{"damage_healed":0.0,"max_hp_gain":0.0,"max_hp_loss":0.0,"gold_gain":0.0,"cards_transformed":["Strike_B","Strike_B"],"event_name":"Drug Dealer","player_choice":"Became Test Subject","floor":21.0,"gold_loss":0.0,"damage_taken":0.0,"cards_obtained":["Self Repair","Biased Cognition"]},{"damage_healed":0.0,"max_hp_gain":0.0,"max_hp_loss":0.0,"gold_gain":0.0,"event_name":"Match and Keep!","player_choice":"2 cards matched","floor":27.0,"gold_loss":0.0,"damage_taken":0.0,"cards_obtained":["Dark Shackles","Zap"]},{"cards_removed":["Zap"],"damage_healed":0.0,"max_hp_gain":0.0,"max_hp_loss":0.0,"gold_gain":0.0,"event_name":"Falling","player_choice":"Removed Skill","floor":36.0,"gold_loss":0.0,"damage_taken":0.0},{"damage_healed":0.0,"max_hp_gain":0.0,"max_hp_loss":0.0,"gold_gain":0.0,"event_name":"SensoryStone","player_choice":"Memory 3","floor":37.0,"gold_loss":0.0,"damage_taken":10.0},{"damage_healed":0.0,"max_hp_gain":0.0,"max_hp_loss":0.0,"gold_gain":0.0,"event_name":"Tomb of Lord Red Mask","player_choice":"Paid","floor":48.0,"gold_loss":199.0,"damage_taken":0.0,"relics_obtained":["Red Mask"]}],"is_beta":false,"boss_relics":[{"not_picked":["Snecko Eye","Velvet Choker"],"picked":"Calling Bell"},{"not_picked":["Cursed Key","Black Star"],"picked":"Nuclear Battery"}],"items_purged_floors":[4,39],"is_endless":false,"potions_floor_spawned":[2,6,12,14,28,29,30,31,40,42,46],"ascension_level":1}}