{"host":"phy652c7lim9lcu2","time":1613299542,"event":{"mods":["BaseMod","Colored Powertips","Googly Eyes","Minty Spire (QoL Compilation)","Relic Stats","Spicy Shops","StSLib","everything is the same but u backflip on backflip"],"gold_per_floor":[113,113,38,49,49,89,103,141,141,141,185,185,201,221,221,221,221],"floor_reached":16,"language":"ENG","playtime":664,"items_purged":["Pain"],"score":192,"play_id":"ca853a12-3c72-41f6-826a-a30f371bbb16","local_time":"20210214204542","is_ascension_mode":true,"campfire_choices":[{"floor":10.0,"key":"REST"},{"data":"Recycle","floor":15,"key":"SMITH"}],"circlet_count":0,"master_deck":["AscendersBane","Strike_B","Strike_B","Defend_B","Defend_B","Defend_B","Zap","Dualcast","Core Surge","Recycle+1","Coolheaded+1","Skim","Self Repair","Streamline","Hologram","Self Repair"],"relics":["Cracked Core","Golden Idol","Lizard Tail","Gambling Chip","Ice Cream","Turnip"],"acts_visited":["Exordium"],"potions_floor_usage":[16],"damage_taken":[{"damage":0.0,"enemies":"Small Slimes","floor":1.0,"turns":2.0},{"damage":0.0,"enemies":"Jaw Worm","floor":4.0,"turns":4.0},{"damage":20.0,"enemies":"Lagavulin","floor":6.0,"turns":9.0},{"damage":1.0,"enemies":"Cultist","floor":7.0,"turns":4.0},{"damage":35.0,"enemies":"Gremlin Nob","floor":8.0,"turns":4.0},{"damage":16.0,"enemies":"Lagavulin","floor":11.0,"turns":7.0},{"damage":46,"enemies":"Exordium Thugs","floor":13,"turns":8},{"damage":8,"enemies":"2 Fungi Beasts","floor":14,"turns":5},{"damage":29,"enemies":"Hexaghost","floor":16,"turns":9}],"seed_played":"-3763669272776636824","potions_obtained":[{"floor":1.0,"key":"BlessingOfTheForge"},{"floor":13,"key":"Dexterity Potion"}],"is_trial":false,"path_per_floor":["M","?","$","M","?","E","M","E","T","R","E","?","M","M","R","B"],"character_chosen":"DEFECT","items_purchased":[],"campfire_rested":1,"item_purchase_floors":[],"current_hp_per_floor":[68,68,68,68,50,30,36,8,8,30,21,21,19,25,25,0,0],"gold":221,"neow_bonus":"TRANSFORM_TWO_CARDS","is_daily":false,"chose_seed":false,"campfire_upgraded":1,"win_rate":0.0,"timestamp":1613299542,"path_taken":["M","?","$","M","?","E","M","E","T","R","E","?","M","M","R","BOSS"],"items_purchased_type":[],"build_version":"2020-12-22","purchased_purges":1,"victory":false,"max_hp_per_floor":[75,75,75,75,75,75,75,75,75,75,75,75,75,75,75,75,75],"relic_stats":{"Lizard Tail":37,"counters":[9,52],"Golden Idol":35,"Gambling Chip":[16],"Turnip":[1],"obtain_stats":[{"Ice Cream":9,"Lizard Tail":6,"Golden Idol":5,"Gambling Chip":8,"Turnip":11,"Cracked Core":0},{"Ice Cream":5,"Lizard Tail":3,"Golden Idol":2,"Gambling Chip":5,"Turnip":6,"Cracked Core":0},{"Ice Cream":23,"Lizard Tail":15,"Golden Idol":6,"Gambling Chip":23,"Turnip":30,"Cracked Core":0}]},"card_choices":[{"not_picked":["Stack","Steam"],"picked":"Coolheaded","floor":1.0},{"not_picked":["Turbo","Stack"],"picked":"Skim","floor":4.0},{"not_picked":["Cold Snap","Fission"],"picked":"Self Repair","floor":6.0},{"not_picked":["Stack","Hello World"],"picked":"Streamline","floor":7.0},{"not_picked":["Coolheaded","Steam Power"],"picked":"Hologram","floor":8.0},{"not_picked":["Tempest","BootSequence","Chaos"],"picked":"SKIP","floor":11.0},{"not_picked":["Sweeping Beam","Leap"],"picked":"Self Repair","floor":13},{"not_picked":["Leap","Conserve Battery","Aggregate"],"picked":"SKIP","floor":14}],"player_experience":325680,"relics_obtained":[{"floor":6.0,"key":"Lizard Tail"},{"floor":8.0,"key":"Gambling Chip"},{"floor":9.0,"key":"Ice Cream"},{"floor":11.0,"key":"Turnip"}],"event_choices":[{"damage_healed":0.0,"max_hp_gain":0.0,"max_hp_loss":0.0,"gold_gain":0.0,"event_name":"Living Wall","player_choice":"Grow","floor":2.0,"gold_loss":0.0,"damage_taken":0.0,"cards_upgraded":["Coolheaded"]},{"damage_healed":0.0,"max_hp_gain":0.0,"max_hp_loss":0.0,"gold_gain":0.0,"event_name":"Golden Idol","player_choice":"Take Damage","floor":5.0,"gold_loss":0.0,"damage_taken":18.0,"relics_obtained":["Golden Idol"]},{"cards_removed":["Strike_B"],"damage_healed":0.0,"max_hp_gain":0.0,"max_hp_loss":0.0,"gold_gain":0.0,"event_name":"Wheel of Change","player_choice":"Card Removal","floor":12.0,"gold_loss":0.0,"damage_taken":0.0}],"is_beta":false,"boss_relics":[],"items_purged_floors":[3],"is_endless":false,"potions_floor_spawned":[1,13],"killed_by":"Hexaghost","ascension_level":12}}