{"host":"tod","time":1613289699,"event":{"mods":["Act Like it!","BaseMod","CapriCore","Highlight Path","Lobotomy","Luminous","Marisa£®ÏF”Í°°ƒß¿Ì…≥£©","Minty Spire (QoL Compilation)","Quick Restart","Reimu£®≤©¿ˆ¡È√Œ£©","Remilia£®¿Ÿ√◊¿Ú—«£©","Shop Mod","StSLib","The Cursed","The Immortal","Yakumo Yukari mod","Youmu£®ªÍ∆«—˝√Œ£©"],"gold_per_floor":[111,111,130,55,75,75,104,120,120,130,180,230,85,95,95,198,198,198,248,263,282,298,298,298,298,352,352,402,466,466,68,68,166,166,179,193,210,260,310,310,310],"floor_reached":40,"language":"ZHS","playtime":2220,"items_purged":["Strike_RM","Defend_RM"],"score":485,"play_id":"e8c76a02-68a3-46c1-9c88-00476f4a4ced","local_time":"20210214160139","is_ascension_mode":false,"campfire_choices":[{"data":"UnstableMagic","floor":6.0,"key":"SMITH"},{"data":"BombardNight","floor":15,"key":"SMITH"},{"floor":23,"key":"REST"},{"floor":30,"key":"RECALL"},{"floor":32,"key":"REST"}],"circlet_count":0,"master_deck":["Apo_SoulSlash","Apo_Charge","Apo_Charge","Apo_Charge","Apo_Charge","Apo_Beam","Apo_Beam","Apo_Execute","Apo_Slash","Apo_Slash","Apo_SoulSlash","CrumblingArmor","DiffusionOfMisfortune","EndlessAdversity"],"relics":["ScarletHat","CogitoBucket","SsserpentHead","Ginger","The Courier","AspirationHeart","CaptainsWheel","Runic Dome","ApostleMask","ChangeAnything","Frozen Egg 2","Bronze Scales","AtMidnight","HandDrill","FossilizedHelix","APieceOfRedMist"],"acts_visited":["Exordium","TheCity","TheBeyond"],"potions_floor_usage":[40,40,40],"damage_taken":[{"damage":0.0,"enemies":"Small Slimes","floor":1.0,"turns":3.0},{"damage":1.0,"enemies":"Cultist","floor":3.0,"turns":3.0},{"damage":0.0,"enemies":"2 Louse","floor":5.0,"turns":5.0},{"damage":0.0,"enemies":"Lagavulin","floor":7.0,"turns":11.0},{"damage":25.0,"enemies":"Exordium Wildlife","floor":8.0,"turns":6.0},{"damage":2.0,"enemies":"Looter","floor":10.0,"turns":3.0},{"damage":0,"enemies":"2 Fungi Beasts","floor":14,"turns":2},{"damage":38,"enemies":"The Guardian","floor":16,"turns":9},{"damage":0,"enemies":"Spheric Guardian","floor":20,"turns":1},{"damage":28,"enemies":"2 Thieves","floor":21,"turns":4},{"damage":0,"enemies":"Snecko","floor":22,"turns":2},{"damage":15,"enemies":"Book of Stabbing","floor":24,"turns":2},{"damage":0,"enemies":"Chosen and Byrds","floor":25,"turns":3},{"damage":0,"enemies":"3 Cultists","floor":27,"turns":2},{"damage":0,"enemies":"Centurion and Healer","floor":29,"turns":3},{"damage":25,"enemies":"Collector","floor":33,"turns":4},{"damage":0,"enemies":"3 Shapes","floor":35,"turns":2},{"damage":0,"enemies":"3 Darklings","floor":36,"turns":2},{"damage":0,"enemies":"Spire Growth","floor":37,"turns":2},{"damage":85,"enemies":"Time Eater","floor":40,"turns":5}],"seed_played":"8648935902004735480","potions_obtained":[{"floor":1.0,"key":"Block Potion"},{"floor":7.0,"key":"SteroidPotion"},{"floor":8.0,"key":"LiquidMemories"},{"floor":10.0,"key":"Regen Potion"},{"floor":14,"key":"Strength Potion"}],"is_trial":false,"path_per_floor":["M","?","M","$","M","R","E","M","T","M","T","?","$","M","R","B",null,"M","?","M","M","M","R","E","M","T","M","?","M","R","$","R","B",null,"M","M","M","?","?","B"],"character_chosen":"REMILIA","items_purchased":["UnstableMagic","RedNightlessCastle","DiffusionOfMisfortune","HandDrill","FossilizedHelix"],"campfire_rested":2,"item_purchase_floors":[4,13,31,31,31],"current_hp_per_floor":[75,75,74,74,74,74,75,50,50,67,67,67,67,67,67,64,85,63,63,63,35,35,35,20,85,85,85,85,85,85,85,85,60,60,60,60,60,60,60,0,0],"gold":310,"neow_bonus":"","is_daily":false,"chose_seed":false,"campfire_upgraded":2,"win_rate":0.0,"timestamp":1613289699,"path_taken":["M","?","M","?","M","R","E","M","T","M","?","?","$","M","R","BOSS","M","?","M","M","M","R","E","M","T","M","?","?","R","$","R","BOSS","M","M","M","?","?","BOSS"],"items_purchased_type":["Card","Card","Card","Relic","Relic"],"build_version":"2020-12-18","purchased_purges":2,"victory":false,"max_hp_per_floor":[75,75,75,75,75,75,75,75,75,85,85,85,85,85,85,85,85,85,85,85,85,85,85,85,85,85,85,85,85,85,85,85,85,85,85,85,85,85,85,85,85],"card_choices":[{"not_picked":["PunishingBird","CherryBlossoms"],"picked":"ShyLook","floor":1.0},{"not_picked":["CharismaGuard","VampireKiss"],"picked":"FitfulNightmare","floor":1.0},{"not_picked":["MHz","Rudolta"],"picked":"GreedKing","floor":3.0},{"not_picked":["HunterOfTheNight","EternalNight"],"picked":"MillenniumVampire","floor":3.0},{"not_picked":["Freischutz","SpiderBud"],"picked":"CrumblingArmor","floor":5.0},{"not_picked":["TwelveNightmare","StarOfDavid"],"picked":"VampireKiss","floor":5.0},{"not_picked":["FairyFestival","SingingMachine"],"picked":"Scorched","floor":7.0},{"not_picked":["BloodyCatastrophe","ChainGang","DevilSight"],"picked":"SKIP","floor":7.0},{"not_picked":["OldLady","BeautyBeast"],"picked":"QueenOfHatred","floor":8.0},{"not_picked":["ScarletDevilSign","RedRainbow"],"picked":"BombardNight","floor":8.0},{"not_picked":["PunishingBird","VoidDream"],"picked":"NakedNest","floor":10.0},{"not_picked":["BlasphemousPunishment","NightLord"],"picked":"EndlessAdversity","floor":10.0},{"not_picked":["UniverseFragment","CherryBlossoms"],"picked":"PlagueDoctor","floor":14},{"not_picked":["ScarletImprint","BloodHunter"],"picked":"VampireKiss","floor":14},{"not_picked":["Murderer","PunishingBird"],"picked":"Mercenary","floor":16},{"not_picked":["EquivalentExchange","CeilingFear"],"picked":"TransientEternity","floor":16},{"not_picked":["MastersStateliness","ScarletDevil","MiserableFate"],"picked":"SKIP","floor":20},{"not_picked":["MHz","BeautyBeast"],"picked":"CrumblingArmor","floor":21},{"not_picked":["UnstableMagic","ForecastOfChange","CharismaGuard+1"],"picked":"SKIP","floor":21},{"not_picked":["NightDance","BombardNight","NightLord"],"picked":"SKIP","floor":22},{"not_picked":["ScarletNetherworld+1","EternalNight","CharismaGuard+1"],"picked":"SKIP","floor":24},{"not_picked":["Stigmanizer","StarOfDavid","AfternoonTea"],"picked":"SKIP","floor":25},{"not_picked":["FavorOfDestiny","BlasphemousPunishment","QueenOfMidnight+1"],"picked":"SKIP","floor":27},{"not_picked":["VampireKiss","ScarletDevil","Septette"],"picked":"SKIP","floor":29},{"not_picked":["RedNightlessCastle+1","ReincarnationDial"],"picked":"EndlessAdversity","floor":35},{"not_picked":["CharismaGuard+1","ForbiddenFruit","UnderTheZenith"],"picked":"SKIP","floor":36},{"not_picked":["Stigmanizer+1","RedRainbow","CharismaGuard+1"],"picked":"SKIP","floor":37}],"player_experience":367998,"relics_obtained":[{"floor":7.0,"key":"Ginger"},{"floor":9.0,"key":"The Courier"},{"floor":11.0,"key":"CaptainsWheel"},{"floor":24,"key":"Frozen Egg 2"},{"floor":26,"key":"Bronze Scales"},{"floor":29,"key":"AtMidnight"}],"event_choices":[{"damage_healed":0.0,"max_hp_gain":0.0,"max_hp_loss":0.0,"gold_gain":0.0,"event_name":"FaceTrader","player_choice":"Trade","floor":2.0,"gold_loss":0.0,"damage_taken":0.0,"relics_obtained":["SsserpentHead"]},{"cards_removed":["Apo_Beam"],"damage_healed":0,"gold_gain":0,"player_choice":"Elegance","damage_taken":0,"max_hp_gain":0,"max_hp_loss":0,"event_name":"Back to Basics","floor":19,"gold_loss":0},{"damage_healed":0,"gold_gain":0,"player_choice":"Ignored","damage_taken":0,"max_hp_gain":0,"max_hp_loss":0,"event_name":"NoteForYourself","floor":28,"gold_loss":0},{"cards_removed":["Apo_Pray"],"damage_healed":0,"gold_gain":0,"player_choice":"Removed Skill","damage_taken":0,"max_hp_gain":0,"max_hp_loss":0,"event_name":"Falling","floor":38,"gold_loss":0},{"damage_healed":0,"gold_gain":0,"player_choice":"Took Portal","damage_taken":0,"max_hp_gain":0,"max_hp_loss":0,"event_name":"SecretPortal","floor":39,"gold_loss":0}],"is_beta":true,"boss_relics":[{"not_picked":["RedLine:ReiMu","SlaversCollar"],"picked":"Runic Dome"},{"not_picked":["Calling Bell","Pandora\u0027s Box"],"picked":"APieceOfRedMist"}],"items_purged_floors":[4,13],"is_endless":false,"potions_floor_spawned":[1,7,8,10,14,22,25,33,35],"killed_by":"Time Eater","ascension_level":0}}