{"host":"89iuq2p5kwriuwfq","time":1613309834,"event":{"mods":["BaseMod","Curses Come First","Minty Spire (QoL Compilation)","Permanent Neow","StSLib"],"gold_per_floor":[110,110,110,121,6,31,31,64,64,64,77,152,183,194,194,292,292,311,325,341,341,354,354,354],"floor_reached":23,"language":"ENG","playtime":1369,"items_purged":["Regret"],"score":418,"play_id":"4fb2cea9-2f94-44e0-b6c5-3ce7e6b83260","local_time":"20210214133714","is_ascension_mode":true,"campfire_choices":[{"data":"Study","floor":7.0,"key":"SMITH"},{"floor":10.0,"key":"REST"},{"data":"Prostrate","floor":15.0,"key":"SMITH"}],"circlet_count":0,"master_deck":["AscendersBane","Strike_P","Strike_P","Defend_P","Defend_P+1","Defend_P","Eruption+1","Vigilance","Study+1","TalkToTheHand","ReachHeaven","Ragnarok","EmptyBody","Swivel","Prostrate+1","Devotion","Fasting2+1","Blasphemy+1","Fasting2+1","Prostrate","CarveReality+1"],"relics":["PureWater","Pocketwatch","Damaru","Ginger","White Beast Statue","Smiling Mask","Astrolabe"],"acts_visited":["Exordium","TheCity"],"potions_floor_usage":[23,23,23],"damage_taken":[{"damage":4.0,"enemies":"Small Slimes","floor":1.0,"turns":4.0},{"damage":9.0,"enemies":"Jaw Worm","floor":4.0,"turns":4.0},{"damage":24.0,"enemies":"3 Sentries","floor":6.0,"turns":8.0},{"damage":4.0,"enemies":"Lagavulin","floor":8.0,"turns":5.0},{"damage":0.0,"enemies":"Cultist","floor":11.0,"turns":2.0},{"damage":17.0,"enemies":"3 Sentries","floor":13.0,"turns":6.0},{"damage":0.0,"enemies":"Large Slime","floor":14.0,"turns":5.0},{"damage":0.0,"enemies":"The Guardian","floor":16.0,"turns":5.0},{"damage":17.0,"enemies":"2 Thieves","floor":18.0,"turns":3.0},{"damage":9.0,"enemies":"3 Byrds","floor":19.0,"turns":3.0},{"damage":7.0,"enemies":"3 Cultists","floor":20.0,"turns":3.0},{"damage":16.0,"enemies":"Snake Plant","floor":22.0,"turns":3.0},{"damage":1,"enemies":"Gremlin Leader","floor":23,"turns":2}],"seed_played":"-8809985597601694989","potions_obtained":[{"floor":1.0,"key":"SmokeBomb"},{"floor":11.0,"key":"Regen Potion"},{"floor":13.0,"key":"Fire Potion"},{"floor":14.0,"key":"Regen Potion"},{"floor":16.0,"key":"Block Potion"},{"floor":18.0,"key":"EntropicBrew"},{"floor":19.0,"key":"Regen Potion"},{"floor":22.0,"key":"Block Potion"}],"is_trial":false,"path_per_floor":["M","?","?","M","$","E","R","E","T","R","M","?","E","M","R","B",null,"M","M","M","?","M","E"],"character_chosen":"WATCHER","items_purchased":["ReachHeaven"],"campfire_rested":1,"item_purchase_floors":[5],"current_hp_per_floor":[61,61,47,38,38,14,14,10,10,31,31,20,18,18,18,32,62,45,36,29,16,9,8,8],"gold":354,"neow_bonus":"UPGRADE_CARD","is_daily":false,"chose_seed":false,"campfire_upgraded":2,"win_rate":0.0,"timestamp":1613309834,"path_taken":["M","?","?","M","$","E","R","E","T","R","M","?","E","?","R","BOSS","M","M","?","?","M","E"],"items_purchased_type":["Card"],"build_version":"2020-12-22","purchased_purges":1,"victory":false,"max_hp_per_floor":[72,72,72,72,72,72,72,72,72,72,72,72,72,72,72,72,72,72,72,72,77,77,77,77],"card_choices":[{"not_picked":["Perseverance","ThirdEye"],"picked":"Study","floor":1.0},{"not_picked":["Wireheading","JustLucky"],"picked":"TalkToTheHand","floor":4.0},{"not_picked":["PathToVictory","SashWhip"],"picked":"Ragnarok","floor":6.0},{"not_picked":["Indignation","Ragnarok"],"picked":"EmptyBody","floor":8.0},{"not_picked":["Consecrate","Halt","ThirdEye"],"picked":"SKIP","floor":11.0},{"not_picked":["SignatureMove","Wish"],"picked":"Swivel","floor":13.0},{"not_picked":["FearNoEvil","FlurryOfBlows"],"picked":"Prostrate","floor":14.0},{"not_picked":["MasterReality","Ragnarok"],"picked":"Devotion","floor":16.0},{"not_picked":["Nirvana","FlurryOfBlows","Adaptation+1"],"picked":"SKIP","floor":18.0},{"not_picked":["LikeWater+1","ClearTheMind","BowlingBash"],"picked":"SKIP","floor":19.0},{"not_picked":["Wallop","FlurryOfBlows"],"picked":"Prostrate","floor":20.0},{"not_picked":["EmptyBody","Meditate"],"picked":"CarveReality+1","floor":22.0}],"player_experience":676560,"relics_obtained":[{"floor":6.0,"key":"Damaru"},{"floor":8.0,"key":"Ginger"},{"floor":9.0,"key":"White Beast Statue"},{"floor":13.0,"key":"Smiling Mask"}],"event_choices":[{"damage_healed":0.0,"max_hp_gain":0.0,"max_hp_loss":0.0,"gold_gain":0.0,"event_name":"Big Fish","player_choice":"Box","floor":2.0,"gold_loss":0.0,"damage_taken":0.0,"relics_obtained":["Pocketwatch"],"cards_obtained":["Regret"]},{"damage_healed":0.0,"max_hp_gain":0.0,"max_hp_loss":0.0,"gold_gain":0.0,"event_name":"Shining Light","player_choice":"Entered Light","floor":3.0,"gold_loss":0.0,"damage_taken":14.0,"cards_upgraded":["Strike_P","Defend_P"]},{"damage_healed":0.0,"max_hp_gain":0.0,"max_hp_loss":0.0,"gold_gain":75.0,"event_name":"World of Goop","player_choice":"Gather Gold","floor":12.0,"gold_loss":0.0,"damage_taken":11.0},{"damage_healed":0.0,"max_hp_gain":5.0,"max_hp_loss":0.0,"gold_gain":0.0,"event_name":"Forgotten Altar","player_choice":"Shed Blood","floor":21.0,"gold_loss":0.0,"damage_taken":18.0}],"is_beta":false,"boss_relics":[{"not_picked":["Coffee Dripper","Ectoplasm"],"picked":"Astrolabe"}],"items_purged_floors":[5],"is_endless":false,"potions_floor_spawned":[1,11,13,14,16,18,19,20,22],"killed_by":"Gremlin Leader","ascension_level":12}}