{"host":"zyn2zcp8fez1ptuq","time":1613328020,"event":{"mods":["BaseMod","BetterRewards","Bossed Relics","Downfall","Hermit","Hubris","Infinite Spire","Minty Spire (QoL Compilation)","Replay The Spire","Robot Space Explorer","Shade Mod","Shop Mod","StSLib","The Animator","The Cursed","The Jungle","The Marked","The Necromancer"],"gold_per_floor":[117,127,127,139,157,182,1,1,1,12,12,27,45,61,61,163,163,174,174,199,215,230,240,256,256,256,256,274,287,287,387,387,492,492,504,504,504,522,539,539,559,559,559,587,587,687,729,779,779,779,779],"floor_reached":50,"language":"ENG","playtime":5319,"items_purged":[],"score":679,"play_id":"9b7f7e59-3c01-42c7-8e17-56c16e622a04","local_time":"20210214134020","is_ascension_mode":false,"campfire_choices":[{"data":"TheCursedMod:Stigma","floor":8.0,"key":"SMITH"},{"floor":15.0,"key":"REST"},{"floor":25.0,"key":"REST"},{"floor":30.0,"key":"REST"},{"floor":32.0,"key":"REST"},{"floor":40,"key":"REST"},{"floor":42,"key":"REST"},{"floor":49,"key":"REST"}],"circlet_count":0,"master_deck":["TheCursedMod:Strike_TheCursed","TheCursedMod:Strike_TheCursed","TheCursedMod:Strike_TheCursed","TheCursedMod:Defend_TheCursed","TheCursedMod:Defend_TheCursed","TheCursedMod:Defend_TheCursed","TheCursedMod:Defend_TheCursed","TheCursedMod:CursedWand+1","TheCursedMod:CleanUpWorkshop","TheCursedMod:Dregs","TheCursedMod:StingEye","TheCursedMod:WearCloak","TheCursedMod:Stigma+1","TheCursedMod:Wield","TheCursedMod:DemonSword","Specialist","TheCursedMod:ManaBullet","TheCursedMod:WearCloak","TheCursedMod:PrepareRite","TheCursedMod:CursedBlade","TheCursedMod:SurpriseAttack","TheCursedMod:CursedBoomerang","TheCursedMod:VoidForm","TheCursedMod:SmokeScreen+1","TheCursedMod:TacticalStrike","TheCursedMod:SmokeScreen+1","TheCursedMod:HellsGateOpen","TheCursedMod:SpreadPlague+1","TheCursedMod:CircleOfFlame","TheCursedMod:CursedShiv","TheCursedMod:HellfireBreathing","TheCursedMod:Neurasthenia","TheCursedMod:SpitefulPlan+1","TheCursedMod:CursedShiv+1","hubris:Greed","TheCursedMod:TacticalStrike+1","hubris:Greed","TheCursedMod:CircleOfFlame","hubris:Greed","TheCursedMod:TroublousMinions+1","infinitespire:Pacifist","TheCursedMod:CircleOfAbyss","Normality","Parasite","hubris:Greed","hubris:Greed","TheCursedMod:SpitefulStrike+1","hubris:Greed","TheCursedMod:LuckyCharm","hubris:Greed"],"relics":["TheCursedMod:BlackMagic101","Regal Pillow","Tiny Chest","Painkiller Herb","Centennial Puzzle","infinitespire:CursedDice","Torii","Pear","SacredBark","infinitespire:Bottled Soul","hubris:Towel","Meat on the Bone","Snack Pack","downfall:ExtraCursedKey"],"acts_visited":["Exordium","TheCity","TheBeyond"],"potions_floor_usage":[48,50],"damage_taken":[{"damage":2.0,"enemies":"Cultist","floor":1.0,"turns":4.0},{"damage":2.0,"enemies":"Small Slimes","floor":2.0,"turns":6.0},{"damage":0.0,"enemies":"Jaw Worm","floor":4.0,"turns":5.0},{"damage":0.0,"enemies":"Red Slaver","floor":5.0,"turns":3.0},{"damage":11.0,"enemies":"Gremlin Nob","floor":6.0,"turns":5.0},{"damage":6.0,"enemies":"Exordium Thugs","floor":10.0,"turns":7.0},{"damage":20.0,"enemies":"Large Slime","floor":12.0,"turns":6.0},{"damage":2.0,"enemies":"Red Slaver","floor":13.0,"turns":3.0},{"damage":5.0,"enemies":"Exordium Thugs","floor":14.0,"turns":4.0},{"damage":38.0,"enemies":"Fading Forest","floor":16.0,"turns":11.0},{"damage":0.0,"enemies":"Chosen","floor":18.0,"turns":5.0},{"damage":0.0,"enemies":"Shell Parasite","floor":21.0,"turns":3.0},{"damage":2.0,"enemies":"3 Cultists","floor":22.0,"turns":4.0},{"damage":28.0,"enemies":"Snecko","floor":23.0,"turns":4.0},{"damage":23.0,"enemies":"Centurion and Healer","floor":24.0,"turns":5.0},{"damage":29.0,"enemies":"Snake Plant","floor":28.0,"turns":4.0},{"damage":6.0,"enemies":"3 Cultists","floor":29.0,"turns":6.0},{"damage":0.0,"enemies":"Colosseum Slavers","floor":31.0,"turns":4.0},{"damage":29.0,"enemies":"Colosseum Nobs","floor":31.0,"turns":4.0},{"damage":80.0,"enemies":"Collector","floor":33.0,"turns":9.0},{"damage":12.0,"enemies":"3 Darklings","floor":35.0,"turns":7.0},{"damage":6,"enemies":"Orb Walker","floor":38,"turns":3},{"damage":39,"enemies":"Sphere and 2 Shapes","floor":39,"turns":6},{"damage":65,"enemies":"Spire Growth","floor":41,"turns":7},{"damage":38,"enemies":"Jaw Worm Horde","floor":44,"turns":5},{"damage":7,"enemies":"3 Darklings","floor":47,"turns":6},{"damage":41,"enemies":"Sphere and 2 Shapes","floor":48,"turns":6},{"damage":67,"enemies":"hubris:GrandSnecko","floor":50,"turns":14}],"seed_played":"-2907846333135066515","potions_obtained":[{"floor":2.0,"key":"LiquidMemories"},{"floor":4.0,"key":"SkillPotion"},{"floor":5.0,"key":"Strength Potion"},{"floor":13.0,"key":"Flashbang"},{"floor":14.0,"key":"BlessingOfTheForge"},{"floor":21.0,"key":"Fire Potion"},{"floor":22.0,"key":"FearPotion"},{"floor":23.0,"key":"Slimebound:ThreeZeroPotion"},{"floor":29.0,"key":"ColorlessPotion"},{"floor":41,"key":"BlessingOfTheForge"},{"floor":47,"key":"SpeedPotion"},{"floor":48,"key":"PowerPotion"}],"is_trial":false,"path_per_floor":["M","M","?","M","M","E","$","R","T","M","?","M","M","M","R","B",null,"?","?","T","?","?","?","?","T","T","T","?","?","T","?","T","B",null,"?","T","?","?","?","T","?","T","T","?","T","?","?","?","T","B"],"character_chosen":"THE_CURSED","items_purchased":["Specialist","TheCursedMod:ManaBullet","TheCursedMod:WearCloak"],"campfire_rested":7,"item_purchase_floors":[7,7,7],"current_hp_per_floor":[80,78,78,78,78,67,67,67,67,61,61,41,39,34,73,35,82,82,82,82,82,80,52,29,68,68,68,39,33,72,53,92,12,92,80,80,80,74,35,77,12,54,54,28,28,33,40,15,59,0,0],"gold":779,"neow_bonus":"TEN_PERCENT_HP_BONUS","is_daily":false,"chose_seed":false,"campfire_upgraded":1,"win_rate":0.0,"timestamp":1613328020,"path_taken":["M","M","?","?","?","E","?","R","T","M","?","M","?","M","R","BOSS","?","?","?","?","?","?","?","T","T","?","?","?","T","?","T","BOSS","?","?","?","?","?","T","?","T","T","?","?","?","?","?","T","BOSS"],"items_purchased_type":["Card","Card","Card"],"build_version":"2020-12-22","purchased_purges":0,"victory":false,"max_hp_per_floor":[82,82,82,82,82,82,82,82,82,82,82,82,82,82,82,82,82,82,82,82,82,82,82,82,82,82,82,82,82,82,92,92,92,92,92,92,92,92,92,92,92,92,92,92,92,97,97,97,97,97,97],"card_choices":[{"not_picked":["TheCursedMod:AshesToAshes","TheCursedMod:DoubleShield"],"picked":"TheCursedMod:StingEye","floor":1.0},{"not_picked":["TheCursedMod:CursedMace","TheCursedMod:SaltUponWound"],"picked":"TheCursedMod:WearCloak","floor":2.0},{"not_picked":["TheCursedMod:CursedSpellbook","TheCursedMod:Torture"],"picked":"TheCursedMod:Stigma","floor":4.0},{"not_picked":["TheCursedMod:CursedStaff","TheCursedMod:SurpriseAttack"],"picked":"TheCursedMod:Wield","floor":5.0},{"not_picked":["TheCursedMod:BlessingInDisguise","TheCursedMod:SurpriseAttack"],"picked":"TheCursedMod:DemonSword","floor":6.0},{"not_picked":["TheCursedMod:CursedSpellbook","TheCursedMod:SpitefulPlan"],"picked":"TheCursedMod:PrepareRite","floor":10.0},{"not_picked":["TheCursedMod:RavingStaff","TheCursedMod:Torture"],"picked":"TheCursedMod:CursedBlade","floor":12.0},{"not_picked":["TheCursedMod:AshesToAshes","TheCursedMod:RavingStaff"],"picked":"TheCursedMod:SurpriseAttack","floor":13.0},{"not_picked":["TheCursedMod:CircleOfWindfury","TheCursedMod:SoulCrush"],"picked":"TheCursedMod:CursedBoomerang","floor":14.0},{"not_picked":["TheCursedMod:NeowsMight","TheCursedMod:DarkBarrier"],"picked":"TheCursedMod:VoidForm","floor":16.0},{"not_picked":["TheCursedMod:WearCloak+1","TheCursedMod:Torture"],"picked":"TheCursedMod:SmokeScreen+1","floor":18.0},{"not_picked":["TheCursedMod:CircleOfWindfury","TheCursedMod:WearCloak"],"picked":"TheCursedMod:TacticalStrike","floor":21.0},{"not_picked":["TheCursedMod:CircleOfFocus+1","TheCursedMod:Stigma"],"picked":"TheCursedMod:SmokeScreen+1","floor":22.0},{"not_picked":["TheCursedMod:FleshFromBone","TheCursedMod:LuckyCharm"],"picked":"TheCursedMod:HellsGateOpen","floor":23.0},{"not_picked":["TheCursedMod:CursedMace+1","TheCursedMod:ManaBullet"],"picked":"TheCursedMod:SpreadPlague+1","floor":24.0},{"not_picked":["TheCursedMod:ManaBullet","TheCursedMod:CircleOfAbyss"],"picked":"TheCursedMod:CircleOfFlame","floor":28.0},{"not_picked":["TheCursedMod:SmokeScreen+1","TheCursedMod:Stretching+1"],"picked":"TheCursedMod:CursedShiv","floor":29.0},{"not_picked":["TheCursedMod:BlessingInDisguise+1","TheCursedMod:AshesToAshes"],"picked":"TheCursedMod:HellfireBreathing","floor":31.0},{"not_picked":["TheCursedMod:DarkBarrier","TheCursedMod:StunningStrike"],"picked":"TheCursedMod:Neurasthenia","floor":33.0},{"not_picked":["TheCursedMod:Obscuration","TheCursedMod:Stretching"],"picked":"TheCursedMod:SpitefulPlan+1","floor":35.0},{"not_picked":["TheCursedMod:Stigma+1","TheCursedMod:WearCloak+1"],"picked":"TheCursedMod:CursedShiv+1","floor":38},{"not_picked":["TheCursedMod:SmokeScreen","TheCursedMod:RapidMovement+1"],"picked":"TheCursedMod:TacticalStrike+1","floor":39},{"not_picked":["TheCursedMod:SpitefulPlan","TheCursedMod:SurpriseAttack"],"picked":"TheCursedMod:CircleOfFlame","floor":41},{"not_picked":["TheCursedMod:AshesToAshes","TheCursedMod:CursedMace+1"],"picked":"TheCursedMod:TroublousMinions+1","floor":44},{"not_picked":["TheCursedMod:CursedShiv","TheCursedMod:WearCloak"],"picked":"TheCursedMod:SpitefulStrike+1","floor":47},{"not_picked":["TheCursedMod:Wield","TheCursedMod:SpitefulStrike"],"picked":"TheCursedMod:LuckyCharm","floor":48}],"player_experience":506692,"relics_obtained":[{"floor":6.0,"key":"Regal Pillow"},{"floor":9.0,"key":"Tiny Chest"},{"floor":20.0,"key":"Centennial Puzzle"},{"floor":27.0,"key":"infinitespire:CursedDice"},{"floor":31.0,"key":"Torii"},{"floor":31.0,"key":"Pear"},{"floor":36.0,"key":"infinitespire:Bottled Soul"},{"floor":43,"key":"Meat on the Bone"},{"floor":45,"key":"Snack Pack"}],"event_choices":[{"cards_removed":["TheCursedMod:Strike_TheCursed"],"damage_healed":0.0,"max_hp_gain":0.0,"max_hp_loss":0.0,"gold_gain":0.0,"event_name":"Purifier","player_choice":"Purged","floor":3.0,"gold_loss":0.0,"damage_taken":0.0},{"damage_healed":0.0,"max_hp_gain":0.0,"max_hp_loss":0.0,"gold_gain":0.0,"event_name":"Upgrade Shrine","player_choice":"Upgraded","floor":11.0,"gold_loss":0.0,"damage_taken":0.0,"cards_upgraded":["TheCursedMod:CursedWand"]},{"damage_healed":0.0,"max_hp_gain":0.0,"max_hp_loss":0.0,"gold_gain":0.0,"event_name":"Ghosts","player_choice":"Ignored","floor":19.0,"gold_loss":0.0,"damage_taken":0.0},{"damage_healed":0.0,"max_hp_gain":0.0,"max_hp_loss":0.0,"gold_gain":0.0,"event_name":"Colosseum","player_choice":"Fight","floor":31.0,"gold_loss":0.0,"damage_taken":0.0},{"damage_healed":0.0,"max_hp_gain":0.0,"max_hp_loss":0.0,"gold_gain":0.0,"event_name":"Colosseum","player_choice":"Fought Nobs","floor":31.0,"gold_loss":0.0,"damage_taken":0.0}],"is_beta":false,"boss_relics":[{"not_picked":["Replay:Fungal Core","Fusion Hammer"],"picked":"Painkiller Herb"},{"not_picked":["hubris:BlackHole","Empty Cage"],"picked":"SacredBark"}],"items_purged_floors":[],"is_endless":false,"potions_floor_spawned":[2,4,5,13,14,21,22,23,29,31,41,47,48],"killed_by":"hubris:GrandSnecko","ascension_level":0}}