{"host":"ndpbn7fqb3wjbd7p","time":1613345057,"event":{"mods":["AchievementEnabler","Act Like it!","AlwaysNeverKeys","BaseMod","Better Vampires","Block Reminder","Colored Powertips","DeckTracker","Defuse TimeMaze Blight","Friendly Minions","Hermit","Highlight Path","MarisaÅiñ∂âJÅ@ñÇóùçπÅj","Minty Spire (QoL Compilation)","Permanent Neow","Shade Mod","StSLib","SuperFastMode","Synergy Search","The Mystic","Unceasing Turn Reminder","Wandering Minibosses"],"gold_per_floor":[366,212,228,246,60,60,73,73,73,85,113,63,63,63,63,135,185,200,125,125,125,125,125,21,21,21,21,55,55,65,65,65],"floor_reached":31,"language":"ENG","playtime":1553,"items_purged":["Dualcast","Strike_B","Defend_B"],"score":411,"play_id":"041f6a51-ad2e-41e1-bcf7-e10e3db03af7","local_time":"20210215002417","is_ascension_mode":true,"campfire_choices":[{"data":"hermit:CursedWeapon","floor":6,"key":"SMITH"},{"data":"OortCloud","floor":8,"key":"SMITH"},{"data":"Second Wind","floor":13,"key":"SMITH"},{"data":"Skim","floor":15,"key":"SMITH"},{"data":"Reprogram","floor":23,"key":"SMITH"},{"data":"Discovery","floor":25,"key":"SMITH"},{"data":"Shade:LoseControl","floor":27,"key":"SMITH"},{"data":"Rip and Tear","floor":29,"key":"SMITH"}],"circlet_count":0,"master_deck":["AscendersBane","Strike_B+1","Defend_B","Defend_B","Skim+1","hermit:CursedWeapon+1","OortCloud+1","BattleHymn","Second Wind+1","Footwork+1","Shade:LoseControl+1","hermit:Gestalt","Reprogram+1","Discovery+1","Rip and Tear+1","Madness"],"relics":["Cracked Core","PrismaticShard","Membership Card","Frozen Egg 2","Bird Faced Urn","Tiny House","Letter Opener","Pantograph"],"acts_visited":["Exordium","TheCity"],"potions_floor_usage":[10,18,31,31],"damage_taken":[{"damage":1,"enemies":"Cultist","floor":1,"turns":3},{"damage":9,"enemies":"Jaw Worm","floor":3,"turns":3},{"damage":15,"enemies":"2 Louse","floor":4,"turns":3},{"damage":2,"enemies":"Looter","floor":7,"turns":4},{"damage":4,"enemies":"Large Slime","floor":10,"turns":6},{"damage":9,"enemies":"Lagavulin","floor":11,"turns":7},{"damage":12,"enemies":"Hexaghost","floor":16,"turns":14},{"damage":7,"enemies":"Chosen","floor":18,"turns":5},{"damage":46,"enemies":"Gremlin Leader","floor":28,"turns":6},{"damage":3,"enemies":"Spheric Guardian","floor":30,"turns":3},{"damage":40,"enemies":"Snake Plant","floor":31,"turns":2}],"seed_played":"-3022113460514681669","potions_obtained":[{"floor":3,"key":"Ancient Potion"},{"floor":4,"key":"SteroidPotion"},{"floor":16,"key":"BlessingOfTheForge"},{"floor":17,"key":"Explosive Potion"},{"floor":18,"key":"Dexterity Potion"}],"is_trial":false,"path_per_floor":["M","$","M","M","$","R","M","R","T","M","E","$","R","?","R","B",null,"M","?","?","?","?","R","$","R","T","R","E","R","M","M"],"character_chosen":"DEFECT","items_purchased":["PrismaticShard","Membership Card","Discovery"],"campfire_rested":0,"item_purchase_floors":[2,5,24],"current_hp_per_floor":[67,67,58,43,43,43,41,41,41,37,28,28,28,28,28,22,62,61,61,61,61,61,61,61,61,61,61,27,27,30,0,0],"gold":65,"neow_bonus":"TWO_FIFTY_GOLD","is_daily":false,"chose_seed":false,"campfire_upgraded":8,"win_rate":0.0,"timestamp":1613345057,"path_taken":["M","$","?","M","$","R","?","R","T","M","E","?","R","?","R","BOSS","M","?","?","?","?","R","$","R","T","R","E","R","M","M"],"items_purchased_type":["Relic","Relic","Card"],"build_version":"2020-12-22","purchased_purges":3,"victory":false,"max_hp_per_floor":[68,68,68,68,68,68,68,68,68,68,68,68,68,68,68,68,73,73,73,73,73,73,73,73,73,73,73,73,73,73,73,73],"card_choices":[{"not_picked":["Conserve Battery","Turbo"],"picked":"Skim","floor":1},{"not_picked":["Noxious Fumes","AsteroidBelt"],"picked":"hermit:CursedWeapon","floor":3},{"not_picked":["Poisoned Stab","Anger"],"picked":"OortCloud","floor":4},{"not_picked":["Steam Power","NonDirectionalLaser"],"picked":"BattleHymn","floor":7},{"not_picked":["Coolheaded","hermit:TrackingShot"],"picked":"Second Wind","floor":10},{"not_picked":["mysticmod:MirrorStrike","BigCrunch"],"picked":"Footwork+1","floor":11},{"not_picked":["mysticmod:Natural20","Scrawl"],"picked":"Shade:LoseControl","floor":16},{"not_picked":["Prepared","Slice"],"picked":"hermit:Gestalt","floor":17},{"not_picked":["hermit:ItchyTrigger","Anger","hermit:BodyArmor"],"picked":"SKIP","floor":18},{"not_picked":["Biased Cognition+1","Deadly Poison+1"],"picked":"Rip and Tear","floor":28},{"not_picked":["mysticmod:PowerSlash","Flash of Steel"],"picked":"Madness","floor":30}],"player_experience":1233123,"relics_obtained":[{"floor":9,"key":"Frozen Egg 2"},{"floor":11,"key":"Bird Faced Urn"},{"floor":26,"key":"Letter Opener"},{"floor":28,"key":"Pantograph"}],"event_choices":[{"cards_removed":["Strike_B"],"damage_healed":0,"gold_gain":0,"player_choice":"Forget","damage_taken":0,"max_hp_gain":0,"max_hp_loss":0,"event_name":"Living Wall","floor":14,"gold_loss":0},{"cards_removed":["Zap"],"damage_healed":0,"gold_gain":0,"player_choice":"Gave Gold","damage_taken":0,"max_hp_gain":0,"max_hp_loss":0,"event_name":"Beggar","floor":19,"gold_loss":75},{"damage_healed":0,"gold_gain":0,"cards_transformed":["Strike_B","Defend_B"],"player_choice":"Became Test Subject","damage_taken":0,"max_hp_gain":0,"max_hp_loss":0,"event_name":"Drug Dealer","floor":20,"gold_loss":0,"cards_obtained":["Turbo","Reprogram"]},{"damage_healed":0,"gold_gain":0,"player_choice":"Ignored","damage_taken":0,"max_hp_gain":0,"max_hp_loss":0,"event_name":"Ghosts","floor":21,"gold_loss":0},{"cards_removed":["Turbo"],"damage_healed":0,"gold_gain":0,"player_choice":"Purged","damage_taken":0,"max_hp_gain":0,"max_hp_loss":0,"event_name":"Purifier","floor":22,"gold_loss":0}],"is_beta":false,"boss_relics":[{"not_picked":["Calling Bell","Philosopher\u0027s Stone"],"picked":"Tiny House"}],"items_purged_floors":[5,12,24],"is_endless":false,"potions_floor_spawned":[3,4,16,18],"killed_by":"Snake Plant","ascension_level":13}}