{"host":"wx0faojc3iccakqy","time":1613333662,"event":{"mods":["AchievementEnabler","Act Like it!","Ascension Reborn","BaseMod","Better Altar","Better Match","Better Note","Better Sensory Stone","Better Skull","Better Third Choice","BetterRewards","Colored Map","Colored Powertips","Downfall","Infinite Spire","Minty Spire (QoL Compilation)","Pale of the Ancients","Permanent Neow","Quick Restart","Replay The Spire","StSLib","The Jungle","The Necromancer"],"gold_per_floor":[114,189,189,20,33,33,45,45,45,45,295,295,81,111,111,207,207,222,222,222,48,60,60,60,60,60,70,89,115,115,133,133,235,235,246,265,265,281,131,131,131,131,181,181,194,194,194,209,209,209],"floor_reached":51,"language":"ENG","playtime":1867,"items_purged":["Flying Knee","Dodge and Roll","Accuracy","Dodge and Roll","Flying Knee"],"score":716,"play_id":"973a77e9-5676-4090-869e-c5c3d4aecf04","local_time":"20210214141422","daily_mods":["Draft","Green Cards","Heirloom","Time Dilation","Flight"],"is_ascension_mode":false,"campfire_choices":[{"data":"Noxious Fumes","floor":6.0,"key":"SMITH"},{"data":"Crippling Poison","floor":8.0,"key":"SMITH"},{"data":"Crippling Poison","floor":10.0,"key":"SMITH"},{"data":"Bouncing Flask","floor":15,"key":"SMITH"},{"data":"Poisoned Stab","floor":23,"key":"SMITH"},{"data":"Poisoned Stab","floor":24,"key":"SMITH"},{"data":"Bane","floor":25,"key":"SMITH"},{"data":"Dramatic Entrance","floor":30,"key":"SMITH"},{"floor":32,"key":"REST"},{"data":"Adrenaline","floor":40,"key":"SMITH"},{"data":"Backflip","floor":41,"key":"SMITH"},{"data":"Poison Darts","floor":42,"key":"SMITH"},{"data":"Pot Of Greed","floor":44,"key":"SMITH"},{"data":"Pot Of Greed","floor":46,"key":"SMITH"},{"data":"Pot Of Greed","floor":49,"key":"SMITH"}],"circlet_count":0,"master_deck":["Bane+1","Slice","Crippling Poison+1","Poisoned Stab+1","Slice","Prepared","Slice","Bouncing Flask+1","Quick Slash","Deadly Poison","Crippling Poison+1","Slice","Noxious Fumes+1","Deflect","Deflect","Backflip+1","Dramatic Entrance+1","Poisoned Stab+1","Poison Darts+1","Backflip+1","Deadly Poison","Deflect+1","Toxin Wave+1","Backflip+1","Adrenaline+1","Deflect+1","Slice","Pot Of Greed+1","Pot Of Greed+1","Pot Of Greed+1","Catalyst+1"],"relics":["Pocketwatch","Chameleon Ring","Sizzling Blood","sneckomod:BlankCard","SlaversCollar","Sundial","Guardian:PocketSentry","Runic Pyramid","Grinning Jar"],"acts_visited":["Exordium","Exordium","TheBeyond"],"potions_floor_usage":[14,22,27,31,38,38,48],"damage_taken":[{"damage":7.0,"enemies":"Jaw Worm","floor":1.0,"turns":2.0},{"damage":0.0,"enemies":"infinitespire:Voidling","floor":5.0,"turns":2.0},{"damage":0.0,"enemies":"Small Slimes","floor":7.0,"turns":2.0},{"damage":6,"enemies":"3 Sentries","floor":14,"turns":3},{"damage":8,"enemies":"Slime Boss","floor":16,"turns":6},{"damage":12,"enemies":"theJungle:Flameango_and_Byrd","floor":18,"turns":3},{"damage":16,"enemies":"theJungle:GiantWrat","floor":22,"turns":4},{"damage":18,"enemies":"theJungle:Lyon","floor":27,"turns":3},{"damage":10,"enemies":"theJungle:2_Snecko_Cultists","floor":28,"turns":3},{"damage":11,"enemies":"theJungle:JungleHuntersEncounter","floor":31,"turns":3},{"damage":31,"enemies":"theJungle:FunGuy","floor":33,"turns":7},{"damage":12,"enemies":"3 Shapes","floor":35,"turns":2},{"damage":0,"enemies":"Orb Walker","floor":36,"turns":2},{"damage":0,"enemies":"Transient","floor":38,"turns":5},{"damage":0,"enemies":"Sphere and 2 Shapes","floor":45,"turns":2},{"damage":17,"enemies":"Writhing Mass","floor":48,"turns":3},{"damage":47,"enemies":"infinitespire:MassOfShapes","floor":50,"turns":6}],"seed_played":"5101512598947144699","potions_obtained":[{"floor":5.0,"key":"Fire Potion"},{"floor":22,"key":"CunningPotion"},{"floor":28,"key":"LiquidBronze"},{"floor":33,"key":"Dexterity Potion"},{"floor":36,"key":"Adrenaline Potion"},{"floor":45,"key":"Energy Potion"}],"is_trial":true,"path_per_floor":["M","?","WH","$","M","R","M","R","T","R","WH","?","$","E","R","B",null,"M","?","?","$","M","R","R","R","T","M","M","T","R","M","R","B",null,"M","M","AVR","M","$","R","R","R","T","R","M","R","?","M","R","B",null],"character_chosen":"THE_SILENT","items_purchased":["Noxious Fumes","Deflect","Backflip+1","Dramatic Entrance","Fire Potion"],"campfire_rested":1,"item_purchase_floors":[4,4,13,13,21],"current_hp_per_floor":[63,56,63,63,63,63,63,63,63,63,63,67,67,65,65,61,74,66,66,66,66,54,54,54,54,54,40,34,34,34,27,49,22,74,66,70,70,74,74,74,74,74,74,74,74,74,74,61,61,18],"gold":209,"neow_bonus":"TWO_FIFTY_GOLD","is_daily":false,"chose_seed":false,"campfire_upgraded":14,"win_rate":0.0,"timestamp":1613333662,"path_taken":["M","?","WH","$","?","R","M","R","T","R","WH","?","WH","E","R","BOSS","M","?","?","$","M","R","R","R","T","M","?","?","R","M","R","BOSS","M","M","AVR","?","$","R","R","R","T","R","M","R","?","M","R","BOSS"],"items_purchased_type":["Card","Card","Card","Card","Potion"],"build_version":"2020-12-22","purchased_purges":5,"victory":true,"max_hp_per_floor":[70,70,77,77,77,77,77,77,77,77,70,74,74,74,74,74,74,74,74,74,74,74,74,74,74,74,74,74,74,74,74,74,74,74,74,74,74,74,74,74,74,74,74,74,74,74,74,74,74,74],"card_choices":[{"not_picked":["ReplayTheSpireMod:The Works","Dagger Throw"],"picked":"Flying Knee","floor":0.0},{"not_picked":["Dagger Throw","Acrobatics"],"picked":"Bane","floor":0.0},{"not_picked":["Blur","Bane"],"picked":"Slice","floor":0.0},{"not_picked":["Backflip","Expertise"],"picked":"Crippling Poison","floor":0.0},{"not_picked":["Blade Dance","ReplayTheSpireMod:Shiv Toss"],"picked":"Dodge and Roll","floor":0.0},{"not_picked":["Acrobatics","Sucker Punch"],"picked":"Poisoned Stab","floor":0.0},{"not_picked":["Dagger Throw","Bane"],"picked":"Flying Knee","floor":0.0},{"not_picked":["Eviscerate","Blur"],"picked":"Slice","floor":0.0},{"not_picked":["Acrobatics","Fluid Movement"],"picked":"Prepared","floor":0.0},{"not_picked":["Dagger Throw","Dagger Spray"],"picked":"Slice","floor":0.0},{"not_picked":["Dagger Spray","PiercingWail"],"picked":"Bouncing Flask","floor":0.0},{"not_picked":["Prepared","Sucker Punch"],"picked":"Quick Slash","floor":0.0},{"not_picked":["PiercingWail","Dodge and Roll"],"picked":"Deadly Poison","floor":0.0},{"not_picked":["Cloak And Dagger","Deadly Poison"],"picked":"Crippling Poison","floor":0.0},{"not_picked":["Dagger Throw","PiercingWail"],"picked":"Dodge and Roll","floor":0.0},{"not_picked":["Sucker Punch","Hidden Blade"],"picked":"Slice","floor":1.0},{"not_picked":["Slice","PiercingWail"],"picked":"Deflect","floor":5.0},{"not_picked":["Acrobatics","Masterful Stab"],"picked":"Outmaneuver","floor":7.0},{"not_picked":["Riddle With Holes","Cloak And Dagger"],"picked":"Poisoned Stab","floor":14},{"not_picked":["Glass Knife","Venomology"],"picked":"Poison Darts","floor":16},{"not_picked":["Hidden Blade","Prepared+1"],"picked":"Backflip","floor":18},{"not_picked":["Distraction","Bane"],"picked":"Deadly Poison","floor":22},{"not_picked":["Cloak And Dagger+1","Prepared+1"],"picked":"Deflect+1","floor":27},{"not_picked":["Accuracy","Slice"],"picked":"Toxin Wave+1","floor":28},{"not_picked":["Sneak Up","PiercingWail"],"picked":"Backflip+1","floor":31},{"not_picked":["Storm of Steel","ReplayTheSpireMod:Necrosis"],"picked":"Adrenaline","floor":33},{"not_picked":["Masterful Stab+1","Setup","Well Laid Plans"],"picked":"SKIP","floor":35},{"not_picked":["Footwork","Noxious Fumes"],"picked":"Deflect+1","floor":36},{"not_picked":["Outmaneuver","Dagger Spray"],"picked":"Slice","floor":38},{"not_picked":["ReplayTheSpireMod:Scrap Shanks","Blur+1","Dash+1"],"picked":"SKIP","floor":45},{"not_picked":["Deflect","Footwork+1"],"picked":"Catalyst+1","floor":48}],"player_experience":41506,"relics_obtained":[{"floor":9.0,"key":"Chameleon Ring"},{"floor":14,"key":"sneckomod:BlankCard"},{"floor":26,"key":"Sundial"},{"floor":29,"key":"Guardian:PocketSentry"},{"floor":43,"key":"Grinning Jar"}],"event_choices":[{"damage_healed":0.0,"max_hp_gain":0.0,"max_hp_loss":0.0,"gold_gain":75.0,"event_name":"FaceTrader","player_choice":"Touch","floor":2.0,"gold_loss":0.0,"damage_taken":7.0},{"cards_removed":["Dodge and Roll"],"damage_healed":0,"gold_gain":0,"player_choice":"Give","damage_taken":0,"max_hp_gain":0,"max_hp_loss":0,"event_name":"betterNote:BetterNote","floor":19,"gold_loss":0,"cards_obtained":["None"]},{"damage_healed":0,"gold_gain":0,"cards_transformed":["Outmaneuver"],"player_choice":"Transformed","damage_taken":0,"max_hp_gain":0,"max_hp_loss":0,"event_name":"Transmorgrifier","floor":20,"gold_loss":0,"cards_obtained":["Accuracy"]},{"damage_healed":0,"gold_gain":0,"player_choice":"Ignored","damage_taken":0,"max_hp_gain":0,"max_hp_loss":0,"event_name":"Mysterious Sphere","floor":47,"gold_loss":0}],"is_beta":false,"boss_relics":[{"not_picked":["expansioncontent:StudyCardRelic","Snecko Scales"],"picked":"SlaversCollar"},{"not_picked":["Abe\u0027s Treasure","Philosopher\u0027s Stone"],"picked":"Runic Pyramid"}],"items_purged_floors":[4,13,21,37,39],"is_endless":false,"potions_floor_spawned":[5,22,28,33,36,45],"ascension_level":0}}