{"host":"15f3wpiimhe5yrng","time":1613302649,"event":{"mods":["BaseMod","Better Altar","Better Match","Better Note","Better Sensory Stone","Better Skull","Better Third Choice","BetterRewards","Bossed Relics","Colored Map","Downfall","GifTheSpireLib","Good Game Mod","Minty Spire (QoL Compilation)","Permanent Neow","Spire Arcade","StSLib","The Disciple","The Marked","The Servant 0.9.4"],"gold_per_floor":[144,189,189,189,189,189,287,287,287,336,385,434,434,532,532,857,857,906,440,489,538,632,730,730,30,80,129,227,276,276,345,345,670,670,719,94,427,472,517,607,652,742,817,817,817,817,907,952,952,952],"floor_reached":51,"language":"ENG","playtime":3089,"items_purged":["Guardian:Strike_Guardian","Pain","Burn"],"score":1139,"play_id":"4c62c1a3-ba2a-4d27-bbd2-5bb4d230c97b","local_time":"20210214123729","daily_mods":["Cursed Run","Colorless Cards","Midas"],"is_ascension_mode":false,"campfire_choices":[{"floor":6,"key":"REST"},{"floor":8,"key":"REST"},{"floor":15,"key":"REST"},{"floor":24,"key":"REST"},{"floor":32,"key":"REST"},{"floor":44,"key":"REST"},{"floor":46,"key":"REST"},{"floor":49,"key":"REST"}],"circlet_count":0,"master_deck":["Guardian:Strike_Guardian","Guardian:Strike_Guardian","Guardian:Strike_Guardian","Guardian:Defend_Guardian","Guardian:Defend_Guardian","Guardian:Defend_Guardian+1","Guardian:Defend_Guardian","Guardian:CurlUp+1","Guardian:TwinSlam+1","Dilation","Guardian:VentSteam","Power Through+1","Creative AI","Shame","Guardian:PrimingBeam","Guardian:DonusPower","Guardian:ConstructionForm","Guardian:ShieldCharger","Apotheosis","Bandage Up+1","Guardian:WalkerClaw","downfall:Icky","Guardian:ShieldCharger","Guardian:Repulse","Guardian:DecasProtection","Writhe","Guardian:GatlingBeam","Guardian:TimeBomb+1","Writhe","Guardian:DecasProtection+1","Pain"],"relics":["Cursed Key","Darkstone Periapt","Du-Vu Doll","REME:ComplimentaryCards","Lantern","champ:DeflectingBracers","Guardian:DefensiveModeMoreBlock","Meat on the Bone","Matryoshka","Snecko Eye","Strawberry","Bronze Scales","FossilizedHelix","Turnip","Pen Nib","Oddly Smooth Stone","Vajra","Black Star","Shuriken","Mercury Hourglass","Toxic Egg 2","PreservedInsect","War Paint","Happy Flower","HornCleat","Bottled Tornado","Kunai","Sundial","champ:DuelingGlove"],"acts_visited":["Exordium","TheCity","TheBeyond"],"potions_floor_usage":[16,20,23],"damage_taken":[{"damage":4,"enemies":"Jaw Worm","floor":1,"turns":5},{"damage":0,"enemies":"Cultist","floor":2,"turns":3},{"damage":4,"enemies":"Lagavulin","floor":7,"turns":8},{"damage":2,"enemies":"2 Louse","floor":10,"turns":3},{"damage":5,"enemies":"Red Slaver","floor":11,"turns":3},{"damage":3,"enemies":"Large Slime","floor":12,"turns":6},{"damage":22,"enemies":"3 Sentries","floor":14,"turns":6},{"damage":29,"enemies":"Hexaghost","floor":16,"turns":10},{"damage":26,"enemies":"2 Thieves","floor":18,"turns":4},{"damage":11,"enemies":"3 Byrds","floor":20,"turns":3},{"damage":12,"enemies":"Cultist and Chosen","floor":21,"turns":4},{"damage":18,"enemies":"Shelled Parasite and Fungi","floor":22,"turns":5},{"damage":35,"enemies":"Book of Stabbing","floor":23,"turns":6},{"damage":2,"enemies":"Centurion and Healer","floor":27,"turns":5},{"damage":5,"enemies":"Slavers","floor":28,"turns":6},{"damage":0,"enemies":"Snecko","floor":29,"turns":3},{"damage":0,"enemies":"Shelled Parasite and Fungi","floor":31,"turns":4},{"damage":0,"enemies":"Automaton","floor":33,"turns":8},{"damage":16,"enemies":"3 Darklings","floor":35,"turns":3},{"damage":0,"enemies":"Orb Walker","floor":38,"turns":4},{"damage":1,"enemies":"Writhing Mass","floor":39,"turns":5},{"damage":0,"enemies":"Giant Head","floor":40,"turns":7},{"damage":0,"enemies":"4 Shapes","floor":41,"turns":5},{"damage":39,"enemies":"Reptomancer","floor":42,"turns":5},{"damage":0,"enemies":"Nemesis","floor":47,"turns":5},{"damage":20,"enemies":"Jaw Worm Horde","floor":48,"turns":4},{"damage":10,"enemies":"Donu and Deca","floor":50,"turns":7}],"seed_played":"-463004689936713651","potions_obtained":[{"floor":1,"key":"LiquidBronze"},{"floor":2,"key":"SpeedPotion"},{"floor":14,"key":"Fruit Juice"},{"floor":20,"key":"SteroidPotion"},{"floor":23,"key":"bronze:BurnAndBuffPotion"}],"is_trial":false,"path_per_floor":["M","M","?","?","?","R","E","R","T","M","M","M","?","E","R","B",null,"M","$","M","M","M","E","R","$","T","M","E","M","?","M","R","B",null,"M","$","?","M","M","E","M","E","T","R","?","R","E","M","R","B",null],"character_chosen":"GUARDIAN","items_purchased":["Strawberry","Apotheosis","DuplicationPotion","FossilizedHelix","Turnip","Shuriken","Mercury Hourglass"],"campfire_rested":8,"item_purchase_floors":[19,19,19,25,25,36,36],"current_hp_per_floor":[76,76,56,56,15,39,35,59,65,63,58,55,24,14,39,33,97,71,78,67,61,61,44,75,75,81,85,86,92,92,92,110,116,116,100,100,100,100,105,105,105,72,78,114,114,122,122,102,122,124],"gold":952,"neow_bonus":"","is_daily":true,"chose_seed":false,"campfire_upgraded":0,"win_rate":0.0,"timestamp":1613302649,"path_taken":["M","M","?","?","?","R","E","R","T","M","?","?","?","E","R","BOSS","M","$","M","M","M","E","R","?","T","M","E","M","?","M","R","BOSS","M","$","?","M","M","E","M","E","T","R","?","R","E","M","R","BOSS"],"items_purchased_type":["Relic","Card","Potion","Relic","Relic","Relic","Relic"],"build_version":"2020-12-22","purchased_purges":3,"victory":true,"max_hp_per_floor":[80,80,80,80,80,80,80,80,86,86,86,86,86,86,86,97,97,97,104,104,104,104,104,104,104,110,110,110,110,110,110,110,116,116,116,116,116,116,116,116,116,116,122,122,122,122,122,122,122,128],"card_choices":[{"not_picked":["Guardian:ShieldCharger","Guardian:ChargeCore"],"picked":"Guardian:Gem_White","floor":1},{"not_picked":["Guardian:Suspension","Guardian:WalkerClaw"],"picked":"Guardian:VentSteam","floor":2},{"not_picked":["Guardian:Recover","Guardian:RollAttack"],"picked":"Guardian:Gem_Fragmented","floor":7},{"not_picked":["Guardian:WalkerClaw","Guardian:Clone"],"picked":"Guardian:PrimingBeam","floor":10},{"not_picked":["Guardian:FloatingOrbs","Guardian:Gem_Lightblue"],"picked":"Guardian:Gem_White","floor":11},{"not_picked":["Guardian:Gem_Lightblue","Guardian:WalkerClaw"],"picked":"Guardian:Gem_Fragmented","floor":12},{"not_picked":["Guardian:GemFinder","Guardian:Clone"],"picked":"Guardian:DonusPower","floor":14},{"not_picked":["Mayhem","Guardian:GemFire"],"picked":"Guardian:ConstructionForm","floor":16},{"not_picked":["Guardian:PrimingBeam","Guardian:PiercingHide"],"picked":"Guardian:ShieldCharger","floor":18},{"not_picked":["Guardian:VentSteam","Guardian:GuardianWhirl"],"picked":"Bandage Up+1","floor":20},{"not_picked":["PanicButton+1","Guardian:BodySlam"],"picked":"Guardian:Gem_Purple","floor":21},{"not_picked":["Guardian:Gem_Red","Guardian:RollAttack"],"picked":"Guardian:WalkerClaw","floor":22},{"not_picked":["Guardian:ShieldSpikes","Guardian:CrystalBeam","Guardian:Reroute+1"],"picked":"SKIP","floor":23},{"not_picked":["Guardian:Recover","Guardian:Planning","Guardian:TimeCapacitor+1"],"picked":"SKIP","floor":27},{"not_picked":["Guardian:DecasProtection","Guardian:GatlingBeam"],"picked":"Guardian:ShieldCharger","floor":28},{"not_picked":["Guardian:Gem_Yellow","Guardian:ShieldCharger"],"picked":"Guardian:Repulse","floor":29},{"not_picked":["Guardian:PrismaticBeam","Guardian:RollAttack","Guardian:ChargeCore"],"picked":"SKIP","floor":31},{"not_picked":["Sadistic Nature","The Bomb"],"picked":"Guardian:GatlingBeam","floor":33},{"not_picked":["Guardian:Gem_Green","Guardian:TemporalStrike+1"],"picked":"Guardian:TimeBomb+1","floor":35},{"not_picked":["Guardian:Reroute+1","Panacea","Guardian:Gem_Red"],"picked":"SKIP","floor":38},{"not_picked":["Guardian:ChargeUp+1","Guardian:Gem_Fragmented","Good Instincts+1"],"picked":"SKIP","floor":39},{"not_picked":["Guardian:Gem_Red","Guardian:Reroute+1","Guardian:HyperBeam_Guardian"],"picked":"SKIP","floor":40},{"not_picked":["Forethought+1","Guardian:Incinerate","Guardian:TemporalStrike+1"],"picked":"SKIP","floor":41},{"not_picked":["Guardian:Repulse+1","Magnetism","Madness+1"],"picked":"SKIP","floor":42},{"not_picked":["Guardian:Reroute+1","Guardian:Gem_Lightblue","Guardian:Incinerate+1"],"picked":"SKIP","floor":47},{"not_picked":["Guardian:BronzeArmor+1","Guardian:Preprogram+1"],"picked":"Guardian:DecasProtection+1","floor":48}],"player_experience":150809,"relics_obtained":[{"floor":7,"key":"Guardian:DefensiveModeMoreBlock"},{"floor":9,"key":"Meat on the Bone"},{"floor":14,"key":"Matryoshka"},{"floor":23,"key":"Bronze Scales"},{"floor":26,"key":"Pen Nib"},{"floor":26,"key":"Oddly Smooth Stone"},{"floor":28,"key":"Vajra"},{"floor":40,"key":"Toxic Egg 2"},{"floor":40,"key":"PreservedInsect"},{"floor":42,"key":"War Paint"},{"floor":42,"key":"Happy Flower"},{"floor":43,"key":"HornCleat"},{"floor":43,"key":"Bottled Tornado"},{"floor":45,"key":"Kunai"},{"floor":47,"key":"Sundial"},{"floor":47,"key":"champ:DuelingGlove"}],"event_choices":[{"damage_healed":0,"gold_gain":0,"player_choice":"Take Damage","damage_taken":20,"relics_obtained":["Golden Idol"],"max_hp_gain":0,"max_hp_loss":0,"event_name":"Golden Idol","floor":3,"gold_loss":0},{"damage_healed":56,"gold_gain":0,"player_choice":"Embrace Burn","damage_taken":0,"max_hp_gain":0,"max_hp_loss":80,"event_name":"betterThird:BetterShining","floor":4,"gold_loss":0},{"damage_healed":0,"gold_gain":0,"player_choice":"UP UP ","damage_taken":35,"relics_obtained":[],"max_hp_gain":0,"max_hp_loss":0,"event_name":"betterSkull:BetterSkull","floor":13,"gold_loss":0,"cards_upgraded":["Power Through","Guardian:TwinSlam"]},{"damage_healed":0,"gold_gain":0,"player_choice":"Read","damage_taken":0,"max_hp_gain":0,"max_hp_loss":0,"event_name":"The Library","floor":30,"gold_loss":0,"cards_obtained":["Guardian:DecasProtection"]},{"damage_healed":0,"gold_gain":333,"player_choice":"Gave Idol","damage_taken":0,"max_hp_gain":0,"max_hp_loss":0,"event_name":"The Moai Head","floor":37,"relics_lost":["Golden Idol"],"gold_loss":0},{"damage_healed":0,"gold_gain":0,"player_choice":"Relic","damage_taken":0,"max_hp_gain":0,"max_hp_loss":0,"event_name":"Wheel of Change","floor":45,"gold_loss":0}],"is_beta":false,"boss_relics":[{"not_picked":["SacredBark","Philosopher\u0027s Stone"],"picked":"Snecko Eye"},{"not_picked":["Runic Pyramid","expansioncontent:StudyCardRelic"],"picked":"Black Star"}],"items_purged_floors":[19,25,36],"is_endless":false,"potions_floor_spawned":[1,2,14,20,23,28,29,33,39,48],"ascension_level":0}}