{"host":"7mhyj3osjecvpzx6","time":1613339875,"event":{"mods":["Act Like it!","BaseMod","Colored Powertips","Minty Spire (QoL Compilation)","Permanent Neow","Ruina","StSLib"],"gold_per_floor":[110,110,60,10,10,45,59,70,144,144,144,158,158,170,170,170,170],"floor_reached":16,"language":"ENG","playtime":724,"items_purged":[],"score":145,"play_id":"b45fa8ba-3de6-48ce-a0ac-14758e0371b2","local_time":"20210214165755","is_ascension_mode":true,"campfire_choices":[{"data":"Cleave","floor":11,"key":"SMITH"},{"data":"True Grit","floor":13,"key":"SMITH"},{"data":"Bash","floor":15,"key":"SMITH"}],"circlet_count":0,"master_deck":["Strike_R","Strike_R","Strike_R","Strike_R","Defend_R+1","Defend_R","Defend_R","Defend_R","Bash+1","Iron Wave+1","Shrug It Off","Cleave+1","Clothesline","Intimidate","True Grit+1"],"relics":["Burning Blood","Blood Vial","Art of War","Strawberry","Eternal Feather"],"acts_visited":["Exordium"],"potions_floor_usage":[6,16],"damage_taken":[{"damage":2,"enemies":"Small Slimes","floor":1,"turns":4},{"damage":62,"enemies":"Lagavulin","floor":6,"turns":10},{"damage":0,"enemies":"2 Louse","floor":7,"turns":2},{"damage":9,"enemies":"Jaw Worm","floor":8,"turns":3},{"damage":0,"enemies":"Looter","floor":12,"turns":3},{"damage":8,"enemies":"Large Slime","floor":14,"turns":7},{"damage":52,"enemies":"Slime Boss","floor":16,"turns":13}],"seed_played":"-5707297299392481401","potions_obtained":[{"floor":1,"key":"ColorlessPotion"},{"floor":8,"key":"ColorlessPotion"},{"floor":12,"key":"LiquidBronze"}],"is_trial":false,"path_per_floor":["M","?","?","$","?","E","M","M","T","?","R","M","R","M","R","B"],"character_chosen":"IRONCLAD","items_purchased":["Shrug It Off"],"campfire_rested":0,"item_purchase_floors":[4],"current_hp_per_floor":[78,78,78,78,62,15,23,22,22,15,21,29,38,38,47,0,0],"gold":170,"neow_bonus":"RANDOM_COMMON_RELIC","is_daily":false,"chose_seed":false,"campfire_upgraded":3,"win_rate":0.0,"timestamp":1613339875,"path_taken":["M","?","?","?","?","E","M","M","T","?","R","?","R","M","R","BOSS"],"items_purchased_type":["Card"],"build_version":"2020-12-22","purchased_purges":0,"victory":false,"max_hp_per_floor":[80,80,80,80,80,87,87,87,87,87,87,87,87,87,87,87,87],"card_choices":[{"not_picked":["Combust","Wild Strike"],"picked":"Iron Wave","floor":1},{"not_picked":["Headbutt","Sword Boomerang"],"picked":"Cleave","floor":6},{"not_picked":["Anger","Havoc"],"picked":"Clothesline","floor":7},{"not_picked":["Body Slam","Clothesline"],"picked":"Intimidate","floor":8},{"not_picked":["Blood for Blood","Thunderclap"],"picked":"True Grit","floor":12},{"not_picked":["Pommel Strike","True Grit","Power Through"],"picked":"SKIP","floor":14}],"player_experience":474313,"relics_obtained":[{"floor":6,"key":"Strawberry"},{"floor":9,"key":"Eternal Feather"}],"event_choices":[{"damage_healed":0,"gold_gain":0,"player_choice":"Box","damage_taken":0,"relics_obtained":["Art of War"],"max_hp_gain":0,"max_hp_loss":0,"event_name":"Big Fish","floor":2,"gold_loss":0,"cards_obtained":["Regret"]},{"cards_removed":["Regret"],"damage_healed":0,"gold_gain":0,"player_choice":"Card Removal","damage_taken":0,"max_hp_gain":0,"max_hp_loss":0,"event_name":"The Cleric","floor":3,"gold_loss":50},{"damage_healed":0,"gold_gain":0,"player_choice":"Entered Light","damage_taken":16,"max_hp_gain":0,"max_hp_loss":0,"event_name":"Shining Light","floor":5,"gold_loss":0,"cards_upgraded":["Defend_R","Iron Wave"]},{"cards_removed":["Strike_R"],"damage_healed":0,"gold_gain":0,"player_choice":"Card Removal","damage_taken":7,"max_hp_gain":0,"max_hp_loss":0,"event_name":"Golden Wing","floor":10,"gold_loss":0}],"is_beta":false,"boss_relics":[],"items_purged_floors":[],"is_endless":false,"potions_floor_spawned":[1,8,12],"killed_by":"Slime Boss","ascension_level":9}}