{"host":"0qlrtuw7bw78ucw4","time":1613306697,"event":{"mods":["BaseMod","Downfall","Minty Spire (QoL Compilation)","StSLib"],"gold_per_floor":[99,115,129,140,155,155,155,55,55,55,69,80,80,97,110,215,215,215,229,64,82,82,82,132,132,151,177,187,187,187,200,211,211,211,211],"floor_reached":33,"language":"ENG","playtime":7351,"items_purged":["champ:Defend"],"score":316,"play_id":"3a97d3c5-2579-492b-ad78-f1d0b4c83ef5","local_time":"20210214234457","is_ascension_mode":true,"campfire_choices":[{"data":"champ:Taunt","floor":1,"key":"SMITH"},{"data":"champ:Backstep","floor":6,"key":"SMITH"},{"data":"champ:GutPunch","floor":8,"key":"SMITH"},{"data":"champ:Circumvent","floor":13,"key":"SMITH"},{"data":"champ:UltimateStance","floor":18,"key":"SMITH"},{"data":"champ:FancyFootwork","floor":25,"key":"SMITH"},{"data":"champ:GladiatorForm","floor":30,"key":"SMITH"}],"circlet_count":0,"master_deck":["champ:Defend","champ:Defend","champ:Defend","champ:Execute","champ:Taunt+1","champ:GutPunch+1","champ:PreciseThrust","champ:ViciousMockery","champ:Backstep+1","champ:FocusedDefense","champ:Circumvent+1","champ:MurderStrike","champ:TornadoPunch","champ:UltimateStance+1","champ:StanceDance","champ:FancyFootwork+1","champ:PreciseThrust","Slimebound:Tackle+1","Slimebound:Tackle+1","Slimebound:Tackle+1","champ:Shatter+1","champ:GladiatorForm+1","champ:Circumvent+1","champ:ShieldThrow","champ:SwordSigil"],"relics":["champ:ChampionCrown","downfall:HeartBlessingBlue","Guardian:PocketSentry","SacredBark","Juzu Bracelet","Ancient Tea Set","Nloth\u0027s Gift"],"acts_visited":["Exordium","TheCity"],"potions_floor_usage":[16,33],"damage_taken":[{"damage":14,"enemies":"Cultist","floor":2,"turns":3},{"damage":14,"enemies":"Small Slimes","floor":3,"turns":3},{"damage":11,"enemies":"2 Louse","floor":4,"turns":2},{"damage":32,"enemies":"Large Slime","floor":5,"turns":9},{"damage":6,"enemies":"3 Louse","floor":11,"turns":4},{"damage":12,"enemies":"downfall:LooterAlt","floor":12,"turns":3},{"damage":10,"enemies":"Exordium Thugs","floor":14,"turns":5},{"damage":15,"enemies":"Large Slime","floor":15,"turns":4},{"damage":55,"enemies":"DF_ARCHETYPE_STREAMLINE","floor":16,"turns":9},{"damage":39,"enemies":"Spheric Guardian","floor":19,"turns":6},{"damage":10,"enemies":"downfall:FleeingMerchant","floor":20,"turns":4},{"damage":12,"enemies":"Chosen","floor":21,"turns":4},{"damage":17,"enemies":"Centurion and Healer","floor":26,"turns":5},{"damage":24,"enemies":"Gremlin Leader","floor":27,"turns":7},{"damage":14,"enemies":"Cultist and Chosen","floor":28,"turns":5},{"damage":19,"enemies":"Shelled Parasite and Fungi","floor":31,"turns":4},{"damage":22,"enemies":"Centurion and Healer","floor":32,"turns":5},{"damage":60,"enemies":"WA_ARCHETYPE_CALM","floor":33,"turns":5}],"seed_played":"5183035075002328759","potions_obtained":[{"floor":2,"key":"hexamod:SoulburnPotion"},{"floor":4,"key":"Regen Potion"},{"floor":11,"key":"Strength Potion"},{"floor":16,"key":"bronze:BurnAndBuffPotion"},{"floor":21,"key":"Swift Potion"},{"floor":23,"key":"CultistPotion"},{"floor":26,"key":"champ:OpenerPotion"}],"is_trial":false,"path_per_floor":["R","M","M","M","M","R","T","R","T","?","M","M","R","M","M","B",null,"R","M","$","M","?","?","T","R","M","E","M","?","R","M","M","B"],"character_chosen":"THE_CHAMP","items_purchased":["champ:FancyFootwork"],"campfire_rested":0,"item_purchase_floors":[20],"current_hp_per_floor":[63,59,55,44,37,37,37,47,47,47,46,44,44,39,39,24,100,100,86,86,79,79,79,79,79,62,53,49,49,49,45,33,0,0,0],"gold":211,"neow_bonus":"ONE_RARE_RELIC","is_daily":false,"chose_seed":false,"campfire_upgraded":7,"win_rate":0.0,"timestamp":1613306697,"path_taken":["R","M","M","M","M","R","T","R","?","?","M","M","R","?","M","BOSS","R","M","$","M","?","?","T","R","M","E","M","?","R","M","M","BOSS"],"items_purchased_type":["Card"],"build_version":"2020-12-22","purchased_purges":1,"victory":false,"max_hp_per_floor":[90,90,90,90,90,90,90,100,100,100,100,100,100,100,100,100,100,100,100,100,100,100,100,100,100,100,100,100,100,100,100,100,100,100,100],"card_choices":[{"not_picked":["champ:ShieldSigil","champ:HeartStrike"],"picked":"champ:GutPunch","floor":2},{"not_picked":["champ:Haymaker","champ:BladeFlurry"],"picked":"champ:PreciseThrust","floor":3},{"not_picked":["champ:Encircle","champ:CrownThrow"],"picked":"champ:ViciousMockery","floor":4},{"not_picked":["champ:TornadoPunch","champ:Shatter"],"picked":"champ:Backstep","floor":5},{"not_picked":["champ:ShieldSigil","champ:ViciousMockery"],"picked":"champ:Circumvent","floor":11},{"not_picked":["champ:Encircle","champ:BladeFlurry","champ:Haymaker"],"picked":"SKIP","floor":12},{"not_picked":["champ:Circumvent","champ:ShieldSigil"],"picked":"champ:MurderStrike","floor":14},{"not_picked":["champ:SetATrap","champ:PreciseThrust"],"picked":"champ:TornadoPunch","floor":15},{"not_picked":["champ:EnchantShield","champ:Devastate"],"picked":"champ:UltimateStance","floor":16},{"not_picked":["champ:FocusedBerserking+1","champ:FanOfKnives+1","champ:TornadoPunch"],"picked":"SKIP","floor":19},{"not_picked":["champ:SwordThrow","champ:FalseCounter"],"picked":"champ:StanceDance","floor":20},{"not_picked":["champ:PerfectedStrike","champ:CrownThrow"],"picked":"champ:PreciseThrust","floor":21},{"not_picked":["champ:DeathBlow","champ:CrownThrow+1"],"picked":"champ:Shatter+1","floor":26},{"not_picked":["champ:FancyFootwork","champ:FocusedDefense+1"],"picked":"champ:GladiatorForm","floor":27},{"not_picked":["champ:HeartStrike","champ:Backstep"],"picked":"champ:Circumvent+1","floor":28},{"not_picked":["champ:DefensiveShout","champ:ViciousMockery"],"picked":"champ:ShieldThrow","floor":31},{"not_picked":["champ:Shatter","champ:AdrenalArmor"],"picked":"champ:SwordSigil","floor":32}],"player_experience":1009268,"relics_obtained":[{"floor":9,"key":"Guardian:PocketSentry"},{"floor":24,"key":"Juzu Bracelet"},{"floor":27,"key":"Ancient Tea Set"}],"event_choices":[],"is_beta":false,"boss_relics":[{"not_picked":["Black Star","Tiny House"],"picked":"SacredBark"}],"items_purged_floors":[20],"is_endless":false,"potions_floor_spawned":[2,4,11,12,16,21,26,27,28,31],"killed_by":"WA_ARCHETYPE_CALM","ascension_level":4}}