{"host":"6hzrz31j95f2y1pa","time":1613286420,"event":{"mods":["BaseMod","Colored Map","Downfall","Minty Spire (QoL Compilation)","StSLib"],"gold_per_floor":[99,116,129,149,166,195,195,295,295,230,247,247,247,279,297,401,401,401,421,441,461,245,245,245,271,283,300,300,315,101,119,130,232,232,132,145,161,161,172,72,97,113,139,149,49,63,358,374,386,386,386,418,84,84,84,84,84,84],"floor_reached":56,"language":"ENG","playtime":4110,"items_purged":["Slimebound:Strike_Slimebound","Slimebound:Strike_Slimebound","Slimebound:Defend_Slimebound","Doubt","Slimebound:Tackle"],"score":902,"play_id":"105c90a0-464d-4f7f-bb74-390520a64b0e","local_time":"20210214020700","is_ascension_mode":true,"campfire_choices":[{"data":"Slimebound:Split","floor":1,"key":"SMITH"},{"floor":9,"key":"REST"},{"floor":13,"key":"REST"},{"data":"Slimebound:WasteNot","floor":18,"key":"SMITH"},{"floor":35,"key":"RECALL"},{"data":"1","floor":40,"key":"LIFT"},{"data":"2","floor":45,"key":"LIFT"},{"floor":54,"key":"REST"}],"circlet_count":0,"master_deck":["Slimebound:Defend_Slimebound","Slimebound:Defend_Slimebound","Slimebound:Split+1","Slimebound:CorrosiveSpit","Slimebound:HungryTackle","Slimebound:LeechEnergy","Slimebound:GoopSpray+1","Slimebound:Chomp","Slimebound:SlimeSlap","Slimebound:Schlurp","Slimebound:RollThrough","Slimebound:HauntingLick","Slimebound:WasteNot+1","Slimebound:FinishingTackle","Slimebound:Recollect","Slimebound:CheckThePlaybook","Slimebound:SamplingLick","Slimebound:HauntingLick+1","Slimebound:TongueLash","Slimebound:SplitMire","Slimebound:FlameTackle+1","Slimebound:Prepare","Slimebound:LivingWall+1","Slimebound:SamplingLick+1","Slimebound:Recollect+1","Slimebound:AcidTongue"],"relics":["Slimebound:AbsorbEndCombat","Smiling Mask","Slimebound:SlimedTailRelic","Gambling Chip","downfall:ShatteredFragment","Singing Bowl","Runic Pyramid","WarpedTongs","Kunai","Girya","ClockworkSouvenir","Cursed Key","downfall:HeartBlessingGreen","downfall:HeartBlessingRed","Slimebound:AggressiveSlimeRelic","downfall:HeartBlessingBlue","HornCleat","Mercury Hourglass"],"acts_visited":["Exordium","TheCity","TheBeyond","TheEnding"],"potions_floor_usage":[8,25,26,33,56,56,56],"damage_taken":[{"damage":6,"enemies":"Cultist","floor":2,"turns":4},{"damage":3,"enemies":"Small Slimes","floor":3,"turns":3},{"damage":10,"enemies":"Jaw Worm","floor":4,"turns":3},{"damage":5,"enemies":"Lots of Slimes","floor":5,"turns":3},{"damage":18,"enemies":"Lagavulin","floor":6,"turns":7},{"damage":31,"enemies":"downfall:Heads","floor":8,"turns":5},{"damage":3,"enemies":"downfall:FleeingMerchant","floor":10,"turns":4},{"damage":0,"enemies":"Large Slime","floor":11,"turns":3},{"damage":0,"enemies":"Gremlin Nob","floor":14,"turns":3},{"damage":18,"enemies":"Exordium Wildlife","floor":15,"turns":3},{"damage":15,"enemies":"SI_SHIV_ARCHETYPE","floor":16,"turns":5},{"damage":20,"enemies":"Spheric Guardian","floor":19,"turns":4},{"damage":13,"enemies":"Shell Parasite","floor":20,"turns":4},{"damage":3,"enemies":"Centurion and Healer","floor":21,"turns":5},{"damage":5,"enemies":"downfall:FleeingMerchant","floor":22,"turns":4},{"damage":43,"enemies":"Slavers","floor":25,"turns":4},{"damage":17,"enemies":"Snake Plant","floor":26,"turns":2},{"damage":0,"enemies":"3 Cultists","floor":27,"turns":4},{"damage":0,"enemies":"Centurion and Healer","floor":29,"turns":6},{"damage":0,"enemies":"downfall:FleeingMerchant","floor":30,"turns":4},{"damage":15,"enemies":"Shelled Parasite and Fungi","floor":31,"turns":3},{"damage":0,"enemies":"Cultist and Chosen","floor":32,"turns":3},{"damage":23,"enemies":"IC_MUSHROOM_ARCHETYPE","floor":33,"turns":7},{"damage":1,"enemies":"Orb Walker","floor":36,"turns":2},{"damage":0,"enemies":"3 Shapes","floor":37,"turns":3},{"damage":4,"enemies":"Spire Growth","floor":39,"turns":4},{"damage":9,"enemies":"Jaw Worm Horde","floor":42,"turns":3},{"damage":2,"enemies":"Nemesis","floor":43,"turns":3},{"damage":0,"enemies":"Transient","floor":44,"turns":5},{"damage":5,"enemies":"Spire Growth","floor":46,"turns":3},{"damage":0,"enemies":"downfall:FleeingMerchant","floor":47,"turns":1},{"damage":2,"enemies":"Jaw Worm Horde","floor":48,"turns":3},{"damage":0,"enemies":"Transient","floor":49,"turns":5},{"damage":86,"enemies":"WA_ARCHETYPE_DIVINITY","floor":50,"turns":12},{"damage":78,"enemies":"downfall:CharBossMerchant","floor":52,"turns":7},{"damage":26,"enemies":"downfall:NeowBoss","floor":55,"turns":17},{"damage":55,"enemies":"downfall:NeowBossFinal","floor":56,"turns":5}],"seed_played":"-977122848644853340","potions_obtained":[{"floor":2,"key":"champ:CounterPotion"},{"floor":3,"key":"GamblersBrew"},{"floor":8,"key":"Strength Potion"},{"floor":15,"key":"LiquidBronze"},{"floor":16,"key":"Slimebound:SpawnSlimePotion"},{"floor":20,"key":"Slimebound:SlimyTonguePotion"},{"floor":27,"key":"hexamod:SoulburnPotion"},{"floor":29,"key":"Strength Potion"},{"floor":33,"key":"PowerPotion"},{"floor":48,"key":"Dexterity Potion"}],"is_trial":false,"path_per_floor":["R","M","M","M","M","E","T","?","R","$","M","?","R","E","M","B",null,"R","M","M","M","$","?","T","E","M","M","?","M","$","M","M","B",null,"R","M","M","?","M","R","T","M","E","M","R","M","$","M","M","B",null,"E","$","R","B","B"],"character_chosen":"SLIMEBOUND","items_purchased":["Slimebound:CheckThePlaybook","ClockworkSouvenir","Mercury Hourglass","Slimebound:AcidTongue"],"campfire_rested":3,"item_purchase_floors":[22,30,53,53],"current_hp_per_floor":[65,62,63,57,60,50,50,27,46,51,57,39,58,66,53,46,67,67,49,46,51,56,56,56,23,10,20,20,28,36,31,39,26,79,79,81,81,81,77,77,77,76,80,83,93,94,95,97,99,16,99,27,27,57,39,0,0,0],"gold":84,"neow_bonus":"RANDOM_COMMON_RELIC","is_daily":false,"chose_seed":false,"campfire_upgraded":2,"win_rate":0.0,"timestamp":1613286420,"path_taken":["R","M","M","?","M","E","T","?","R","$","M","?","R","E","M","BOSS","R","M","M","M","$","?","T","E","?","M","?","M","$","M","M","BOSS","R","M","M","?","?","R","T","M","E","M","R","M","$","M","M","BOSS","E","$","R","BOSS","BOSS"],"items_purchased_type":["Card","Relic","Relic","Card"],"build_version":"2020-12-22","purchased_purges":5,"victory":false,"max_hp_per_floor":[65,65,65,65,65,65,65,65,65,65,65,65,65,67,67,67,67,67,67,69,69,71,71,71,73,73,75,75,75,75,77,77,79,79,79,81,81,81,81,81,81,81,81,83,93,95,95,97,99,99,99,101,101,101,101,101,101,101],"card_choices":[{"not_picked":["Slimebound:SlimeBarrage","Slimebound:ProtectTheBoss"],"picked":"Slimebound:HungryTackle","floor":2},{"not_picked":["Slimebound:SplitBruiser","Slimebound:SplitMire"],"picked":"Slimebound:LeechEnergy","floor":3},{"not_picked":["Slimebound:SplitMire","Slimebound:ComboTackle"],"picked":"Slimebound:GoopSpray","floor":4},{"not_picked":["Slimebound:SplitBruiser","Slimebound:SlimeBrawl","Slimebound:SplitLeeching"],"picked":"SKIP","floor":5},{"not_picked":["Slimebound:SlimeSpikes","Slimebound:HungryTackle","Slimebound:Equalize"],"picked":"SKIP","floor":6},{"not_picked":["Slimebound:ItLooksTasty","Slimebound:FinishingTackle"],"picked":"Slimebound:Chomp","floor":8},{"not_picked":["Slimebound:PrepareCrush","Slimebound:FinishingTackle"],"picked":"Slimebound:Schlurp","floor":10},{"not_picked":["Slimebound:SlimeSpikes","Slimebound:ItLooksTasty"],"picked":"Slimebound:RollThrough","floor":11},{"not_picked":["Slimebound:SelfFormingGoo","Slimebound:DisruptingSlam","Slimebound:Schlurp"],"picked":"Singing Bowl","floor":14},{"not_picked":["Slimebound:SlimeSpikes","Slimebound:PressTheAttack"],"picked":"Slimebound:HauntingLick","floor":15},{"not_picked":["Slimebound:DuplicatedForm","Slimebound:MinionMaster"],"picked":"Slimebound:WasteNot","floor":16},{"not_picked":["Slimebound:Schlurp","Slimebound:LevelUp+1"],"picked":"Slimebound:FinishingTackle","floor":19},{"not_picked":["Slimebound:ViciousTackle","Slimebound:Prepare","Slimebound:FinishingTackle+1"],"picked":"Singing Bowl","floor":20},{"not_picked":["Slimebound:DisruptingSlam","Slimebound:GoopTackle+1"],"picked":"Slimebound:Recollect","floor":21},{"not_picked":["Slimebound:HungryTackle","Slimebound:OneTwoCombo","Slimebound:SlimeSpikes"],"picked":"Singing Bowl","floor":22},{"not_picked":["Slimebound:SplitBruiser+1","Slimebound:ComboTackle","Slimebound:Chomp"],"picked":"Singing Bowl","floor":25},{"not_picked":["Slimebound:FormOfPuddle+1","Slimebound:FinishingTackle"],"picked":"Slimebound:SamplingLick","floor":26},{"not_picked":["Slimebound:Nibble","Slimebound:SlimeSpikes","Slimebound:Schlurp"],"picked":"Singing Bowl","floor":27},{"not_picked":["Slimebound:SplitMire","Slimebound:DisruptingSlam+1"],"picked":"Slimebound:HauntingLick+1","floor":29},{"not_picked":["Slimebound:SpikyOuterGoop","Slimebound:SlimeTap"],"picked":"Slimebound:TongueLash","floor":30},{"not_picked":["Slimebound:ServeAndProtect","Slimebound:DuplicatedForm","Slimebound:SplitBruiser"],"picked":"Singing Bowl","floor":31},{"not_picked":["Slimebound:SplitBruiser","Slimebound:LevelUp+1"],"picked":"Slimebound:SplitMire","floor":32},{"not_picked":["Slimebound:DuplicatedForm","Slimebound:LeechLife","Slimebound:Overexert"],"picked":"Singing Bowl","floor":33},{"not_picked":["Slimebound:PressTheAttack+1","Slimebound:SplitMire","Slimebound:SlimeSpikes"],"picked":"Singing Bowl","floor":36},{"not_picked":["Slimebound:GoopTackle+1","Slimebound:HauntingLick"],"picked":"Slimebound:FlameTackle+1","floor":37},{"not_picked":["Slimebound:PressTheAttack+1","Slimebound:FinishingTackle+1"],"picked":"Slimebound:Prepare","floor":39},{"not_picked":["Slimebound:RainOfGoop+1","Slimebound:SplitLeeching"],"picked":"Slimebound:LivingWall+1","floor":42},{"not_picked":["Slimebound:SlimeTap","Slimebound:OneTwoCombo"],"picked":"Slimebound:SamplingLick+1","floor":43},{"not_picked":["Slimebound:Replication","Slimebound:SplitMire","Slimebound:SplitLeeching"],"picked":"Singing Bowl","floor":44},{"not_picked":["Slimebound:Replication+1","Slimebound:GoopSpray","Slimebound:RollThrough+1"],"picked":"Singing Bowl","floor":46},{"not_picked":["Slimebound:RollThrough","Slimebound:LevelUp+1"],"picked":"Slimebound:Recollect+1","floor":47},{"not_picked":["Slimebound:Chomp+1","Slimebound:RollThrough+1","Slimebound:SplitBruiser+1"],"picked":"Singing Bowl","floor":48},{"not_picked":["Slimebound:FirmFortitude","Slimebound:RejuvenatingLick","Slimebound:RollThrough"],"picked":"Singing Bowl","floor":49},{"not_picked":["Slimebound:Replication+1","Slimebound:DisruptingSlam+1","Slimebound:RejuvenatingLick"],"picked":"Singing Bowl","floor":52}],"player_experience":1434153,"relics_obtained":[{"floor":6,"key":"Slimebound:SlimedTailRelic"},{"floor":7,"key":"Gambling Chip"},{"floor":14,"key":"Singing Bowl"},{"floor":24,"key":"Kunai"},{"floor":25,"key":"Girya"},{"floor":43,"key":"Slimebound:AggressiveSlimeRelic"},{"floor":52,"key":"HornCleat"}],"event_choices":[{"damage_healed":0,"gold_gain":0,"player_choice":"Rummage","damage_taken":0,"relics_obtained":["WarpedTongs"],"max_hp_gain":0,"max_hp_loss":0,"event_name":"Accursed Blacksmith","floor":23,"gold_loss":0,"cards_obtained":["Pain"]}],"is_beta":false,"boss_relics":[{"not_picked":["Runic Dome","Astrolabe"],"picked":"Runic Pyramid"},{"not_picked":["Slimebound:AbsorbEndCombatUpgraded","Empty Cage"],"picked":"Cursed Key"}],"items_purged_floors":[10,22,30,47,53],"is_endless":false,"potions_floor_spawned":[2,3,8,15,16,20,27,29,31,33,36,39,43,48],"killed_by":"downfall:NeowBossFinal","ascension_level":3}}