{"host":"bixuo0n4q745us7v","time":1613324888,"event":{"mods":["2.2 Compatiblity","Act Like it!","BaseMod","Beaked The Cultist","Block Reminder","Custom Start","Minty Spire (QoL Compilation)","Relic Sorter","Robot Space Explorer","StSLib","The Cursed"],"gold_per_floor":[129,129,174,216,42,42,42,120,120,213,213,255,336,426,426,735,885,918,106,106,157,202,280,40,133,156,201,297,381,381,414,414,699,699,741,795,795,743,794,794,899,929,955,1048,1135,1095,53,101,101,101],"floor_reached":51,"language":"DEU","playtime":2541,"items_purged":[],"score":1118,"play_id":"97aceef0-3aec-487e-9bbd-df2534a58b15","local_time":"20210214184808","daily_mods":["Draft","Vintage","DeadlyEvents","Elite Swarm","Midas"],"is_ascension_mode":false,"campfire_choices":[{"floor":6,"key":"REST"},{"data":"1","floor":11,"key":"LIFT"},{"data":"2","floor":15,"key":"LIFT"},{"data":"3","floor":30,"key":"LIFT"},{"floor":32,"key":"REST"},{"floor":40,"key":"REST"},{"floor":49,"key":"DIG"}],"circlet_count":0,"master_deck":["Cleave","Uppercut","Shrug It Off+1","Inflame","Infernal Blade","Dropkick","Clothesline","Pommel Strike","Searing Blow+2","Headbutt","Iron Wave","Cleave","Metallicize","Spot Weakness+1","Pommel Strike","Apotheosis+1","Berserk","Reaper","Immolate+1","Shockwave","Thunderclap","J.A.X.","Impervious","Demon Form","Double Tap+1","Blood for Blood","True Grit+1","Limit Break+1"],"relics":["Burning Blood","Prayer Wheel","StrikeDummy","Ice Cream","Toy Ornithopter","Turnip","Girya","PreservedInsect","Bird Faced Urn","War Paint","WingedGreaves","Tiny House","CaptainsWheel","Champion Belt","Sling","Torii","Centennial Puzzle","Lantern","Bag of Preparation","Strawberry","Matryoshka","Kunai","MealTicket","Gremlin Horn","HornCleat","Toxic Egg 2","CeramicFish","Busted Crown","Whetstone","The Courier","Akabeko","Shovel","Potion Belt","Meat on the Bone","Bag of Marbles","Boot","Bronze Scales","Vajra","Mango","Membership Card","Art of War","Dream Catcher","Pen Nib","Ornamental Fan","Ancient Tea Set","Anchor","Orichalcum","Mercury Hourglass","Happy Flower","beaked:ShinyBauble"],"acts_visited":["Exordium","TheCity","TheBeyond"],"potions_floor_usage":[8,16,21,44,45,50,50],"damage_taken":[{"damage":6,"enemies":"Jaw Worm","floor":1,"turns":2},{"damage":0,"enemies":"Cultist","floor":3,"turns":2},{"damage":2,"enemies":"2 Louse","floor":4,"turns":2},{"damage":3,"enemies":"Gremlin Nob","floor":8,"turns":3},{"damage":15,"enemies":"3 Sentries","floor":10,"turns":4},{"damage":11,"enemies":"Exordium Wildlife","floor":12,"turns":3},{"damage":13,"enemies":"Gremlin Nob","floor":13,"turns":3},{"damage":14,"enemies":"Lagavulin","floor":14,"turns":4},{"damage":47,"enemies":"Hexaghost","floor":16,"turns":7},{"damage":8,"enemies":"Shell Parasite","floor":18,"turns":6},{"damage":21,"enemies":"2 Thieves","floor":21,"turns":2},{"damage":29,"enemies":"Centurion and Healer","floor":22,"turns":3},{"damage":0,"enemies":"Gremlin Leader","floor":23,"turns":3},{"damage":0,"enemies":"Slavers","floor":25,"turns":1},{"damage":5,"enemies":"Cultist and Chosen","floor":27,"turns":4},{"damage":16,"enemies":"Book of Stabbing","floor":28,"turns":3},{"damage":1,"enemies":"Gremlin Leader","floor":29,"turns":2},{"damage":3,"enemies":"Shelled Parasite and Fungi","floor":31,"turns":4},{"damage":52,"enemies":"Automaton","floor":33,"turns":7},{"damage":10,"enemies":"3 Darklings","floor":35,"turns":3},{"damage":0,"enemies":"Orb Walker","floor":36,"turns":1},{"damage":12,"enemies":"4 Shapes","floor":39,"turns":1},{"damage":3,"enemies":"Nemesis","floor":41,"turns":3},{"damage":4,"enemies":"3 Darklings","floor":42,"turns":2},{"damage":6,"enemies":"Giant Head","floor":44,"turns":3},{"damage":0,"enemies":"Reptomancer","floor":45,"turns":1},{"damage":3,"enemies":"Writhing Mass","floor":48,"turns":4},{"damage":3,"enemies":"Awakened One","floor":50,"turns":3}],"seed_played":"-8220774007574271708","potions_obtained":[{"floor":4,"key":"Weak Potion"},{"floor":8,"key":"Swift Potion"},{"floor":14,"key":"Dexterity Potion"},{"floor":16,"key":"EssenceOfSteel"},{"floor":17,"key":"SpeedPotion"},{"floor":22,"key":"Weak Potion"},{"floor":33,"key":"Fire Potion"},{"floor":44,"key":"SteroidPotion"},{"floor":46,"key":"Ancient Potion"},{"floor":46,"key":"DuplicationPotion"},{"floor":48,"key":"BloodPotion"}],"is_trial":true,"path_per_floor":["M","?","M","M","$","R","T","E","T","E","R","M","E","E","R","B",null,"M","$","?","M","M","E","$","E","T","M","E","E","R","M","R","B",null,"M","M","?","$","M","R","E","M","T","E","E","?","$","M","R","B",null],"character_chosen":"IRONCLAD","items_purchased":["Apotheosis","Thunderclap","Champion Belt","Sling","Torii","Strawberry","Good Instincts","Blood for Blood","True Grit+1","Vajra","Mango","Membership Card","Art of War","Dream Catcher","Pen Nib","Ornamental Fan","Ancient Tea Set","Anchor","Orichalcum","Mercury Hourglass"],"campfire_rested":3,"item_purchase_floors":[5,19,19,19,19,24,24,38,38,47,47,47,47,47,47,47,47,47,47,47],"current_hp_per_floor":[80,80,80,80,80,80,80,80,80,71,71,66,63,61,61,40,85,85,85,85,70,61,69,76,82,82,89,85,92,92,92,92,61,92,90,92,92,92,86,92,92,92,92,92,92,92,106,106,106,106],"gold":101,"neow_bonus":"","is_daily":false,"chose_seed":false,"campfire_upgraded":0,"win_rate":0.0,"timestamp":1613324888,"path_taken":["M","?","?","M","$","R","?","E","T","E","R","?","?","E","R","BOSS","M","$","?","?","M","E","$","E","T","M","E","E","R","M","R","BOSS","M","M","?","$","M","R","E","M","T","E","E","?","$","M","R","BOSS"],"items_purchased_type":["Card","Card","Relic","Relic","Relic","Relic","Card","Card","Card","Relic","Relic","Relic","Relic","Relic","Relic","Relic","Relic","Relic","Relic","Relic"],"build_version":"2020-12-22","purchased_purges":0,"victory":true,"max_hp_per_floor":[80,80,80,80,80,80,80,80,80,80,80,80,80,80,80,80,85,85,85,85,85,85,85,92,92,92,92,92,92,92,92,92,92,92,92,92,92,92,92,92,92,92,92,92,92,92,106,106,106,106],"card_choices":[{"not_picked":["Warcry","Carnage"],"picked":"Cleave","floor":0},{"not_picked":["Anger","Wild Strike"],"picked":"Uppercut","floor":0},{"not_picked":["Flex","Havoc"],"picked":"Shrug It Off","floor":0},{"not_picked":["Reckless Charge","Perfected Strike"],"picked":"Inflame","floor":0},{"not_picked":["Armaments","Perfected Strike"],"picked":"Infernal Blade","floor":0},{"not_picked":["Twin Strike","Sever Soul"],"picked":"Dropkick","floor":0},{"not_picked":["Iron Wave","Wild Strike"],"picked":"Clothesline","floor":0},{"not_picked":["Seeing Red","Clash"],"picked":"Pommel Strike","floor":0},{"not_picked":["Perfected Strike","Rampage"],"picked":"Searing Blow","floor":0},{"not_picked":["Shockwave","Rupture"],"picked":"Headbutt","floor":0},{"not_picked":["Clash","Headbutt"],"picked":"Iron Wave","floor":0},{"not_picked":["True Grit","Sword Boomerang"],"picked":"Cleave","floor":0},{"not_picked":["Perfected Strike","Hemokinesis"],"picked":"Metallicize","floor":0},{"not_picked":["Anger","Pummel"],"picked":"Spot Weakness","floor":0},{"not_picked":["Hemokinesis","Warcry"],"picked":"Pommel Strike","floor":0},{"not_picked":["Double Tap","Brutality"],"picked":"Berserk","floor":8},{"not_picked":["Double Tap","Bludgeon","Berserk"],"picked":"SKIP","floor":10},{"not_picked":["Exhume","Juggernaut"],"picked":"Reaper","floor":13},{"not_picked":["Double Tap","Impervious","Barricade"],"picked":"SKIP","floor":14},{"not_picked":["Barricade","Brutality"],"picked":"Immolate","floor":16},{"not_picked":["Twin Strike","Cleave"],"picked":"Shockwave","floor":17},{"not_picked":["Double Tap","Fiend Fire","Juggernaut"],"picked":"SKIP","floor":23},{"not_picked":["Impervious","Double Tap","Immolate"],"picked":"SKIP","floor":25},{"not_picked":["Double Tap","Immolate"],"picked":"Impervious","floor":25},{"not_picked":["Barricade","Corruption"],"picked":"Demon Form","floor":28},{"not_picked":["Reaper","Brutality"],"picked":"Double Tap+1","floor":29},{"not_picked":[],"picked":"Limit Break+1","floor":41},{"not_picked":["Brutality"],"picked":"SKIP","floor":44},{"not_picked":["Juggernaut"],"picked":"SKIP","floor":45}],"player_experience":567084,"relics_obtained":[{"floor":1,"key":"Prayer Wheel"},{"floor":3,"key":"StrikeDummy"},{"floor":4,"key":"Ice Cream"},{"floor":7,"key":"Toy Ornithopter"},{"floor":8,"key":"Turnip"},{"floor":9,"key":"Girya"},{"floor":10,"key":"PreservedInsect"},{"floor":12,"key":"Bird Faced Urn"},{"floor":13,"key":"War Paint"},{"floor":14,"key":"WingedGreaves"},{"floor":18,"key":"CaptainsWheel"},{"floor":21,"key":"Centennial Puzzle"},{"floor":22,"key":"Lantern"},{"floor":23,"key":"Bag of Preparation"},{"floor":25,"key":"Matryoshka"},{"floor":26,"key":"Kunai"},{"floor":26,"key":"MealTicket"},{"floor":27,"key":"Gremlin Horn"},{"floor":28,"key":"HornCleat"},{"floor":29,"key":"Toxic Egg 2"},{"floor":31,"key":"CeramicFish"},{"floor":35,"key":"Whetstone"},{"floor":36,"key":"The Courier"},{"floor":39,"key":"Akabeko"},{"floor":41,"key":"Shovel"},{"floor":42,"key":"Potion Belt"},{"floor":43,"key":"Meat on the Bone"},{"floor":43,"key":"Bag of Marbles"},{"floor":44,"key":"Boot"},{"floor":45,"key":"Bronze Scales"},{"floor":48,"key":"Happy Flower"},{"floor":49,"key":"beaked:ShinyBauble"}],"event_choices":[{"damage_healed":0,"gold_gain":0,"player_choice":"Upgraded","damage_taken":0,"max_hp_gain":0,"max_hp_loss":0,"event_name":"Upgrade Shrine","floor":2,"gold_loss":0,"cards_upgraded":["Searing Blow"]},{"damage_healed":0,"gold_gain":0,"player_choice":"Obtain J.A.X.","damage_taken":0,"max_hp_gain":0,"max_hp_loss":0,"event_name":"Drug Dealer","floor":20,"gold_loss":0,"cards_obtained":["J.A.X."]},{"cards_removed":["Good Instincts"],"damage_healed":0,"gold_gain":0,"player_choice":"Removed Skill","damage_taken":0,"max_hp_gain":0,"max_hp_loss":0,"event_name":"Falling","floor":37,"gold_loss":0},{"damage_healed":0,"gold_gain":0,"player_choice":"Bought 3 Potions","damage_taken":0,"max_hp_gain":0,"max_hp_loss":0,"event_name":"The Woman in Blue","floor":46,"gold_loss":0}],"is_beta":false,"boss_relics":[{"not_picked":["Astrolabe","SacredBark"],"picked":"Tiny House"},{"not_picked":["Snecko Eye","Mark of Pain"],"picked":"Busted Crown"}],"items_purged_floors":[],"is_endless":false,"potions_floor_spawned":[4,8,14,16,18,22,33,35,39,44,48],"ascension_level":0}}