{"host":"166mvycy0az0i7z6","time":1613275252,"event":{"mods":["AchievementEnabler","Aspiration","BaseMod","Bestiary","Better Altar","Better Third Choice","BetterRewards","Challenge The Spire","Conspire","DeckTracker","Downfall","Halation","Hubris","Minty Spire (QoL Compilation)","Relic Filter","Relic Stats","Replay The Spire","Shop Mod","StSLib"],"gold_per_floor":[99,110,120,130,64,75,100,169,183,183,183,13,0,11,21,21,21,21],"floor_reached":16,"language":"ENG","playtime":1138,"items_purged":[],"score":94,"play_id":"2c7e1f16-2892-43ef-a522-fadb35f2e19b","local_time":"20210214150052","is_ascension_mode":false,"campfire_choices":[{"data":"Guardian:TwinSlam","floor":1.0,"key":"SMITH"},{"data":"Guardian:PiercingHide","floor":11.0,"key":"SMITH"}],"circlet_count":0,"master_deck":["Guardian:Strike_Guardian","Guardian:Strike_Guardian","Guardian:Strike_Guardian","Guardian:Defend_Guardian","Guardian:Defend_Guardian","Guardian:Defend_Guardian","Guardian:Defend_Guardian","Guardian:CurlUp","Guardian:TwinSlam+1","Guardian:TimeSifter","Guardian:PrimingBeam+1","Guardian:PiercingHide+1","Guardian:RollAttack+1","Guardian:SpikerProtocol","Guardian:SpikerProtocol","Guardian:EvasiveProtocol","Guardian:ShieldCharger","Guardian:Gem_Lightblue","Guardian:ArmoredProtocol","Guardian:TemporalStrike","Guardian:ShieldSpikes"],"relics":["Guardian:ModeShifter","Whetstone","ReplayTheSpireMod:Ninjato","Tiny Chest"],"acts_visited":["Exordium"],"potions_floor_usage":[16],"damage_taken":[{"damage":0.0,"enemies":"Cultist","floor":2.0,"turns":3.0},{"damage":6.0,"enemies":"conspire:RoseBush","floor":3.0,"turns":3.0},{"damage":4.0,"enemies":"Jaw Worm","floor":4.0,"turns":5.0},{"damage":5.0,"enemies":"downfall:FleeingMerchant","floor":5.0,"turns":4.0},{"damage":7.0,"enemies":"Exordium Thugs","floor":6.0,"turns":6.0},{"damage":6.0,"enemies":"Red Slaver","floor":9.0,"turns":4.0},{"damage":5.0,"enemies":"downfall:FleeingMerchant","floor":12.0,"turns":4.0},{"damage":0.0,"enemies":"downfall:FleeingMerchant","floor":13.0,"turns":4.0},{"damage":0.0,"enemies":"Blue Slaver","floor":14.0,"turns":4.0},{"damage":7.0,"enemies":"3 Louse","floor":15.0,"turns":2.0},{"damage":49,"enemies":"IC_STATUS_ARCHETYPE","floor":16,"turns":10}],"seed_played":"235594311536930461","potions_obtained":[{"floor":2.0,"key":"Fire Potion"},{"floor":9.0,"key":"Explosive Potion"},{"floor":15.0,"key":"Venom Potion"}],"is_trial":false,"path_per_floor":["R","M","M","M","$","M","T","T","M","?","R","$","$","M","M","B"],"character_chosen":"GUARDIAN","items_purchased":["Guardian:SpikerProtocol","Tiny Chest"],"campfire_rested":0,"item_purchase_floors":[5,12],"current_hp_per_floor":[80,80,74,70,65,58,58,58,52,52,52,47,47,47,40,0,0,0],"gold":21,"neow_bonus":"TRANSFORM_CARD","is_daily":false,"chose_seed":false,"campfire_upgraded":2,"win_rate":0.0,"timestamp":1613275252,"path_taken":["R","M","M","M","$","M","T","?","?","?","R","?","$","?","M","BOSS"],"items_purchased_type":["Card","Relic"],"build_version":"2020-12-22","purchased_purges":0,"victory":false,"max_hp_per_floor":[80,80,80,80,80,80,80,80,80,80,80,80,80,80,80,80,80,80],"relic_stats":{"counters":[11,49],"Tiny Chest":0,"Whetstone":["Guardian:PrimingBeam","Guardian:RollAttack"],"obtain_stats":[{"ReplayTheSpireMod:Ninjato":8,"Guardian:ModeShifter":0,"Tiny Chest":12,"Whetstone":7},{"ReplayTheSpireMod:Ninjato":5,"Guardian:ModeShifter":0,"Tiny Chest":7,"Whetstone":5},{"ReplayTheSpireMod:Ninjato":21,"Guardian:ModeShifter":0,"Tiny Chest":29,"Whetstone":21}]},"card_choices":[{"not_picked":["Guardian:Gem_Purple","Guardian:Gem_Red"],"picked":"Guardian:PrimingBeam","floor":2.0},{"not_picked":["Guardian:Gem_Yellow","Guardian:MultiBeam"],"picked":"Guardian:PiercingHide","floor":3.0},{"not_picked":["Guardian:Reroute","Guardian:TemporalShield"],"picked":"Guardian:RollAttack","floor":4.0},{"not_picked":["Guardian:Planning","Guardian:PrismaticBarrier"],"picked":"Guardian:Gem_Lightblue","floor":5.0},{"not_picked":["Guardian:PolyBeam","Guardian:SphericShield"],"picked":"Guardian:EvasiveProtocol","floor":6.0},{"not_picked":["Guardian:Gem_Cyan","Guardian:Planning"],"picked":"Guardian:ShieldCharger","floor":9.0},{"not_picked":["Guardian:Planning","Guardian:CrystalBeam"],"picked":"Guardian:Gem_Lightblue","floor":12.0},{"not_picked":["Guardian:Incinerate","Guardian:Recover"],"picked":"Guardian:ArmoredProtocol","floor":13.0},{"not_picked":["Guardian:Planning","Guardian:Recover"],"picked":"Guardian:TemporalStrike","floor":14.0},{"not_picked":["Guardian:Suspension","Guardian:Gem_Lightblue"],"picked":"Guardian:ShieldSpikes","floor":15.0}],"player_experience":101285,"relics_obtained":[{"floor":7.0,"key":"Whetstone"},{"floor":8.0,"key":"ReplayTheSpireMod:Ninjato"}],"event_choices":[{"damage_healed":0.0,"max_hp_gain":0.0,"max_hp_loss":0.0,"gold_gain":0.0,"event_name":"conspire:LoneGhost","player_choice":"Disagree","floor":10.0,"gold_loss":0.0,"damage_taken":0.0}],"is_beta":false,"boss_relics":[],"items_purged_floors":[],"is_endless":false,"potions_floor_spawned":[2,9,15],"killed_by":"IC_STATUS_ARCHETYPE","ascension_level":0}}