{"host":"ELF","time":1613307897,"event":{"mods":["BaseMod","Bestiary","Minty Spire (QoL Compilation)","Relic Stats","Slay the Relics Exporter"],"gold_per_floor":[119,119,28,41,41,74,122,151,178,196,196,23,37,57,57,57,57],"floor_reached":16,"language":"ENG","playtime":525,"items_purged":[],"score":263,"play_id":"fed8534a-5f88-42d6-a51d-c485c1ce827d","local_time":"20210214070457","is_ascension_mode":true,"campfire_choices":[{"floor":11,"key":"REST"},{"data":"Body Slam","floor":15,"key":"SMITH"}],"circlet_count":0,"master_deck":["AscendersBane","Strike_R","Strike_R","Strike_R","Strike_R","Defend_R","Defend_R","Defend_R","Defend_R","Bash","Metallicize","Headbutt","Dark Embrace","Shrug It Off","Body Slam+1","Shockwave","Reckless Charge","Twin Strike"],"relics":["Burning Blood","NeowsBlessing","TungstenRod","Regal Pillow","Centennial Puzzle","Strawberry","Lee\u0027s Waffle"],"acts_visited":["Exordium"],"potions_floor_usage":[8,16,16],"damage_taken":[{"damage":0,"enemies":"Small Slimes","floor":1,"turns":1},{"damage":0,"enemies":"Jaw Worm","floor":4,"turns":1},{"damage":0,"enemies":"3 Sentries","floor":6,"turns":2},{"damage":55,"enemies":"Lagavulin","floor":8,"turns":9},{"damage":4,"enemies":"Cultist","floor":10,"turns":4},{"damage":16,"enemies":"Red Slaver","floor":13,"turns":4},{"damage":12,"enemies":"Blue Slaver","floor":14,"turns":4},{"damage":80,"enemies":"Slime Boss","floor":16,"turns":11}],"seed_played":"-8101083278258176559","potions_obtained":[{"floor":4,"key":"Explosive Potion"},{"floor":6,"key":"Block Potion"},{"floor":14,"key":"Swift Potion"}],"is_trial":false,"path_per_floor":["M","?","$","M","$","E","T","E","T","M","R","$","M","M","R","B"],"character_chosen":"IRONCLAD","items_purchased":["Dark Embrace","Shrug It Off","Lee\u0027s Waffle"],"campfire_rested":1,"item_purchase_floors":[3,3,12],"current_hp_per_floor":[74,74,74,75,75,75,75,26,33,35,74,89,79,73,73,0,0],"gold":57,"neow_bonus":"THREE_ENEMY_KILL","is_daily":false,"chose_seed":false,"campfire_upgraded":1,"win_rate":0.0,"timestamp":1613307897,"path_taken":["M","?","$","M","$","E","?","E","T","?","R","?","M","M","R","BOSS"],"items_purchased_type":["Card","Card","Relic"],"build_version":"2020-12-18","purchased_purges":0,"victory":false,"max_hp_per_floor":[75,75,75,75,75,75,75,75,82,82,82,89,89,89,89,89,89],"relic_stats":{"Regal Pillow":15,"Centennial Puzzle":[12],"Lee\u0027s Waffle":15,"counters":[8,36],"obtain_stats":[{"Regal Pillow":7,"Centennial Puzzle":8,"Lee\u0027s Waffle":12,"NeowsBlessing":0,"Strawberry":9,"Burning Blood":0,"TungstenRod":6},{"Regal Pillow":3,"Centennial Puzzle":4,"Lee\u0027s Waffle":5,"NeowsBlessing":0,"Strawberry":4,"Burning Blood":0,"TungstenRod":3},{"Regal Pillow":4,"Centennial Puzzle":13,"Lee\u0027s Waffle":17,"NeowsBlessing":0,"Strawberry":13,"Burning Blood":0,"TungstenRod":4}],"Burning Blood":31,"TungstenRod":16},"card_choices":[{"not_picked":["Body Slam","Entrench"],"picked":"Metallicize","floor":1},{"not_picked":["Flex","Double Tap"],"picked":"Body Slam","floor":4},{"not_picked":["True Grit","Thunderclap"],"picked":"Shockwave","floor":6},{"not_picked":["True Grit","Hemokinesis"],"picked":"Reckless Charge","floor":8},{"not_picked":["Seeing Red","Sword Boomerang"],"picked":"Twin Strike","floor":10},{"not_picked":["Searing Blow","Havoc","Body Slam"],"picked":"SKIP","floor":13},{"not_picked":["Headbutt","Body Slam","Twin Strike"],"picked":"SKIP","floor":14}],"player_experience":3441952,"relics_obtained":[{"floor":6,"key":"TungstenRod"},{"floor":7,"key":"Regal Pillow"},{"floor":8,"key":"Centennial Puzzle"},{"floor":9,"key":"Strawberry"}],"event_choices":[{"damage_healed":0,"gold_gain":0,"cards_transformed":["Strike_R"],"player_choice":"Change","damage_taken":0,"max_hp_gain":0,"max_hp_loss":0,"event_name":"Living Wall","floor":2,"gold_loss":0,"cards_obtained":["Headbutt"]}],"is_beta":true,"boss_relics":[],"items_purged_floors":[],"is_endless":false,"potions_floor_spawned":[4,6,14],"killed_by":"Slime Boss","ascension_level":19}}