{"host":"skr63qsdfgeey3it","time":1613265669,"event":{"mods":["BaseMod","Colored Map","Hubris","Minty Spire (QoL Compilation)","Monster B Gone","Reliquary","Replay The Spire","Spicy Shops","StSLib"],"gold_per_floor":[118,40,56,71,84,84,110,110,110,144,144,155,169,198,198,275,275,286,486,124,134,134,134,159,159,212,223,323,336,336,336,336],"floor_reached":31,"language":"ENG","playtime":1460,"items_purged":[],"score":481,"play_id":"8c406080-ea1f-4760-8385-99819c0c8036","local_time":"20210213192109","is_ascension_mode":true,"campfire_choices":[{"data":"ReplayRNGCard","floor":6,"key":"SMITH"},{"data":"Streamline","floor":8,"key":"SMITH"},{"floor":15,"key":"REST"},{"data":"Beam Cell","floor":23,"key":"SMITH"},{"data":"Fission","floor":25,"key":"SMITH"},{"floor":30,"key":"REST"}],"circlet_count":0,"master_deck":["AscendersBane","Strike_B","Defend_B","Defend_B","Zap","Dualcast","Ball Lightning+1","Auto Shields","Streamline+1","Conserve Battery","ReplayRNGCard+1","BootSequence","Beam Cell+1","Streamline","Sunder","Loop","Fission+1","Self Repair","Sunder","Redo+1","Static Discharge","White Noise","Blizzard","White Noise","ReplayTheSpireMod:Calculation Training","Hologram"],"relics":["Cracked Core","NeowsBlessing","Replay:PocketPolymizer","Bottled Flame","reliquary:BoilingFlask","Bag of Preparation","Nunchaku","Snecko Heart","Medical Kit","reliquary:PartyBalloon","reliquary:RosewoodLute","Pocketwatch","Bottled Tornado"],"acts_visited":["Exordium","TheCity"],"potions_floor_usage":[7,24],"damage_taken":[{"damage":0,"enemies":"Small Slimes","floor":1,"turns":1},{"damage":0,"enemies":"Cultist","floor":3,"turns":1},{"damage":0,"enemies":"2 Louse","floor":4,"turns":1},{"damage":7,"enemies":"Gremlin Gang","floor":5,"turns":6},{"damage":20,"enemies":"Lagavulin","floor":7,"turns":7},{"damage":13,"enemies":"3 Sentries","floor":10,"turns":6},{"damage":0,"enemies":"Exordium Wildlife","floor":12,"turns":2},{"damage":0,"enemies":"2 Fungi Beasts","floor":13,"turns":2},{"damage":11,"enemies":"Lagavulin","floor":14,"turns":6},{"damage":12,"enemies":"Hexaghost","floor":16,"turns":9},{"damage":0,"enemies":"Spheric Guardian","floor":18,"turns":3},{"damage":0,"enemies":"Shell Parasite","floor":21,"turns":2},{"damage":19,"enemies":"Replay:Snechameleon","floor":24,"turns":3},{"damage":26,"enemies":"3 Cultists","floor":27,"turns":6},{"damage":26,"enemies":"Colosseum Slavers","floor":28,"turns":3},{"damage":24,"enemies":"Colosseum Nobs","floor":28,"turns":3},{"damage":24,"enemies":"Snake Plant","floor":29,"turns":3},{"damage":43,"enemies":"Slavers","floor":31,"turns":2}],"seed_played":"-3527241458356377183","potions_obtained":[{"floor":5,"key":"Weak Potion"},{"floor":12,"key":"FearPotion"},{"floor":13,"key":"Fire Potion"},{"floor":27,"key":"Ancient Potion"}],"is_trial":false,"path_per_floor":["M","?","M","M","M","R","E","R","T","E","?","M","M","E","R","B",null,"M","?","$","M","?","R","E","R","T","M","?","M","R","E"],"character_chosen":"DEFECT","items_purchased":["Self Repair","Sunder","Medical Kit"],"campfire_rested":2,"item_purchase_floors":[20,20,20],"current_hp_per_floor":[64,64,64,64,57,57,37,37,37,24,24,24,24,13,34,22,59,59,59,59,71,71,71,66,66,66,54,32,22,43,0,0],"gold":336,"neow_bonus":"THREE_ENEMY_KILL","is_daily":false,"chose_seed":false,"campfire_upgraded":4,"win_rate":0.0,"timestamp":1613265669,"path_taken":["M","?","?","?","M","R","E","R","T","E","?","M","?","E","R","BOSS","M","?","$","?","?","R","E","R","T","M","?","M","R","E"],"items_purchased_type":["Card","Card","Relic"],"build_version":"2020-12-22","purchased_purges":0,"victory":false,"max_hp_per_floor":[71,71,71,71,71,71,71,71,71,71,71,71,71,71,71,71,71,71,71,71,71,71,71,71,71,71,71,71,71,71,71,71],"card_choices":[{"not_picked":["Hologram","Streamline"],"picked":"Ball Lightning","floor":1},{"not_picked":["Gash","Storm"],"picked":"Auto Shields","floor":3},{"not_picked":["Redo","Scrape"],"picked":"Streamline","floor":4},{"not_picked":["Stack","Crystallizer"],"picked":"Conserve Battery","floor":5},{"not_picked":["Reprogram","Hyperbeam"],"picked":"BootSequence","floor":7},{"not_picked":["Stack","Turbo","ReplayTheSpireMod:GoodbyeWorld"],"picked":"SKIP","floor":10},{"not_picked":["Gash","Ball Lightning"],"picked":"Beam Cell","floor":12},{"not_picked":["Force Field","Stack"],"picked":"Streamline","floor":13},{"not_picked":["Gash","Panic Button"],"picked":"Sunder","floor":14},{"not_picked":["All For One","hubris:DoWhile"],"picked":"Fission","floor":16},{"not_picked":["Turbo","Recycle","Redo"],"picked":"SKIP","floor":18},{"not_picked":["Go for the Eyes","Rebound"],"picked":"Redo+1","floor":21},{"not_picked":["Leap","Turbo"],"picked":"White Noise","floor":24},{"not_picked":["Panic Button","Sweeping Beam"],"picked":"White Noise","floor":27},{"not_picked":["BasicCrystalCard","FTL"],"picked":"ReplayTheSpireMod:Calculation Training","floor":28},{"not_picked":["ReplayTheSpireMod:System Scan","Stack","Reinforced Body"],"picked":"SKIP","floor":29}],"player_experience":966226,"relics_obtained":[{"floor":7,"key":"Bottled Flame"},{"floor":9,"key":"reliquary:BoilingFlask"},{"floor":10,"key":"Bag of Preparation"},{"floor":14,"key":"Nunchaku"},{"floor":24,"key":"reliquary:PartyBalloon"},{"floor":26,"key":"reliquary:RosewoodLute"},{"floor":28,"key":"Pocketwatch"},{"floor":28,"key":"Bottled Tornado"}],"event_choices":[{"damage_healed":0,"gold_gain":0,"player_choice":"Paid Gold","damage_taken":0,"relics_obtained":["Replay:PocketPolymizer"],"max_hp_gain":0,"max_hp_loss":0,"event_name":"WeMeetAgain","floor":2,"gold_loss":78},{"damage_healed":0,"gold_gain":0,"player_choice":"Upgraded","damage_taken":0,"max_hp_gain":0,"max_hp_loss":0,"event_name":"Upgrade Shrine","floor":11,"gold_loss":0,"cards_upgraded":["Ball Lightning"]},{"damage_healed":0,"gold_gain":200,"player_choice":"Gold","damage_taken":0,"max_hp_gain":0,"max_hp_loss":0,"event_name":"Wheel of Change","floor":19,"gold_loss":0},{"damage_healed":0,"gold_gain":0,"player_choice":"Fight","damage_taken":0,"max_hp_gain":0,"max_hp_loss":0,"event_name":"Colosseum","floor":28,"gold_loss":0},{"damage_healed":0,"gold_gain":0,"player_choice":"Fought Nobs","damage_taken":0,"max_hp_gain":0,"max_hp_loss":0,"event_name":"Colosseum","floor":28,"gold_loss":0}],"is_beta":false,"boss_relics":[{"not_picked":["Tiny House","ChewingGum"],"picked":"Snecko Heart"}],"items_purged_floors":[],"is_endless":false,"potions_floor_spawned":[5,12,13,16,18,27,28,29],"killed_by":"Slavers","ascension_level":15}}