{"host":"tzz1a4lp7gkxiavd","time":1613275365,"event":{"mods":["BaseMod","KomeijiMod","Minty Spire (QoL Compilation)","Youmu£¨»êÆÇÑýÃÎ£©","¡¾¹¦ÄÜMod¡¿Neow½±Àø"],"gold_per_floor":[175,175,190,248,248,248,279,291,314,314,327,339,356,531,531,632,632,648,648,659,536,635,635,665,665,665,265,279,279,279,311,311,413,413,413,413],"floor_reached":35,"language":"ZHS","playtime":2044,"items_purged":["Doubt"],"score":468,"play_id":"2edadb97-755a-4918-a647-c4e6f06d3863","local_time":"20210214120245","is_ascension_mode":false,"campfire_choices":[{"floor":6.0,"key":"RECALL"},{"floor":10.0,"key":"REST"},{"data":"PartStrengthen","floor":15.0,"key":"SMITH"},{"data":"MillenniumVampire","floor":23.0,"key":"SMITH"},{"data":"FateSonata","floor":25.0,"key":"SMITH"},{"floor":32.0,"key":"REST"}],"circlet_count":0,"master_deck":["Absorbed+1","RemiliaStretch_Remiria+1","BloodPact","PartStrengthen+1","FateSonata+1","RemiliaStalker","ChainGang","MillenniumVampire+1","ScarletNetherworld","FateConcerto","BloodCleaner","ScarletDestiny","BloodCoagulation","ThirstForBlood+1","MillenniumVampire","LifeBreak+1","ThirstForBlood+1","BadLadyScramble+1"],"relics":["ThirstyCrossSpe","Strawberry","Orichalcum","Whetstone","Pandora\u0027s Box","Toxic Egg 2","GoodDreamPillow","Juzu Bracelet","Omamori","Shuriken","Ancient Tea Set","Astrolabe"],"acts_visited":["Exordium","TheCity","TheBeyond"],"potions_floor_usage":[],"damage_taken":[{"damage":0.0,"enemies":"Jaw Worm","floor":1.0,"turns":4.0},{"damage":5.0,"enemies":"2 Louse","floor":3.0,"turns":2.0},{"damage":34.0,"enemies":"Lagavulin","floor":7.0,"turns":9.0},{"damage":0.0,"enemies":"Small Slimes","floor":8.0,"turns":2.0},{"damage":0.0,"enemies":"Gremlin Gang","floor":11.0,"turns":1.0},{"damage":0.0,"enemies":"Blue Slaver","floor":12.0,"turns":3.0},{"damage":0.0,"enemies":"Exordium Wildlife","floor":13.0,"turns":1.0},{"damage":4.0,"enemies":"Slime Boss","floor":16.0,"turns":5.0},{"damage":15.0,"enemies":"Shell Parasite","floor":18.0,"turns":7.0},{"damage":2.0,"enemies":"Spheric Guardian","floor":20.0,"turns":4.0},{"damage":46.0,"enemies":"Gremlin Leader","floor":24.0,"turns":7.0},{"damage":5.0,"enemies":"Snecko","floor":28.0,"turns":4.0},{"damage":16.0,"enemies":"Book of Stabbing","floor":31.0,"turns":5.0},{"damage":8.0,"enemies":"Champ","floor":33.0,"turns":9.0},{"damage":4,"enemies":"3 Darklings","floor":35,"turns":2}],"seed_played":"-8476400924981713133","potions_obtained":[{"floor":7.0,"key":"FearPotion"},{"floor":8.0,"key":"LiquidMemories"},{"floor":13.0,"key":"AttackPotion"},{"floor":31.0,"key":"Dexterity Potion"}],"is_trial":false,"path_per_floor":["M","?","M","?","?","R","E","M","T","R","M","M","M","?","R","B",null,"M","?","M","?","?","R","E","R","T","$","M","T","$","E","R","B",null,"M"],"character_chosen":"RemiriaScarlet","items_purchased":["FateEnsemble+1","BloodCoagulation","Omamori"],"campfire_rested":2,"item_purchase_floors":[27,27,27],"current_hp_per_floor":[107,107,102,102,102,102,68,68,68,100,100,100,100,100,100,96,107,96,96,94,94,94,94,53,53,53,53,56,56,56,49,81,81,107,103,103],"gold":413,"neow_bonus":"RANDOM_COMMON_RELIC","is_daily":false,"chose_seed":false,"campfire_upgraded":3,"win_rate":0.0,"timestamp":1613275365,"path_taken":["M","?","M","?","?","R","E","?","T","R","M","M","M","?","R","BOSS","M","?","?","?","?","R","E","R","T","$","M","?","$","E","R","BOSS","M"],"items_purchased_type":["Card","Card","Relic"],"build_version":"2020-12-22","purchased_purges":1,"victory":false,"max_hp_per_floor":[107,107,107,107,107,107,107,107,107,107,107,107,107,107,107,107,107,107,107,107,107,107,107,107,107,107,107,107,107,107,107,107,107,107,107,107],"card_choices":[{"not_picked":["CurseofVladTepes","Feint","StigmaNizer"],"picked":"SKIP","floor":1.0},{"not_picked":["FastHealing","Warpath"],"picked":"BloodPact","floor":3.0},{"not_picked":["Cripple","Impregnable","LifeBreak"],"picked":"SKIP","floor":7.0},{"not_picked":["NightDance","FastHealing"],"picked":"ServantFlier","floor":8.0},{"not_picked":["FierceSweep","ThirstForBlood"],"picked":"PartStrengthen","floor":11.0},{"not_picked":["BloodCleaner","DemonLordWalk","ThePrice"],"picked":"SKIP","floor":12.0},{"not_picked":["Impregnable","Culling","DamonLordCradle_Remiria"],"picked":"SKIP","floor":13.0},{"not_picked":["Septette","RemiliaStalker"],"picked":"FateSonata","floor":16.0},{"not_picked":["ServantFlier","BloodCleaner","BloodyMagicSquare"],"picked":"SKIP","floor":18.0},{"not_picked":["BodyStrengthen+1","Cripple+1","BloodCollect+1"],"picked":"SKIP","floor":20.0},{"not_picked":["DoubleEdge","BloodCleaner","RocketKickup+1"],"picked":"SKIP","floor":24.0},{"not_picked":["DoubleEdge","BloodCleaner","DemonLordWalk"],"picked":"SKIP","floor":28.0},{"not_picked":["BloodCleaner+1","FierceSweep+1"],"picked":"ThirstForBlood+1","floor":31.0},{"not_picked":["BombardNight","StarOfDavid"],"picked":"MillenniumVampire","floor":33.0}],"player_experience":113844,"relics_obtained":[{"floor":7.0,"key":"Orichalcum"},{"floor":9.0,"key":"Whetstone"},{"floor":19.0,"key":"Toxic Egg 2"},{"floor":24.0,"key":"Juzu Bracelet"},{"floor":29.0,"key":"Shuriken"},{"floor":31.0,"key":"Ancient Tea Set"}],"event_choices":[{"damage_healed":0.0,"max_hp_gain":0.0,"max_hp_loss":0.0,"gold_gain":0.0,"cards_transformed":["Strike_Remiria"],"event_name":"Living Wall","player_choice":"Change","floor":2.0,"gold_loss":0.0,"damage_taken":0.0,"cards_obtained":["RemiliaStretch_Remiria"]},{"damage_healed":0.0,"max_hp_gain":0.0,"max_hp_loss":0.0,"gold_gain":58.0,"event_name":"Golden Wing","player_choice":"Gained Gold","floor":4.0,"gold_loss":0.0,"damage_taken":0.0},{"damage_healed":0.0,"max_hp_gain":0.0,"max_hp_loss":0.0,"gold_gain":0.0,"event_name":"Upgrade Shrine","player_choice":"Upgraded","floor":5.0,"gold_loss":0.0,"damage_taken":0.0,"cards_upgraded":["Absorbed"]},{"damage_healed":0.0,"max_hp_gain":0.0,"max_hp_loss":0.0,"gold_gain":175.0,"event_name":"Liars Game","player_choice":"AGREE","floor":14.0,"gold_loss":0.0,"damage_taken":0.0,"cards_obtained":["Doubt"]},{"damage_healed":0.0,"max_hp_gain":0.0,"max_hp_loss":0.0,"gold_gain":0.0,"event_name":"Wheel of Change","player_choice":"Relic","floor":19.0,"gold_loss":0.0,"damage_taken":0.0},{"damage_healed":0.0,"max_hp_gain":0.0,"max_hp_loss":0.0,"gold_gain":99.0,"event_name":"Nest","player_choice":"Stole From Cult","floor":22.0,"gold_loss":0.0,"damage_taken":0.0}],"is_beta":false,"boss_relics":[{"not_picked":["SacredBark","SlaversCollar"],"picked":"Pandora\u0027s Box"},{"not_picked":["Calling Bell","Empty Cage"],"picked":"Astrolabe"}],"items_purged_floors":[27],"is_endless":false,"potions_floor_spawned":[7,8,13,31,33],"killed_by":"3 Darklings","ascension_level":0}}