{"host":"4eao2pkwlmv012cz","time":1613279669,"event":{"mods":["BaseMod","Bestiary","Bossed Relics","Colored Powertips","Minty Spire (QoL Compilation)","Permanent Neow","Quick Restart","Random Character Button","StSLib","Weighted Paths"],"gold_per_floor":[144,189,364,364,364,364,454,454,454,544,589,589,634,679,679,979,979,1024,519,719,764,147,192,192,282,332,377,377,422,467,512,512,812,812,857,452,452,112,157,247,292,382,457,469,526,538,640,697,709,721],"floor_reached":51,"language":"ENG","playtime":3103,"items_purged":["Doubt","CrushJoints"],"score":994,"play_id":"8b735929-c3dd-45ca-bf66-337ba8bb8720","local_time":"20210214001429","daily_mods":["Draft","Diverse","Midas"],"is_ascension_mode":false,"campfire_choices":[{"floor":6,"key":"REST"},{"floor":8,"key":"REST"},{"floor":12,"key":"REST"},{"floor":15,"key":"REST"},{"floor":24,"key":"REST"},{"floor":28,"key":"REST"},{"floor":32,"key":"REST"},{"floor":44,"key":"REST"},{"floor":46,"key":"REST"},{"floor":49,"key":"REST"}],"circlet_count":0,"master_deck":["Consecrate","Conserve Battery","Ball Lightning","Collect","Cold Snap","Capacitor+1","CrushJoints+1","BattleHymn","Escape Plan+1","Clothesline","Hologram","BowlingBash","Thunderclap","SashWhip","Conclude","BootSequence","Bouncing Flask","Seeing Red","White Noise","Ball Lightning","Shrug It Off","After Image","CurseOfTheBell","Body Slam","Apotheosis+1","Capacitor","LessonLearned","Die Die Die","Storm","Venomology","Shrug It Off+1","Turbo+1","Panache","Warcry+1","Ball Lightning","Brutality","Ball Lightning","Rainbow","Steam+1","Defragment","Chill","Die Die Die","Static Discharge+1","White Noise+1","Capacitor+1","Evolve+1","Doom and Gloom+1","True Grit+1","Storm+1"],"relics":["Burning Blood","Red Skull","Pear","Bottled Tornado","Calling Bell","Art of War","Matryoshka","Thread and Needle","Membership Card","Anchor","Shuriken","Orrery","TungstenRod","Dead Branch","Orichalcum","Centennial Puzzle","Smiling Mask","SlaversCollar","Paper Frog","Self Forming Clay","White Beast Statue","Sling","Omamori","Vajra","MawBank","Frozen Egg 2","Sundial"],"acts_visited":["Exordium","TheCity","TheBeyond"],"potions_floor_usage":[7,7,16,25,25,29,31,33,33,33,35,35,35,40,42,42,47,47,48,50,50,50,50],"damage_taken":[{"damage":9,"enemies":"Jaw Worm","floor":1,"turns":3},{"damage":2,"enemies":"Cultist","floor":2,"turns":3},{"damage":24,"enemies":"Lagavulin","floor":7,"turns":6},{"damage":27,"enemies":"3 Sentries","floor":10,"turns":5},{"damage":2,"enemies":"2 Louse","floor":11,"turns":2},{"damage":6,"enemies":"Red Slaver","floor":13,"turns":4},{"damage":0,"enemies":"Large Slime","floor":14,"turns":3},{"damage":32,"enemies":"Hexaghost","floor":16,"turns":8},{"damage":14,"enemies":"2 Thieves","floor":18,"turns":5},{"damage":5,"enemies":"3 Byrds","floor":21,"turns":6},{"damage":25,"enemies":"Cultist and Chosen","floor":23,"turns":6},{"damage":57,"enemies":"Book of Stabbing","floor":25,"turns":6},{"damage":8,"enemies":"Shelled Parasite and Fungi","floor":27,"turns":4},{"damage":0,"enemies":"Centurion and Healer","floor":29,"turns":4},{"damage":9,"enemies":"Snecko","floor":30,"turns":4},{"damage":2,"enemies":"Shelled Parasite and Fungi","floor":31,"turns":3},{"damage":24,"enemies":"Automaton","floor":33,"turns":8},{"damage":21,"enemies":"3 Darklings","floor":35,"turns":5},{"damage":5,"enemies":"Orb Walker","floor":39,"turns":4},{"damage":2,"enemies":"Giant Head","floor":40,"turns":5},{"damage":4,"enemies":"Writhing Mass","floor":41,"turns":6},{"damage":7,"enemies":"Reptomancer","floor":42,"turns":5},{"damage":3,"enemies":"4 Shapes","floor":45,"turns":4},{"damage":0,"enemies":"Nemesis","floor":47,"turns":5},{"damage":22,"enemies":"Jaw Worm Horde","floor":48,"turns":4},{"damage":29,"enemies":"Donu and Deca","floor":50,"turns":6}],"seed_played":"-463004689936713651","potions_obtained":[{"floor":1,"key":"Ancient Potion"},{"floor":2,"key":"Weak Potion"},{"floor":10,"key":"PowerPotion"},{"floor":16,"key":"SmokeBomb"},{"floor":25,"key":"BlessingOfTheForge"},{"floor":29,"key":"LiquidBronze"},{"floor":30,"key":"BlessingOfTheForge"},{"floor":33,"key":"SkillPotion"},{"floor":39,"key":"EssenceOfSteel"},{"floor":40,"key":"DuplicationPotion"},{"floor":42,"key":"AttackPotion"},{"floor":45,"key":"DuplicationPotion"},{"floor":47,"key":"Regen Potion"},{"floor":48,"key":"FearPotion"}],"is_trial":false,"path_per_floor":["M","M","?","?","?","R","E","R","T","E","M","R","M","M","R","B",null,"M","$","?","M","$","M","R","E","T","M","R","M","M","M","R","B",null,"M","$","?","$","M","E","M","E","T","R","M","R","E","M","R","B",null],"character_chosen":"IRONCLAD","items_purchased":["Membership Card","Apotheosis","Anchor","Shuriken","Capacitor","LessonLearned","Die Die Die","Orrery","TungstenRod","Dead Branch","Panache","Defragment","Chill","Paper Frog","Self Forming Clay","Die Die Die","White Beast Statue","Sling","Static Discharge","Energy Potion","AttackPotion"],"campfire_rested":10,"item_purchase_floors":[19,19,19,19,19,22,22,22,22,22,22,36,36,36,36,36,38,38,38,38,38],"current_hp_per_floor":[77,80,80,64,69,85,67,85,95,74,78,95,95,95,95,69,95,87,87,87,88,88,69,95,53,53,51,79,85,82,86,95,77,95,80,80,80,80,81,85,87,86,86,95,95,95,95,79,95,81],"gold":733,"neow_bonus":"","is_daily":true,"chose_seed":false,"campfire_upgraded":0,"win_rate":0.0,"timestamp":1613279669,"path_taken":["M","M","?","?","?","R","E","R","T","E","M","R","M","M","R","BOSS","M","$","?","M","$","M","R","E","T","?","R","M","M","M","R","BOSS","M","$","?","$","M","E","M","E","T","R","?","R","E","M","R","BOSS"],"items_purchased_type":["Relic","Card","Relic","Relic","Card","Card","Card","Relic","Relic","Relic","Card","Card","Card","Relic","Relic","Card","Relic","Relic","Card","Potion","Potion"],"build_version":"2020-12-22","purchased_purges":2,"victory":true,"max_hp_per_floor":[80,80,80,80,85,85,85,85,95,95,95,95,95,95,95,95,95,95,95,95,95,95,95,95,95,95,95,95,95,95,95,95,95,95,95,95,95,95,95,95,95,95,95,95,95,95,95,95,95,95],"card_choices":[{"not_picked":["Recycle","Go for the Eyes"],"picked":"Consecrate","floor":0},{"not_picked":["Terror","Shrug It Off"],"picked":"Conserve Battery","floor":0},{"not_picked":["Accuracy","SashWhip"],"picked":"Ball Lightning","floor":0},{"not_picked":["WindmillStrike","Dodge and Roll"],"picked":"Collect","floor":0},{"not_picked":["White Noise","Calculated Gamble"],"picked":"Cold Snap","floor":0},{"not_picked":["Study","Acrobatics"],"picked":"Capacitor","floor":0},{"not_picked":["Stack","Halt"],"picked":"CrushJoints","floor":0},{"not_picked":["Redo","Stack"],"picked":"BattleHymn","floor":0},{"not_picked":["Leap","Clash"],"picked":"CrushJoints","floor":0},{"not_picked":["Slice","Stack"],"picked":"Escape Plan","floor":0},{"not_picked":["Dodge and Roll","ForeignInfluence"],"picked":"Clothesline","floor":0},{"not_picked":["Searing Blow","Turbo"],"picked":"Hologram","floor":0},{"not_picked":["Cloak And Dagger","Searing Blow"],"picked":"BowlingBash","floor":0},{"not_picked":["CutThroughFate","Havoc"],"picked":"Thunderclap","floor":0},{"not_picked":["Warcry","Reflex"],"picked":"SashWhip","floor":0},{"not_picked":["Outmaneuver","BowlingBash"],"picked":"Conclude","floor":1},{"not_picked":["BowlingBash","Barrage"],"picked":"BootSequence","floor":2},{"not_picked":["Recycle","Scrawl"],"picked":"Bouncing Flask","floor":7},{"not_picked":["Leap","Deflect"],"picked":"Seeing Red","floor":10},{"not_picked":["Blur","InnerPeace"],"picked":"White Noise","floor":11},{"not_picked":["Pommel Strike","Metallicize"],"picked":"Ball Lightning","floor":13},{"not_picked":["Bane","True Grit"],"picked":"Shrug It Off","floor":14},{"not_picked":["Seek","Reaper"],"picked":"After Image","floor":16},{"not_picked":["Deflect","Rebound"],"picked":"Body Slam","floor":18},{"not_picked":["Capacitor+1","Underhanded Strike","Heatsinks"],"picked":"SKIP","floor":21},{"not_picked":["Steam Power","Dodge and Roll"],"picked":"Storm","floor":22},{"not_picked":["Dagger Throw","Cleave"],"picked":"Venomology","floor":22},{"not_picked":["SignatureMove+1","Doom and Gloom"],"picked":"Shrug It Off+1","floor":22},{"not_picked":["Steam","Thunderclap"],"picked":"Turbo+1","floor":22},{"not_picked":["Quick Slash","Clash"],"picked":"Warcry+1","floor":23},{"not_picked":["Gash+1","Fire Breathing"],"picked":"Ball Lightning","floor":25},{"not_picked":["Setup+1","Darkness","Streamline+1"],"picked":"SKIP","floor":27},{"not_picked":["Beam Cell","Flex","Reckless Charge"],"picked":"SKIP","floor":29},{"not_picked":["Seeing Red","Shrug It Off"],"picked":"Brutality","floor":30},{"not_picked":["Rip and Tear+1","Weave"],"picked":"Ball Lightning","floor":31},{"not_picked":["Buffer","Glass Knife"],"picked":"Rainbow","floor":33},{"not_picked":["Infinite Blades","Perfected Strike"],"picked":"Steam+1","floor":35},{"not_picked":["Clash+1","Thunderclap+1"],"picked":"White Noise+1","floor":39},{"not_picked":["Prepared","Burning Pact+1"],"picked":"Capacitor+1","floor":40},{"not_picked":["SandsOfTime","Eviscerate+1","EmptyMind+1"],"picked":"SKIP","floor":41},{"not_picked":["Sword Boomerang+1","Rampage"],"picked":"Evolve+1","floor":42},{"not_picked":["Headbutt","MentalFortress+1"],"picked":"Doom and Gloom+1","floor":45},{"not_picked":["Reflex+1","Conserve Battery+1"],"picked":"True Grit+1","floor":47},{"not_picked":["Impervious","Redo+1"],"picked":"Storm+1","floor":48}],"player_experience":2933241,"relics_obtained":[{"floor":7,"key":"Red Skull"},{"floor":9,"key":"Pear"},{"floor":10,"key":"Bottled Tornado"},{"floor":17,"key":"Art of War"},{"floor":17,"key":"Matryoshka"},{"floor":17,"key":"Thread and Needle"},{"floor":25,"key":"Orichalcum"},{"floor":26,"key":"Centennial Puzzle"},{"floor":26,"key":"Smiling Mask"},{"floor":40,"key":"Omamori"},{"floor":42,"key":"Vajra"},{"floor":43,"key":"MawBank"},{"floor":43,"key":"Frozen Egg 2"},{"floor":47,"key":"Sundial"}],"event_choices":[{"damage_healed":0,"gold_gain":175,"player_choice":"AGREE","damage_taken":0,"max_hp_gain":0,"max_hp_loss":0,"event_name":"Liars Game","floor":3,"gold_loss":0,"cards_obtained":["Doubt"]},{"damage_healed":0,"gold_gain":0,"player_choice":"Entered Light","damage_taken":16,"max_hp_gain":0,"max_hp_loss":0,"event_name":"Shining Light","floor":4,"gold_loss":0,"cards_upgraded":["Capacitor","Escape Plan"]},{"damage_healed":0,"gold_gain":0,"player_choice":"Donut","damage_taken":0,"max_hp_gain":5,"max_hp_loss":0,"event_name":"Big Fish","floor":5,"gold_loss":0},{"damage_healed":0,"gold_gain":200,"player_choice":"Gold","damage_taken":0,"max_hp_gain":0,"max_hp_loss":0,"event_name":"Wheel of Change","floor":20,"gold_loss":0},{"damage_healed":0,"gold_gain":0,"player_choice":"Upgraded","damage_taken":0,"max_hp_gain":0,"max_hp_loss":0,"event_name":"Upgrade Shrine","floor":37,"gold_loss":0,"cards_upgraded":["Apotheosis"]}],"is_beta":false,"boss_relics":[{"not_picked":["Empty Cage","Philosopher\u0027s Stone"],"picked":"Calling Bell"},{"not_picked":["Velvet Choker","Runic Pyramid"],"picked":"SlaversCollar"}],"items_purged_floors":[19,38],"is_endless":false,"potions_floor_spawned":[1,2,10,16,25,29,30,33,39,40,41,42,45,47,48],"ascension_level":0}}