{"host":"q5l3nirlejh5mn15","time":1613282751,"event":{"mods":["BaseMod","Bossed Relics","Downfall","Energized Spire","FoggyMod","Hermit","Koishi","Lobotomy","LobotomyExtend","Marisa£®ÏF”Í°°ƒß¿Ì…≥£©","Minty Spire (QoL Compilation)","MostiFishMod","Reimu£®≤©¿ˆ¡È√Œ£©","Relic Filter Mod","Reliquary","Remilia£®¿Ÿ√◊¿Ú—«£©","RumiaBox-¬∂√◊Ê´µƒ…Ò√ÿ∫–◊”","Spicy Shops","StSLib","TestMod","The Hierophant","The Servant 0.9.4","UnlockEverythingMod","°æπ¶ƒ‹Mod°øªÏ„Á÷Æª∑–ﬁ∏¥≤π∂°","°æ“≈ŒÔø®≈∆°øREMEMod"],"gold_per_floor":[128,128,139,414,431,431,466,10,37,37,37,37,37],"floor_reached":12,"language":"ZHS","playtime":390,"items_purged":[],"score":76,"play_id":"2ed1caf5-bf96-444a-9eef-46075dd7e9f7","local_time":"20210214140551","is_ascension_mode":false,"campfire_choices":[{"data":"ParadiseLost","floor":6,"key":"SMITH"},{"data":"hermit:Purgatory","floor":10,"key":"SMITH"}],"circlet_count":0,"master_deck":["hermit:Strike_Hermit","hermit:Strike_Hermit","hermit:Strike_Hermit","hermit:Strike_Hermit","hermit:Defend_Hermit","hermit:Defend_Hermit","hermit:Defend_Hermit","hermit:Defend_Hermit","hermit:Snapshot","hermit:Covet","ParadiseLost+1","hermit:TakeCover","Bloodbath","Pain","hermit:ShadowCloak","Scorched","Regret","FairyFestival","hermit:Deadeye","hermit:Purgatory+1","Murderer","hermit:BigShot"],"relics":["hermit:Momento","DaveBox","testmod-TestBox","REME_ComplimentaryCards","testmod-CrystalShield","RhineFirstAidKit","CogitoBucket","SynthV:TestCard","Baka","LetterFromLob","WarpedTongs","MealTicket","MoreBug","testmod-Faith","Mastiff:ReiMu","Blue Candle"],"acts_visited":["Exordium"],"potions_floor_usage":[],"damage_taken":[{"damage":1,"enemies":"Jaw Worm","floor":1,"turns":3},{"damage":2,"enemies":"Cultist","floor":3,"turns":4},{"damage":0,"enemies":"2 Louse","floor":5,"turns":1},{"damage":14,"enemies":"3 Sentries","floor":7,"turns":5},{"damage":103,"enemies":"Gremlin Nob","floor":12,"turns":5}],"seed_played":"-5760478433577296299","potions_obtained":[{"floor":1,"key":"SpeedPotion"},{"floor":3,"key":"Dexterity Potion"},{"floor":5,"key":"champ:CounterPotion"}],"is_trial":false,"path_per_floor":["M","?","M","?","M","R","E","$","T","R","?","E"],"character_chosen":"HERMIT","items_purchased":["MoreBug","testmod-Faith","hermit:BigShot"],"campfire_rested":0,"item_purchase_floors":[8,8,8],"current_hp_per_floor":[74,74,72,72,72,72,72,75,75,75,70,0,0],"gold":37,"neow_bonus":"","is_daily":false,"chose_seed":false,"campfire_upgraded":2,"win_rate":0.0,"timestamp":1613282751,"path_taken":["M","?","?","?","?","R","E","?","T","R","?","E"],"items_purchased_type":["Relic","Relic","Card"],"build_version":"2020-12-22","purchased_purges":0,"victory":false,"max_hp_per_floor":[75,75,75,75,75,75,75,75,75,75,75,75,75],"card_choices":[{"not_picked":["hermit:SprayPray","hermit:Vantage"],"picked":"hermit:TakeCover","floor":1},{"not_picked":["UniverseFragment","VoidDream"],"picked":"Bloodbath","floor":1},{"not_picked":["hermit:WideOpen","hermit:Gestalt","hermit:Manifest","hermit:Coalescence"],"picked":"hermit:ShadowCloak","floor":3},{"not_picked":["DreamingCurrent","SpiderBud"],"picked":"Scorched","floor":3},{"not_picked":["NakedNest","CherryBlossoms"],"picked":"FairyFestival","floor":5},{"not_picked":["hermit:SprayPray","hermit:Desperado","hermit:Coalescence","hermit:Misfire"],"picked":"hermit:Deadeye","floor":5},{"not_picked":["hermit:Feint","hermit:FatalDesire","hermit:Glare","hermit:Headshot"],"picked":"hermit:Purgatory","floor":7},{"not_picked":["PunishingBird","Alriune"],"picked":"Murderer","floor":7}],"player_experience":265985,"relics_obtained":[{"floor":1,"key":"SynthV:TestCard"},{"floor":1,"key":"Baka"},{"floor":1,"key":"LetterFromLob"},{"floor":7,"key":"MealTicket"},{"floor":9,"key":"Mastiff:ReiMu"}],"event_choices":[{"damage_healed":0,"gold_gain":0,"player_choice":"Rummage","damage_taken":0,"relics_obtained":["WarpedTongs"],"max_hp_gain":0,"max_hp_loss":0,"event_name":"Accursed Blacksmith","floor":2,"gold_loss":0,"cards_obtained":["Pain"]},{"damage_healed":0,"gold_gain":275,"player_choice":"Desecrate","damage_taken":0,"max_hp_gain":0,"max_hp_loss":0,"event_name":"Golden Shrine","floor":4,"gold_loss":0,"cards_obtained":["Regret"]}],"is_beta":false,"boss_relics":[],"items_purged_floors":[],"is_endless":false,"potions_floor_spawned":[1,3,5],"killed_by":"Gremlin Nob","ascension_level":0}}