{"host":"cijwx898anu8dehj","time":1613267476,"event":{"mods":["AchievementEnabler","AlwaysNeverKeys","BaseMod","Colored Map","Colored Powertips","Highlight Path","Minty Spire (QoL Compilation)","Rare Cards Sparkle","Relic Stats","Slay-I"],"gold_per_floor":[144,189,189,189,189,189,279,324,324,414,459,504,549,594,594,894,894,939,506,551,596,641,731,731,776,826,871,961,1006,1006,1051,1051,1351,1351,1396,1129,1129,766,811,901,946,1036,1111,1111,1177,1177,1267,1312,1312,1312],"floor_reached":51,"language":"ENG","playtime":4499,"items_purged":["Halt"],"score":968,"play_id":"dfa41823-4014-4b42-8cbd-8d3a45e36f31","local_time":"20210213235116","daily_mods":["Draft","Diverse","Midas"],"is_ascension_mode":false,"campfire_choices":[{"floor":6,"key":"REST"},{"floor":15,"key":"REST"},{"floor":24,"key":"REST"},{"floor":32,"key":"REST"},{"floor":44,"key":"REST"},{"floor":46,"key":"REST"},{"floor":49,"key":"REST"}],"circlet_count":0,"master_deck":["Consecrate","Shrug It Off+1","Ball Lightning+1","Collect","White Noise+1","Capacitor+1","BattleHymn+1","Leap+1","Escape Plan+1","Clothesline+1","Hologram+1","Cloak And Dagger","CutThroughFate","Warcry","Conclude","BootSequence","Leap","Blur+1","Metallicize","Shrug It Off","Conclude+1","LessonLearned","Apotheosis+1","Crippling Poison+1","Shrug It Off","Brilliance","Chill","Die Die Die","Madness","Madness","White Noise+1","SandsOfTime","Impervious"],"relics":["Burning Blood","Red Skull","Pear","Bottled Tornado","Philosopher\u0027s Stone","Membership Card","Anchor","Shuriken","Art of War","Orichalcum","Matryoshka","FaceOfCleric","Runic Pyramid","TungstenRod","Self Forming Clay","OrangePellets","Paper Frog","Centennial Puzzle","Smiling Mask","Omamori","Frozen Egg 2","Thread and Needle","Sundial"],"acts_visited":["Exordium","TheCity","TheBeyond"],"potions_floor_usage":[10,16,21,23,33,42,50],"damage_taken":[{"damage":8,"enemies":"Jaw Worm","floor":1,"turns":3},{"damage":0,"enemies":"Cultist","floor":2,"turns":3},{"damage":0,"enemies":"Lagavulin","floor":7,"turns":6},{"damage":0,"enemies":"2 Louse","floor":8,"turns":2},{"damage":6,"enemies":"3 Sentries","floor":10,"turns":5},{"damage":0,"enemies":"Red Slaver","floor":11,"turns":5},{"damage":0,"enemies":"Large Slime","floor":12,"turns":6},{"damage":0,"enemies":"Exordium Wildlife","floor":13,"turns":2},{"damage":10,"enemies":"Exordium Thugs","floor":14,"turns":4},{"damage":29,"enemies":"Hexaghost","floor":16,"turns":11},{"damage":16,"enemies":"2 Thieves","floor":18,"turns":4},{"damage":31,"enemies":"3 Byrds","floor":20,"turns":4},{"damage":8,"enemies":"Cultist and Chosen","floor":21,"turns":6},{"damage":4,"enemies":"Shelled Parasite and Fungi","floor":22,"turns":5},{"damage":12,"enemies":"Book of Stabbing","floor":23,"turns":5},{"damage":0,"enemies":"Centurion and Healer","floor":25,"turns":7},{"damage":13,"enemies":"Snecko","floor":27,"turns":5},{"damage":4,"enemies":"Slavers","floor":28,"turns":4},{"damage":11,"enemies":"Shelled Parasite and Fungi","floor":29,"turns":4},{"damage":8,"enemies":"Cultist and Chosen","floor":31,"turns":5},{"damage":17,"enemies":"Automaton","floor":33,"turns":9},{"damage":10,"enemies":"3 Darklings","floor":35,"turns":4},{"damage":0,"enemies":"Orb Walker","floor":39,"turns":4},{"damage":0,"enemies":"Giant Head","floor":40,"turns":7},{"damage":6,"enemies":"Writhing Mass","floor":41,"turns":9},{"damage":0,"enemies":"Reptomancer","floor":42,"turns":6},{"damage":39,"enemies":"2 Orb Walkers","floor":45,"turns":5},{"damage":0,"enemies":"Nemesis","floor":47,"turns":7},{"damage":0,"enemies":"4 Shapes","floor":48,"turns":4},{"damage":0,"enemies":"Donu and Deca","floor":50,"turns":10}],"seed_played":"-463004689936713651","potions_obtained":[{"floor":1,"key":"Ancient Potion"},{"floor":2,"key":"Weak Potion"},{"floor":8,"key":"PowerPotion"},{"floor":13,"key":"SmokeBomb"},{"floor":21,"key":"Energy Potion"},{"floor":27,"key":"ElixirPotion"},{"floor":28,"key":"Strength Potion"},{"floor":31,"key":"FearPotion"},{"floor":33,"key":"CultistPotion"},{"floor":42,"key":"LiquidMemories"}],"is_trial":false,"path_per_floor":["M","M","?","?","?","R","E","M","T","E","M","M","M","M","R","B",null,"M","$","M","M","M","E","R","M","T","M","E","M","?","M","R","B",null,"M","$","?","$","M","E","M","E","T","R","?","R","E","M","R","B",null],"character_chosen":"IRONCLAD","items_purchased":["Membership Card","Anchor","Shuriken","Apotheosis","TungstenRod","Chill","Die Die Die","Self Forming Clay","OrangePellets","Paper Frog"],"campfire_rested":7,"item_purchase_floors":[19,19,19,19,36,36,36,38,38,38],"current_hp_per_floor":[78,80,80,64,69,85,85,85,95,95,95,95,95,91,95,72,95,85,85,60,58,60,54,82,88,88,81,83,78,78,77,96,86,97,94,94,83,83,90,97,98,102,102,102,70,100,104,105,105,106],"gold":1312,"neow_bonus":"","is_daily":true,"chose_seed":false,"campfire_upgraded":0,"win_rate":0.0,"timestamp":1613267476,"path_taken":["M","M","?","?","?","R","E","M","T","E","M","M","?","M","R","BOSS","M","$","M","M","M","E","R","?","T","M","E","M","?","M","R","BOSS","M","$","?","$","M","E","M","E","T","R","?","R","E","M","R","BOSS"],"items_purchased_type":["Relic","Relic","Relic","Card","Relic","Card","Card","Relic","Relic","Relic"],"build_version":"2020-12-22","purchased_purges":1,"victory":true,"max_hp_per_floor":[80,80,80,80,85,85,85,85,95,95,95,95,95,95,95,95,95,95,95,95,95,95,95,95,95,95,95,95,95,95,96,96,97,97,98,98,98,98,99,100,101,102,102,102,103,103,104,105,105,106],"relic_stats":{"counters":[30,161],"Self Forming Clay":[12],"Orichalcum":[42],"Smiling Mask":0,"Burning Blood":128,"OrangePellets":[5],"Centennial Puzzle":[6],"FaceOfCleric":11,"Shuriken":[49],"Sundial":[0],"Art of War":[14],"obtain_stats":[{"Pear":9,"Self Forming Clay":38,"Thread and Needle":45,"Omamori":43,"Bottled Tornado":10,"Orichalcum":26,"Frozen Egg 2":43,"Smiling Mask":42,"Burning Blood":0,"OrangePellets":38,"Anchor":19,"Centennial Puzzle":40,"Matryoshka":28,"FaceOfCleric":30,"Shuriken":19,"Sundial":47,"Philosopher\u0027s Stone":17,"Art of War":23,"Membership Card":19,"Red Skull":7,"TungstenRod":36,"Runic Pyramid":34,"Paper Frog":38},{"Pear":4,"Self Forming Clay":22,"Thread and Needle":27,"Omamori":26,"Bottled Tornado":5,"Orichalcum":16,"Frozen Egg 2":26,"Smiling Mask":26,"Burning Blood":0,"OrangePellets":22,"Anchor":11,"Centennial Puzzle":24,"Matryoshka":18,"FaceOfCleric":19,"Shuriken":11,"Sundial":28,"Philosopher\u0027s Stone":10,"Art of War":15,"Membership Card":11,"Red Skull":3,"TungstenRod":22,"Runic Pyramid":21,"Paper Frog":22},{"Pear":14,"Self Forming Clay":109,"Thread and Needle":140,"Omamori":135,"Bottled Tornado":19,"Orichalcum":78,"Frozen Egg 2":135,"Smiling Mask":135,"Burning Blood":0,"OrangePellets":109,"Anchor":51,"Centennial Puzzle":120,"Matryoshka":87,"FaceOfCleric":91,"Shuriken":51,"Sundial":147,"Philosopher\u0027s Stone":47,"Art of War":71,"Membership Card":51,"Red Skull":12,"TungstenRod":109,"Runic Pyramid":105,"Paper Frog":109}],"TungstenRod":6},"card_choices":[{"not_picked":["Recycle","Go for the Eyes"],"picked":"Consecrate","floor":0},{"not_picked":["Terror","Conserve Battery"],"picked":"Shrug It Off","floor":0},{"not_picked":["Accuracy","SashWhip"],"picked":"Ball Lightning","floor":0},{"not_picked":["WindmillStrike","Dodge and Roll"],"picked":"Collect","floor":0},{"not_picked":["Cold Snap","Calculated Gamble"],"picked":"White Noise","floor":0},{"not_picked":["Study","Acrobatics"],"picked":"Capacitor","floor":0},{"not_picked":["Stack","CrushJoints"],"picked":"Halt","floor":0},{"not_picked":["Redo","Stack"],"picked":"BattleHymn","floor":0},{"not_picked":["CrushJoints","Clash"],"picked":"Leap","floor":0},{"not_picked":["Slice","Stack"],"picked":"Escape Plan","floor":0},{"not_picked":["Dodge and Roll","ForeignInfluence"],"picked":"Clothesline","floor":0},{"not_picked":["Searing Blow","Turbo"],"picked":"Hologram","floor":0},{"not_picked":["Searing Blow","BowlingBash"],"picked":"Cloak And Dagger","floor":0},{"not_picked":["Havoc","Thunderclap"],"picked":"CutThroughFate","floor":0},{"not_picked":["SashWhip","Reflex"],"picked":"Warcry","floor":0},{"not_picked":["Outmaneuver","BowlingBash"],"picked":"Conclude","floor":1},{"not_picked":["BowlingBash","Barrage"],"picked":"BootSequence","floor":2},{"not_picked":["Recycle","Scrawl","Bouncing Flask"],"picked":"SKIP","floor":7},{"not_picked":["Seeing Red","Deflect"],"picked":"Leap","floor":8},{"not_picked":["White Noise","InnerPeace"],"picked":"Blur","floor":10},{"not_picked":["Pommel Strike","Ball Lightning"],"picked":"Metallicize","floor":11},{"not_picked":["Bane","True Grit"],"picked":"Shrug It Off","floor":12},{"not_picked":["Clothesline","Hello World"],"picked":"Conclude","floor":13},{"not_picked":["Dagger Throw","Demon Form","Barrage"],"picked":"SKIP","floor":14},{"not_picked":["Corpse Explosion","All For One"],"picked":"LessonLearned","floor":16},{"not_picked":["Deflect","Body Slam","Rebound"],"picked":"SKIP","floor":18},{"not_picked":["Capacitor+1","Underhanded Strike","Heatsinks"],"picked":"SKIP","floor":20},{"not_picked":["Caltrops","Storm"],"picked":"Crippling Poison+1","floor":21},{"not_picked":["FollowUp","Consecrate","Blade Dance"],"picked":"SKIP","floor":22},{"not_picked":["WreathOfFlame","PathToVictory","Dagger Spray+1"],"picked":"SKIP","floor":23},{"not_picked":["Thunderclap+1","Shockwave","Pummel"],"picked":"SKIP","floor":25},{"not_picked":["Outmaneuver","Steam","Turbo"],"picked":"SKIP","floor":27},{"not_picked":["FollowUp","Fiend Fire"],"picked":"Shrug It Off","floor":28},{"not_picked":["Rebound","Go for the Eyes","Adaptation+1"],"picked":"SKIP","floor":29},{"not_picked":["Acrobatics","InnerPeace","CarveReality"],"picked":"SKIP","floor":31},{"not_picked":["Omniscience","Alpha"],"picked":"Brilliance","floor":33},{"not_picked":["Infinite Blades","Steam+1","Perfected Strike"],"picked":"SKIP","floor":35},{"not_picked":["Clash+1","Thunderclap+1"],"picked":"White Noise+1","floor":39},{"not_picked":["Capacitor+1","Prepared","Burning Pact+1"],"picked":"SKIP","floor":40},{"not_picked":["Eviscerate+1","EmptyMind+1"],"picked":"SandsOfTime","floor":41},{"not_picked":["Sword Boomerang+1","Rampage","Evolve+1"],"picked":"SKIP","floor":42},{"not_picked":["Reflex+1","Conserve Battery+1","True Grit+1"],"picked":"SKIP","floor":47},{"not_picked":["Redo+1","Storm+1"],"picked":"Impervious","floor":48}],"player_experience":1148466,"relics_obtained":[{"floor":7,"key":"Red Skull"},{"floor":9,"key":"Pear"},{"floor":10,"key":"Bottled Tornado"},{"floor":23,"key":"Art of War"},{"floor":26,"key":"Orichalcum"},{"floor":28,"key":"Matryoshka"},{"floor":40,"key":"Centennial Puzzle"},{"floor":42,"key":"Smiling Mask"},{"floor":43,"key":"Omamori"},{"floor":43,"key":"Frozen Egg 2"},{"floor":45,"key":"Thread and Needle"},{"floor":47,"key":"Sundial"}],"event_choices":[{"damage_healed":0,"gold_gain":0,"player_choice":"Ignored","damage_taken":0,"max_hp_gain":0,"max_hp_loss":0,"event_name":"Liars Game","floor":3,"gold_loss":0},{"damage_healed":0,"gold_gain":0,"player_choice":"Entered Light","damage_taken":16,"max_hp_gain":0,"max_hp_loss":0,"event_name":"Shining Light","floor":4,"gold_loss":0,"cards_upgraded":["Capacitor","Escape Plan"]},{"damage_healed":0,"gold_gain":0,"player_choice":"Donut","damage_taken":0,"max_hp_gain":5,"max_hp_loss":0,"event_name":"Big Fish","floor":5,"gold_loss":0},{"damage_healed":0,"gold_gain":0,"player_choice":"Trade","damage_taken":0,"relics_obtained":["FaceOfCleric"],"max_hp_gain":0,"max_hp_loss":0,"event_name":"FaceTrader","floor":30,"gold_loss":0},{"damage_healed":0,"gold_gain":0,"player_choice":"Embrace Madness","damage_taken":12,"max_hp_gain":0,"max_hp_loss":0,"event_name":"Winding Halls","floor":37,"gold_loss":0,"cards_obtained":["Madness","Madness"]},{"damage_healed":0,"gold_gain":0,"player_choice":"Fight","damage_taken":0,"max_hp_gain":0,"max_hp_loss":0,"event_name":"Mysterious Sphere","floor":45,"gold_loss":0}],"is_beta":false,"boss_relics":[{"not_picked":["Calling Bell","Empty Cage"],"picked":"Philosopher\u0027s Stone"},{"not_picked":["Velvet Choker","SlaversCollar"],"picked":"Runic Pyramid"}],"items_purged_floors":[38],"is_endless":false,"potions_floor_spawned":[1,2,8,13,21,27,28,31,33,35,42,48],"ascension_level":0}}