{"host":"fnndj664xgd3vavt","time":1613320235,"event":{"mods":["AchievementEnabler","BaseMod","Colored Powertips","DeckTracker","Downfall","Hermit","Highlight Path","Infinite Spire","Marisa????????","Minty Spire (QoL Compilation)","Quick Restart","Random Character Button","Replay The Spire","StSLib","The Cursed","The Servant 0.9.4"],"gold_per_floor":[99,99,44,44,194,221,221,51,68,99,99,112,12,28,46,150,150,250,267,280,292,292,292,340,490,490,509,509,584,619,630,649,753,753,814,833,844,894,573,646,683,713,725,762,797,848,760,382,397,397,397,397],"floor_reached":50,"language":"ENG","playtime":3588,"items_purged":["downfall:Bewildered","downfall:Haunted"],"score":701,"play_id":"b3936ad3-78ed-4c36-b5ba-1323fcef7d4d","local_time":"20210214113035","is_ascension_mode":true,"campfire_choices":[{"floor":1.0,"key":"RECALL"},{"data":"Guardian:Suspension","floor":11.0,"key":"SMITH"},{"data":"Guardian:Suspension","floor":13.0,"key":"SMITH"},{"data":"Guardian:Suspension","floor":26.0,"key":"SMITH"},{"data":"Guardian:Clone","floor":28.0,"key":"SMITH"},{"data":"Guardian:PiercingHide","floor":43,"key":"SMITH"},{"data":"Guardian:TwinSlam","floor":47,"key":"SMITH"}],"circlet_count":0,"master_deck":["Guardian:Strike_Guardian","Guardian:Strike_Guardian","Guardian:Strike_Guardian","Guardian:Defend_Guardian","Guardian:Defend_Guardian","Guardian:Defend_Guardian","Guardian:Defend_Guardian","Guardian:CurlUp","Guardian:TwinSlam+1","Guardian:Orbwalk+1","Guardian:Orbwalk+1","Guardian:Suspension+1","Guardian:PrimingBeam","Guardian:PrimingBeam","Guardian:Suspension+1","Guardian:TimeCapacitor","Guardian:Clone+1","Guardian:Suspension+1","Guardian:TimeCapacitor+1","Guardian:PiercingHide+1","Guardian:EvasiveProtocol+1","Amnesia","Replay:Sluggish","Guardian:Suspension+1","Replay:Sluggish","ReplayTheSpireMod:Splinters","Decay","Clumsy","Voices","Guardian:Gem_Cyan","Guardian:Gem_Fragmented"],"relics":["Guardian:ModeShifterPlus","downfall:HeartsMalice","Replay:Bottled Steam","Lizard Tail","Guide Book","Dead Branch","downfall:HeartBlessingRed","sneckomod:BabySnecko","Nilry\u0027s Codex","Oddly Smooth Stone","ReplayTheSpireMod:CursedCoin","Toy Ornithopter","Replay:Drink Me","Ring of Peace","Ring of Greed","Golden Idol","MawBank","Art of War","infinitespire:Satchel","Gremlin Food","downfall:HeartBlessingBlue","Replay:Towering Pillar of Hats"],"acts_visited":["Exordium","TheCity","TheBeyond"],"potions_floor_usage":[],"damage_taken":[{"damage":0.0,"enemies":"Cultist","floor":2.0,"turns":1.0},{"damage":0.0,"enemies":"downfall:FleeingMerchant","floor":3.0,"turns":1.0},{"damage":0.0,"enemies":"Lagavulin","floor":6.0,"turns":1.0},{"damage":0.0,"enemies":"downfall:FleeingMerchant","floor":8.0,"turns":4.0},{"damage":6.0,"enemies":"Jaw Worm","floor":9.0,"turns":4.0},{"damage":26.0,"enemies":"3 Sentries","floor":10.0,"turns":10.0},{"damage":5.0,"enemies":"Small Slimes","floor":12.0,"turns":3.0},{"damage":10.0,"enemies":"Exordium Wildlife","floor":14.0,"turns":4.0},{"damage":6.0,"enemies":"3 Louse","floor":15.0,"turns":4.0},{"damage":14.0,"enemies":"SI_SHIV_ARCHETYPE","floor":16.0,"turns":7.0},{"damage":0.0,"enemies":"Chosen","floor":19.0,"turns":5.0},{"damage":8.0,"enemies":"Snake Plant","floor":20.0,"turns":5.0},{"damage":8.0,"enemies":"Shelled Parasite and Fungi","floor":21.0,"turns":6.0},{"damage":0.0,"enemies":"Snecko","floor":27.0,"turns":5.0},{"damage":6.0,"enemies":"Replay:Snechameleon","floor":30.0,"turns":8.0},{"damage":0.0,"enemies":"Chosen and Byrds","floor":31.0,"turns":6.0},{"damage":7.0,"enemies":"Shelled Parasite and Fungi","floor":32.0,"turns":4.0},{"damage":68.0,"enemies":"WA_ARCHETYPE_CALM","floor":33.0,"turns":14.0},{"damage":13.0,"enemies":"Orb Walker","floor":36.0,"turns":4.0},{"damage":1.0,"enemies":"3 Darklings","floor":37.0,"turns":5.0},{"damage":0.0,"enemies":"Spire Growth","floor":42.0,"turns":5.0},{"damage":5,"enemies":"Jaw Worm Horde","floor":44,"turns":5},{"damage":23,"enemies":"Nemesis","floor":46,"turns":9},{"damage":0,"enemies":"downfall:FleeingMerchant","floor":48,"turns":4},{"damage":0,"enemies":"3 Darklings","floor":49,"turns":5},{"damage":176,"enemies":"IC_BLOCK_ARCHETYPE","floor":50,"turns":6}],"seed_played":"4717013119519436556","potions_obtained":[{"floor":9.0,"key":"Strength Potion"},{"floor":10.0,"key":"EssenceOfSteel"},{"floor":14.0,"key":"champ:CounterPotion"},{"floor":16.0,"key":"SkillPotion"},{"floor":37.0,"key":"Regen Potion"}],"is_trial":false,"path_per_floor":["R","M","$","?","?","E","T","$","M","E","R","M","R","M","M","B",null,"R","M","M","M","?","?","T","AVR","R","M","R","?","E","M","M","B",null,"R","M","M","?","?","?","T","M","R","M","T","E","R","$","M","B"],"character_chosen":"GUARDIAN","items_purchased":["Guardian:Orbwalk","Guide Book","Replay:Towering Pillar of Hats"],"campfire_rested":0,"item_purchase_floors":[3,8,48],"current_hp_per_floor":[80,80,80,80,80,80,80,80,74,48,48,43,43,33,27,13,80,80,80,72,64,64,48,48,48,48,48,48,48,42,42,35,13,60,60,47,46,46,68,51,51,51,51,46,46,23,33,33,33,0,0,0],"gold":397,"neow_bonus":"THREE_ENEMY_KILL","is_daily":false,"chose_seed":false,"campfire_upgraded":6,"win_rate":0.0,"timestamp":1613320235,"path_taken":["R","M","?","?","?","E","T","$","?","E","R","M","R","M","M","BOSS","R","M","M","M","?","?","T","AVR","R","M","R","?","E","?","M","BOSS","R","M","M","?","?","?","T","?","R","M","?","E","R","$","M","BOSS"],"items_purchased_type":["Card","Relic","Relic"],"build_version":"2020-12-22","purchased_purges":2,"victory":false,"max_hp_per_floor":[80,80,80,80,80,80,80,80,80,80,80,80,80,80,80,80,80,80,80,80,80,80,80,80,80,80,80,80,80,80,80,80,80,60,60,60,60,60,68,68,68,68,68,68,68,68,78,78,78,78,78,78],"card_choices":[{"not_picked":["Guardian:PiercingHide","Guardian:SpikerProtocol"],"picked":"Guardian:Gem_Blue","floor":2.0},{"not_picked":["Guardian:WalkerClaw","Guardian:FloatingOrbs"],"picked":"Guardian:Gem_Lightblue","floor":3.0},{"not_picked":["Guardian:MultiBeam","Guardian:VentSteam"],"picked":"Guardian:Suspension","floor":6.0},{"not_picked":["Guardian:Reroute","Guardian:SpikerProtocol"],"picked":"Guardian:PrimingBeam","floor":8.0},{"not_picked":["Guardian:GuardianWhirl","Guardian:ArmoredProtocol"],"picked":"Guardian:PrimingBeam","floor":9.0},{"not_picked":["Guardian:Reroute","Guardian:RollAttack"],"picked":"Guardian:Gem_Crimson","floor":10.0},{"not_picked":["Guardian:Clone","Guardian:CrystalBeam"],"picked":"Guardian:Suspension","floor":12.0},{"not_picked":["Guardian:GuardianWhirl","Guardian:WalkerClaw"],"picked":"Guardian:TimeCapacitor","floor":14.0},{"not_picked":["Guardian:ShieldCharger","Guardian:TimeBomb"],"picked":"Guardian:Clone","floor":15.0},{"not_picked":["Guardian:RevengeProtocol","Guardian:AncientConstruct"],"picked":"Guardian:Gem_Orange","floor":16.0},{"not_picked":["Guardian:Reroute","Guardian:Orbwalk"],"picked":"Guardian:Suspension","floor":19.0},{"not_picked":["Guardian:TimeCapacitor","Guardian:TemporalShield"],"picked":"Guardian:Gem_White","floor":20.0},{"not_picked":["Guardian:PiercingHide+1","Guardian:Recover"],"picked":"Guardian:TimeCapacitor+1","floor":21.0},{"not_picked":["Guardian:Incinerate","Guardian:ShieldCharger"],"picked":"Guardian:PiercingHide","floor":27.0},{"not_picked":["Guardian:WalkerClaw","Guardian:FloatingOrbs","Guardian:RevengeProtocol"],"picked":"SKIP","floor":30.0},{"not_picked":["Guardian:ShieldCharger+1","Guardian:Suspension"],"picked":"Guardian:EvasiveProtocol+1","floor":31.0},{"not_picked":["Guardian:TemporalShield+1","Guardian:TemporalStrike","Guardian:Reroute"],"picked":"SKIP","floor":32.0},{"not_picked":["Guardian:Incinerate","Guardian:Orbwalk"],"picked":"Guardian:Gem_Fragmented","floor":36.0},{"not_picked":["Guardian:Reroute+1","Guardian:WalkerClaw+1"],"picked":"Guardian:Gem_Lightblue","floor":37.0},{"not_picked":["Guardian:TimeCapacitor","Guardian:PrimingBeam+1"],"picked":"Guardian:Gem_Cyan","floor":40.0},{"not_picked":["Guardian:Gem_Crimson","Guardian:Orbwalk+1"],"picked":"Guardian:Suspension+1","floor":42.0},{"not_picked":["Guardian:Gem_Purple","Guardian:ArmoredProtocol+1","Guardian:Gem_Lightblue"],"picked":"SKIP","floor":44},{"not_picked":["Guardian:ChargeCore+1","Guardian:DecasProtection+1","Guardian:Clone"],"picked":"SKIP","floor":46},{"not_picked":["Guardian:Reroute","Guardian:FloatingOrbs+1"],"picked":"Guardian:Gem_Cyan","floor":48},{"not_picked":["Guardian:RollAttack+1","Guardian:ShieldCharger"],"picked":"Guardian:Gem_Fragmented","floor":49}],"player_experience":323782,"relics_obtained":[{"floor":6.0,"key":"Replay:Bottled Steam"},{"floor":7.0,"key":"Lizard Tail"},{"floor":10.0,"key":"Dead Branch"},{"floor":23.0,"key":"Nilry\u0027s Codex"},{"floor":24.0,"key":"Oddly Smooth Stone"},{"floor":30.0,"key":"Toy Ornithopter"},{"floor":38.0,"key":"Ring of Peace"},{"floor":38.0,"key":"Ring of Greed"},{"floor":38.0,"key":"Golden Idol"},{"floor":38.0,"key":"MawBank"},{"floor":40.0,"key":"Art of War"},{"floor":41.0,"key":"infinitespire:Satchel"},{"floor":46,"key":"Gremlin Food"}],"event_choices":[],"is_beta":false,"boss_relics":[{"not_picked":["ReplayTheSpireMod:DimensionalGlitch","Ring of Chaos"],"picked":"Guardian:ModeShifterPlus"},{"not_picked":["Replay:Wanted Poster","Fusion Hammer"],"picked":"Replay:Drink Me"}],"items_purged_floors":[25,48],"is_endless":false,"potions_floor_spawned":[9,10,14,16,27,31,32,33,37,42,46],"killed_by":"IC_BLOCK_ARCHETYPE","ascension_level":1}}