{"host":"farxtl2u8hmkbdo2","time":1613331238,"event":{"mods":["A Magickal Journey","BaseMod","Better Altar","Better Note","Better Sensory Stone","Better Skull","Better Third Choice","Challenge The Spire","Colored Map","Colored Powertips","Current Relic Mod","Downfall","Energized Spire","Fox Events","Gremlin Mod","Hermit","Hubris","Mimic Mod","Minty Spire (QoL Compilation)","Quick Restart","READ ME - Guardian Mod","Rare Cards Sparkle","StSLib","The Bladedancer","The Bug Knight","The Cursed","The Disciple","The Hierophant","The Marked","The Necromancer","The Runesmith","Transform Curses"],"gold_per_floor":[111,124,124,137,18,18,29,29,78,94,94,119,42,0,0,97,97,84,84,104,123,123,123,143,143,193,193,193,193,209,11,11,111,111,130,130,30,47,57,89,89,104,143,143,143,143,30,61,61,61],"floor_reached":51,"language":"SPA","playtime":3294,"items_purged":["downfall:Haunted"],"score":828,"play_id":"41cc28aa-0f09-469a-9687-9b923f563642","local_time":"20210214163358","is_ascension_mode":false,"campfire_choices":[{"data":"hexamod:Float","floor":6,"key":"SMITH"},{"data":"hexamod:NightmareStrike","floor":8,"key":"SMITH"},{"data":"hexamod:SoulSteal","floor":15,"key":"SMITH"},{"data":"hexamod:GhostflameBarrier","floor":23,"key":"SMITH"},{"data":"hexamod:GiftsFromTheDead","floor":27,"key":"SMITH"},{"data":"hexamod:Sear","floor":29,"key":"SMITH"},{"data":"hexamod:NightmareGuise","floor":32,"key":"SMITH"},{"data":"hexamod:GhostflameInferno","floor":41,"key":"SMITH"},{"floor":49,"key":"REST"}],"circlet_count":0,"master_deck":["hexamod:Strike","hexamod:Strike","hexamod:Strike","hexamod:Defend","hexamod:Defend","hexamod:Defend","hexamod:Sear+1","hexamod:Float+1","hexamod:SwordOfDarkness","hexamod:GhostOfSpirePast+1","hexamod:ThirdSeal","hexamod:ExtraCrispy","hexamod:NightmareStrike+1","hexamod:ExtraCrispy","hexamod:Hexaguard","hexamod:GhostflameBarrier+1","hexamod:Rewind","hexamod:SoulSteal+1","hexamod:GhostOfSpirePast","Enlightenment","hexamod:SearingWound","hexamod:TimeWarp","hexamod:GhostOfSpirePast","hexamod:Rewind+1","hexamod:HauntingEcho","hexamod:ShieldOfDarkness","hexamod:GiftsFromTheDead+1","hexamod:Again","hubris:Compulsion","hexamod:BacktrackSmack+1","hexamod:TimeWarp","hexamod:Float+1","hexamod:NightmareGuise+1","hexamod:TimeWarp","hexamod:HexaLevel","hexamod:EtherealExpedition","hexamod:EtherealExpedition+1","hexamod:HeatMetal+1","hexamod:GhostflameInferno+1","hexamod:BurningTouch+1","hexamod:GhostflameBarrier+1","hexamod:GhostOfSpirePast","hexamod:PowerFromBeyond+1","hexamod:SearingWound","Jack Of All Trades","Impatience","hexamod:HeatCrush","hexamod:TurnItUp","hexamod:GiftsFromTheDead"],"relics":["hexamod:SpiritBrand","hubris:OldNail","Cursed Key","Nloth\u0027s Gift","Boot","Calipers","DollysMirror","hubris:TerracottaHorce","Potion Belt","hubris:AstralHammer","Strawberry"],"acts_visited":["Exordium","TheCity","TheBeyond"],"potions_floor_usage":[12,24,50,50],"damage_taken":[{"damage":0,"enemies":"Cultist","floor":1,"turns":3},{"damage":1,"enemies":"Jaw Worm","floor":2,"turns":3},{"damage":5,"enemies":"Small Slimes","floor":4,"turns":3},{"damage":4,"enemies":"Blue Slaver","floor":7,"turns":3},{"damage":0,"enemies":"Large Slime","floor":10,"turns":5},{"damage":2,"enemies":"3 Sentries","floor":12,"turns":6},{"damage":47,"enemies":"Hexaghost","floor":16,"turns":10},{"damage":16,"enemies":"2 Thieves","floor":18,"turns":4},{"damage":0,"enemies":"Chosen","floor":20,"turns":3},{"damage":0,"enemies":"Snecko","floor":21,"turns":5},{"damage":6,"enemies":"Sentry and Sphere","floor":24,"turns":4},{"damage":15,"enemies":"Centurion and Healer","floor":30,"turns":4},{"damage":35,"enemies":"Automaton","floor":33,"turns":7},{"damage":14,"enemies":"3 Shapes","floor":35,"turns":4},{"damage":6,"enemies":"3 Darklings","floor":38,"turns":4},{"damage":0,"enemies":"Transient","floor":39,"turns":5},{"damage":4,"enemies":"Nemesis","floor":40,"turns":5},{"damage":0,"enemies":"Spire Growth","floor":42,"turns":3},{"damage":0,"enemies":"4 Shapes","floor":43,"turns":4},{"damage":23,"enemies":"Giant Head","floor":48,"turns":6},{"damage":14,"enemies":"hubris:GrandSnecko","floor":50,"turns":7}],"seed_played":"4400239997820457642","potions_obtained":[{"floor":1,"key":"Explosive Potion"},{"floor":2,"key":"SteroidPotion"},{"floor":18,"key":"PowerPotion"},{"floor":38,"key":"Block Potion"},{"floor":40,"key":"Block Potion"},{"floor":48,"key":"Energy Potion"}],"is_trial":false,"path_per_floor":["M","M","?","M","$","R","M","R","T","M","?","E","$","?","R","B",null,"M","?","M","M","?","R","M","?","T","R","T","R","M","$","R","B",null,"M","?","NS","M","M","E","R","M","MIM","?","?","?","$","E","R","B",null],"character_chosen":"THE_SPIRIT","items_purchased":["hexamod:ExtraCrispy","hexamod:NightmareStrike","hexamod:GhostOfSpirePast","DollysMirror","hexamod:NightmareGuise","hexamod:HeatCrush"],"campfire_rested":1,"item_purchase_floors":[5,5,13,31,31,47],"current_hp_per_floor":[77,76,76,71,71,71,67,67,67,67,67,65,65,71,71,24,83,67,93,93,93,93,93,87,87,87,87,87,87,72,72,72,37,79,65,65,65,59,59,55,55,55,55,55,55,55,55,39,69,55],"gold":61,"neow_bonus":"TEN_PERCENT_HP_BONUS","is_daily":false,"chose_seed":false,"campfire_upgraded":8,"win_rate":0.0,"timestamp":1613331238,"path_taken":["M","M","?","M","?","R","?","R","T","M","?","E","?","?","R","BOSS","M","?","M","?","?","R","M","?","T","R","?","R","M","?","R","BOSS","M","?","NS","M","M","E","R","M","MIM","?","?","?","?","E","R","BOSS"],"items_purchased_type":["Card","Card","Card","Relic","Card","Card"],"build_version":"2020-12-22","purchased_purges":1,"victory":true,"max_hp_per_floor":[77,77,77,77,77,77,77,77,77,77,77,77,77,83,83,83,83,83,93,93,93,93,93,93,93,93,93,93,93,93,93,93,93,93,93,93,93,93,93,93,93,93,93,93,93,93,93,100,100,100],"card_choices":[{"not_picked":["hexamod:RetreatToShadows","hexamod:FlamesFromBeyond"],"picked":"hexamod:SwordOfDarkness","floor":1},{"not_picked":["hexamod:SpectersWail","hexamod:FlamesFromBeyond"],"picked":"hexamod:GhostOfSpirePast","floor":2},{"not_picked":["hexamod:Rewind","hexamod:HauntingEcho"],"picked":"hexamod:ThirdSeal","floor":4},{"not_picked":["hexamod:HauntingEcho","hexamod:HeatMetal"],"picked":"hexamod:ExtraCrispy","floor":7},{"not_picked":["hexamod:HeatMetal","hexamod:BacktrackSmack"],"picked":"hexamod:Hexaguard","floor":7},{"not_picked":["hexamod:FirstSeal","hexamod:NightmareStrike"],"picked":"hexamod:GhostflameBarrier","floor":10},{"not_picked":["hexamod:FlamesFromBeyond","hexamod:AdvancingGuard"],"picked":"hexamod:Rewind","floor":10},{"not_picked":["hexamod:NightmareStrike","hexamod:Haunt"],"picked":"hexamod:UnlimitedPower","floor":12},{"not_picked":["hexamod:HeatMetal","hexamod:SpectersWail"],"picked":"hexamod:SoulSteal","floor":12},{"not_picked":["hexamod:TurnItUp","hexamod:GiftsFromTheDead"],"picked":"hexamod:SearingWound","floor":16},{"not_picked":["hexamod:WildfireWeapon","hexamod:ForkedFlame"],"picked":"hexamod:TimeWarp","floor":16},{"not_picked":["hexamod:ThermalTransfer","hexamod:Firestarter"],"picked":"hexamod:GhostOfSpirePast","floor":18},{"not_picked":["hexamod:PowerFromBeyond","hexamod:ThermalTransfer+1"],"picked":"hexamod:Rewind+1","floor":18},{"not_picked":["hexamod:GhostLash","hexamod:PowerFromBeyond"],"picked":"hexamod:GhostOfSpirePast+1","floor":20},{"not_picked":["hexamod:HeatMetal+1","hexamod:AdvancingGuard"],"picked":"hexamod:HauntingEcho","floor":21},{"not_picked":["hexamod:GhostLash","hexamod:GhostOfSpirePast"],"picked":"hexamod:ShieldOfDarkness","floor":21},{"not_picked":["hexamod:GhostOfSpireFuture","hexamod:BurningTouch"],"picked":"hexamod:GiftsFromTheDead","floor":24},{"not_picked":["hexamod:NightmareStrike+1","hexamod:InspiringFlames+1"],"picked":"hexamod:BacktrackSmack+1","floor":24},{"not_picked":["hexamod:FlamesFromBeyond","hexamod:SoulSteal"],"picked":"hexamod:BacktrackSmack+1","floor":30},{"not_picked":["hexamod:AdvancingGuard","hexamod:NightmareStrike+1"],"picked":"hexamod:TimeWarp","floor":30},{"not_picked":["hexamod:TurnItUp","hexamod:WildfireWeapon"],"picked":"hexamod:TimeWarp","floor":33},{"not_picked":["hexamod:TimeWarp","hexamod:ForkedFlame"],"picked":"hexamod:HexaLevel","floor":33},{"not_picked":["hexamod:ThermalTransfer+1","hexamod:SwordOfDarkness+1"],"picked":"hexamod:EtherealExpedition","floor":35},{"not_picked":["hexamod:ThermalTransfer+1","hexamod:BurningTouch"],"picked":"hexamod:EtherealExpedition+1","floor":38},{"not_picked":["hexamod:HauntingEcho","hexamod:InspiringFlames"],"picked":"hexamod:HeatMetal+1","floor":38},{"not_picked":["hexamod:GhostOfSpirePast+1","hexamod:ChargedBarrage+1"],"picked":"hexamod:GhostflameInferno","floor":39},{"not_picked":["hexamod:Hexaguard","hexamod:FlamesFromBeyond"],"picked":"hexamod:BurningTouch+1","floor":39},{"not_picked":["hexamod:BacktrackSmack","hexamod:GiftsFromTheDead"],"picked":"hexamod:GhostflameBarrier+1","floor":40},{"not_picked":["hexamod:SwordOfDarkness+1","hexamod:BurningTouch"],"picked":"hexamod:GhostOfSpirePast","floor":40},{"not_picked":["hexamod:CatchUp","hexamod:Firestarter"],"picked":"hexamod:PowerFromBeyond+1","floor":42},{"not_picked":["hexamod:FastForward+1","hexamod:ThermalTransfer+1"],"picked":"hexamod:SearingWound","floor":43},{"not_picked":["hubris:Insight","Dramatic Entrance"],"picked":"Jack Of All Trades","floor":45},{"not_picked":["PanicButton","hubris:Insight"],"picked":"Impatience","floor":45},{"not_picked":["hexamod:EtherealExpedition","hexamod:FirstSeal"],"picked":"hexamod:TurnItUp","floor":48},{"not_picked":["hexamod:VolcanoVisage","hexamod:ThirdSeal"],"picked":"hexamod:GiftsFromTheDead","floor":48}],"player_experience":2221100,"relics_obtained":[{"floor":9,"key":"hubris:OldNail"},{"floor":12,"key":"Toy Ornithopter"},{"floor":26,"key":"Boot"},{"floor":28,"key":"Calipers"},{"floor":40,"key":"Potion Belt"},{"floor":43,"key":"hubris:AstralHammer"},{"floor":48,"key":"Strawberry"}],"event_choices":[{"cards_removed":["hexamod:Strike"],"damage_healed":0,"gold_gain":0,"player_choice":"Purged","damage_taken":0,"max_hp_gain":0,"max_hp_loss":0,"event_name":"Purifier","floor":3,"gold_loss":0},{"damage_healed":0,"gold_gain":0,"player_choice":"RENOUNCE","damage_taken":42,"max_hp_gain":0,"max_hp_loss":0,"event_name":"betterThird:BetterSerpent","floor":14,"gold_loss":42,"cards_obtained":["Enlightenment"]},{"cards_removed":["hexamod:UnlimitedPower"],"damage_healed":16,"gold_gain":0,"player_choice":"Offered Rare","damage_taken":0,"max_hp_gain":10,"max_hp_loss":0,"event_name":"Bonfire Elementals","floor":19,"gold_loss":0},{"damage_healed":0,"gold_gain":0,"player_choice":"Traded Relic","damage_taken":0,"relics_obtained":["Nloth\u0027s Gift"],"max_hp_gain":0,"max_hp_loss":0,"event_name":"N\u0027loth","floor":22,"relics_lost":["Toy Ornithopter"],"gold_loss":0},{"damage_healed":0,"gold_gain":0,"cards_transformed":["hexamod:Defend"],"player_choice":"Transformed","damage_taken":0,"max_hp_gain":0,"max_hp_loss":0,"event_name":"Transmorgrifier","floor":25,"gold_loss":0,"cards_obtained":["hexamod:Again"]},{"cards_removed":["downfall:Bewildered"],"damage_healed":0,"gold_gain":0,"player_choice":"Purged","damage_taken":0,"max_hp_gain":0,"max_hp_loss":0,"event_name":"Purifier","floor":36,"gold_loss":0},{"damage_healed":0,"gold_gain":3,"player_choice":"1","damage_taken":0,"max_hp_gain":0,"max_hp_loss":0,"event_name":"betterStone:BetterStone","floor":45,"gold_loss":0}],"is_beta":false,"boss_relics":[{"not_picked":["energizedSpire:CursedPentagram","energizedSpire:SpiderWeb"],"picked":"Cursed Key"},{"not_picked":["hubris:Backtick","hubris:BlackHole"],"picked":"hubris:TerracottaHorce"}],"items_purged_floors":[47],"is_endless":false,"potions_floor_spawned":[1,2,18,38,40,48],"ascension_level":0}}