{"host":"36t3qd3wjvajtu1z","time":1613283527,"event":{"mods":["2.2 Compatiblity","AchievementEnabler","BaseMod","Bestiary","Block Reminder","Colored Powertips","Curses Come First","Highlight Path","Minty Spire (QoL Compilation)","Permanent Neow","Quick Restart","Random Character Button","Rare Cards Sparkle","Relic Stats","Slay-I","StSLib","Unknown Chances"],"gold_per_floor":[14,31,47,67,67,67,67],"floor_reached":6,"language":"ENG","playtime":299,"items_purged":[],"score":59,"play_id":"18c9a98c-e7f7-44af-8df2-32bbee68438a","local_time":"20210213221847","is_ascension_mode":true,"campfire_choices":[],"circlet_count":0,"master_deck":["AscendersBane","Strike_B","Strike_B","Defend_B","Defend_B","Defend_B","Defend_B","Zap","Dualcast","Thunder Strike","Reprogram","Beam Cell","Go for the Eyes","Conserve Battery","Hologram"],"relics":["Cracked Core","InkBottle"],"acts_visited":[],"potions_floor_usage":[6],"damage_taken":[{"damage":2,"enemies":"Jaw Worm","floor":1,"turns":4},{"damage":2,"enemies":"2 Louse","floor":2,"turns":3},{"damage":4,"enemies":"Cultist","floor":3,"turns":4},{"damage":13,"enemies":"Blue Slaver","floor":4,"turns":5},{"damage":44,"enemies":"Gremlin Nob","floor":6,"turns":4}],"seed_played":"2909931724943926449","potions_obtained":[{"floor":2,"key":"Weak Potion"}],"is_trial":false,"path_per_floor":["M","M","M","M","?","E"],"character_chosen":"DEFECT","items_purchased":[],"campfire_rested":0,"item_purchase_floors":[],"current_hp_per_floor":[66,64,60,47,40,0,0],"gold":67,"neow_bonus":"TRANSFORM_TWO_CARDS","is_daily":false,"chose_seed":false,"campfire_upgraded":0,"win_rate":0.0,"timestamp":1613283527,"path_taken":["M","M","M","M","?","E"],"items_purchased_type":[],"build_version":"2020-12-22","purchased_purges":0,"victory":false,"max_hp_per_floor":[75,75,75,75,75,75,75],"relic_stats":{"counters":[5,20],"obtain_stats":[{"Cracked Core":0,"InkBottle":5},{"Cracked Core":0,"InkBottle":4},{"Cracked Core":0,"InkBottle":16}],"InkBottle":[1]},"card_choices":[{"not_picked":["Defragment","Ball Lightning"],"picked":"Beam Cell","floor":1},{"not_picked":["Blizzard","Skim"],"picked":"Go for the Eyes","floor":2},{"not_picked":["Coolheaded","BootSequence"],"picked":"Conserve Battery","floor":3},{"not_picked":["Redo","Storm"],"picked":"Hologram","floor":4}],"player_experience":526718,"relics_obtained":[],"event_choices":[{"damage_healed":0,"gold_gain":0,"player_choice":"Success","damage_taken":7,"relics_obtained":["InkBottle"],"max_hp_gain":0,"max_hp_loss":0,"event_name":"Scrap Ooze","floor":5,"gold_loss":0}],"is_beta":false,"boss_relics":[],"items_purged_floors":[],"is_endless":false,"potions_floor_spawned":[2],"killed_by":"Gremlin Nob","ascension_level":11}}