{"host":"3fvqec7g2448bgbh","time":1613346840,"event":{"mods":["AchievementEnabler","Aspiration","BaseMod","Colored Map","Colored Powertips","Conspire","DeckTracker","GifTheSpireLib","Highlight Path","Hubris","Infinite Spire","Minty Spire (QoL Compilation)","Permanent Neow","Rare Cards Sparkle","Relic Sorter","Spicy Shops","StSLib","Stuff the Spire","Together in Spire"],"gold_per_floor":[117,42,42,42,55,55,55,74,74,74,84,84,101,48,48,149,149,168,258,258,258,258,278,53,53,53,53,53],"floor_reached":27,"language":"ENG","playtime":1249,"items_purged":[],"score":199,"play_id":"2ac96e58-3608-4671-b76c-fe376cd12b69","local_time":"20210215075400","is_ascension_mode":false,"campfire_choices":[{"data":"Flying Knee","floor":6,"key":"SMITH"},{"data":"Blade Dance","floor":15,"key":"SMITH"},{"floor":27,"key":"REST"}],"circlet_count":0,"master_deck":["Strike_G","Strike_G","Strike_G","Strike_G","Strike_G","Defend_G","Defend_G","Defend_G","Defend_G","Survivor","Neutralize","Dramatic Entrance+1","Dagger Spray","Flying Knee+1","Backflip","Noxious Fumes","Dagger Throw","Blade Dance+1","Die Die Die","Backstab+1","StuffTheSpire:Injection","Dark Shackles","StuffTheSpire:CelestialWarden"],"relics":["Ring of the Snake","Frozen Eye","StuffTheSpire:Experiment12","hubris:Zylophone","HoveringKite","Membership Card","Ninja Scroll","Bird Faced Urn","Regal Pillow","aspiration:Nostalgia","infinitespire:DarkRift","aspiration:TomeofQuesting"],"acts_visited":["Exordium","TheCity"],"potions_floor_usage":[],"damage_taken":[{"damage":0,"enemies":"Small Slimes","floor":1,"turns":1},{"damage":1,"enemies":"Jaw Worm","floor":5,"turns":2},{"damage":0,"enemies":"Cultist","floor":8,"turns":2},{"damage":0,"enemies":"Looter","floor":11,"turns":2},{"damage":0,"enemies":"Red Slaver","floor":13,"turns":2},{"damage":12,"enemies":"Hexaghost","floor":16,"turns":5},{"damage":0,"enemies":"Shell Parasite","floor":18,"turns":3},{"damage":0,"enemies":"Spheric Guardian","floor":23,"turns":1}],"seed_played":"-1193657287888539741","potions_obtained":[{"floor":4,"key":"Explosive Potion"},{"floor":4,"key":"CultistPotion"},{"floor":4,"key":"GamblersBrew"}],"is_trial":false,"path_per_floor":["M","$","?","?","M","R","?","M","T","?","M","?","M","$","R","B",null,"M","?","$","?","T","M","$","?","T","R"],"character_chosen":"THE_SILENT","items_purchased":["Frozen Eye","Blade Dance","Membership Card","Ninja Scroll","Dark Shackles","Regal Pillow","aspiration:Nostalgia"],"campfire_rested":1,"item_purchase_floors":[2,14,20,20,24,24,24],"current_hp_per_floor":[70,70,70,70,69,69,69,69,69,66,66,66,66,66,66,54,70,70,58,33,33,33,33,33,18,18,54,54],"gold":53,"neow_bonus":"RANDOM_COLORLESS","is_daily":false,"chose_seed":false,"campfire_upgraded":2,"win_rate":0.0,"timestamp":1613346840,"path_taken":["M","$","?","?","?","R","?","?","T","?","M","?","M","$","R","BOSS","M","?","?","?","?","M","$","?","T","R"],"items_purchased_type":["Relic","Card","Relic","Relic","Card","Relic","Relic"],"build_version":"2020-12-22","purchased_purges":0,"victory":false,"max_hp_per_floor":[70,70,70,70,70,70,70,70,70,70,70,70,70,70,70,70,70,70,70,70,70,70,70,70,70,70,70,70],"card_choices":[{"not_picked":["Panacea","Discovery"],"picked":"Dramatic Entrance","floor":0},{"not_picked":["Blur","Deadly Poison"],"picked":"Dagger Spray","floor":1},{"not_picked":["Well Laid Plans","Deadly Poison"],"picked":"Flying Knee","floor":5},{"not_picked":["Flechettes","Flying Knee"],"picked":"Backflip","floor":8},{"not_picked":["StuffTheSpire:Injection","Underhanded Strike"],"picked":"Noxious Fumes","floor":11},{"not_picked":["Eviscerate","StuffTheSpire:ClusterCrunch"],"picked":"Dagger Throw","floor":13},{"not_picked":["Wraith Form v2","Adrenaline"],"picked":"Die Die Die","floor":16},{"not_picked":["Dagger Throw","StuffTheSpire:ReptileScales"],"picked":"Backstab+1","floor":18},{"not_picked":["StuffTheSpire:BumpUp","Sucker Punch"],"picked":"StuffTheSpire:Injection","floor":23}],"player_experience":20680,"relics_obtained":[{"floor":9,"key":"StuffTheSpire:Experiment12"},{"floor":22,"key":"Bird Faced Urn"},{"floor":26,"key":"aspiration:TomeofQuesting"}],"event_choices":[{"damage_healed":0,"gold_gain":0,"player_choice":"Got Potions","damage_taken":0,"max_hp_gain":0,"max_hp_loss":0,"event_name":"Lab","floor":4,"gold_loss":0},{"cards_removed":["Defend_G"],"damage_healed":0,"gold_gain":0,"player_choice":"Offered Basic","damage_taken":0,"max_hp_gain":0,"max_hp_loss":0,"event_name":"Bonfire Elementals","floor":7,"gold_loss":0},{"damage_healed":0,"gold_gain":0,"player_choice":"Success","damage_taken":3,"relics_obtained":["hubris:Zylophone"],"max_hp_gain":0,"max_hp_loss":0,"event_name":"Scrap Ooze","floor":10,"gold_loss":0},{"damage_healed":0,"gold_gain":0,"player_choice":"Ignored","damage_taken":0,"max_hp_gain":0,"max_hp_loss":0,"event_name":"Liars Game","floor":12,"gold_loss":0},{"damage_healed":0,"gold_gain":90,"player_choice":"GOLD ","damage_taken":12,"max_hp_gain":0,"max_hp_loss":0,"event_name":"Knowing Skull","floor":19,"potions_obtained":[],"gold_loss":0,"cards_obtained":[]}],"is_beta":false,"boss_relics":[{"not_picked":["hubris:RunicObelisk","hubris:Stopwatch"],"picked":"HoveringKite"}],"items_purged_floors":[],"is_endless":false,"potions_floor_spawned":[8,13,18],"ascension_level":0}}