{"host":"i4d8tgqbnmcnjm0a","time":1613286262,"event":{"mods":["BaseMod","Keyboard Shortcuts","Minty Spire (QoL Compilation)"],"gold_per_floor":[113,113,128,146,157,184,184,216,216,228,255,24,24,52,52,162,162,173,196,207,231,240,283,310,310,319,347,388,3,18,43,43,151,160,184,196,255,271,293,322,357,400,436,461,488,502,536,536,536,536,536,536,70,96,96,96],"floor_reached":55,"language":"ENG","playtime":6832,"items_purged":["Defend_G","Clumsy"],"score":1402,"play_id":"da9722c2-86ea-413f-b6ad-355605f94d0e","local_time":"20210214020422","is_ascension_mode":true,"campfire_choices":[{"floor":7,"key":"REST"},{"floor":15,"key":"REST"},{"floor":25,"key":"REST"},{"floor":32,"key":"RECALL"},{"data":"Defend_G","floor":49,"key":"PURGE"},{"data":"Writhe","floor":52,"key":"PURGE"}],"circlet_count":0,"master_deck":["Strike_G+1","Strike_G","Strike_G","Defend_G","Defend_G","Defend_G","Survivor","Neutralize","Terror","Masterful Stab","Prepared","Predator+1","Backflip","Riddle With Holes","Adrenaline","Underhanded Strike","Quick Slash","Burst","Escape Plan+1","Prepared+1","Unload","Tactician+1","Dodge and Roll+1","Predator","Underhanded Strike","Dash","After Image","Unload","CurseOfTheBell","Underhanded Strike+1","Dash","Acrobatics+1","Venomology","Tools of the Trade","Prepared+1","Predator"],"relics":["Fusion Hammer","InkBottle","Boot","Paper Crane","Tough Bandages","Strawberry","CeramicFish","Cursed Key","Gremlin Horn","Ornamental Fan","Calipers","Gambling Chip","Calling Bell","Anchor","Question Card","Thread and Needle","WingedGreaves","Oddly Smooth Stone","Centennial Puzzle","Whetstone","Peace Pipe","Dream Catcher","Bag of Marbles","Lee\u0027s Waffle","Akabeko"],"acts_visited":["Exordium","TheCity","TheBeyond","TheEnding"],"potions_floor_usage":[5,5,8,20,21,28,30,33,33,44,47,50,54,54,55,55,55,55],"damage_taken":[{"damage":4,"enemies":"Cultist","floor":1,"turns":5},{"damage":1,"enemies":"Small Slimes","floor":3,"turns":4},{"damage":0,"enemies":"2 Louse","floor":4,"turns":2},{"damage":0,"enemies":"Lots of Slimes","floor":5,"turns":5},{"damage":28,"enemies":"Gremlin Nob","floor":6,"turns":4},{"damage":17,"enemies":"3 Sentries","floor":8,"turns":7},{"damage":0,"enemies":"Blue Slaver","floor":10,"turns":2},{"damage":10,"enemies":"Gremlin Nob","floor":11,"turns":3},{"damage":0,"enemies":"Looter","floor":14,"turns":2},{"damage":0,"enemies":"Slime Boss","floor":16,"turns":5},{"damage":0,"enemies":"Chosen","floor":18,"turns":3},{"damage":13,"enemies":"Spheric Guardian","floor":19,"turns":4},{"damage":0,"enemies":"Snake Plant","floor":20,"turns":3},{"damage":6,"enemies":"Centurion and Healer","floor":21,"turns":3},{"damage":0,"enemies":"Book of Stabbing","floor":23,"turns":4},{"damage":0,"enemies":"3 Cultists","floor":24,"turns":3},{"damage":0,"enemies":"Chosen and Byrds","floor":27,"turns":3},{"damage":0,"enemies":"Gremlin Leader","floor":28,"turns":3},{"damage":0,"enemies":"Snake Plant","floor":30,"turns":3},{"damage":0,"enemies":"Sentry and Sphere","floor":31,"turns":3},{"damage":5,"enemies":"Collector","floor":33,"turns":10},{"damage":0,"enemies":"3 Darklings","floor":35,"turns":3},{"damage":0,"enemies":"Orb Walker","floor":36,"turns":2},{"damage":0,"enemies":"Mind Bloom Boss Battle","floor":37,"turns":2},{"damage":0,"enemies":"Spire Growth","floor":38,"turns":4},{"damage":0,"enemies":"Sphere and 2 Shapes","floor":39,"turns":4},{"damage":0,"enemies":"Reptomancer","floor":40,"turns":4},{"damage":0,"enemies":"Nemesis","floor":41,"turns":5},{"damage":0,"enemies":"Reptomancer","floor":42,"turns":6},{"damage":0,"enemies":"Nemesis","floor":44,"turns":4},{"damage":0,"enemies":"4 Shapes","floor":45,"turns":3},{"damage":0,"enemies":"Spire Growth","floor":46,"turns":3},{"damage":0,"enemies":"Giant Head","floor":47,"turns":6},{"damage":15,"enemies":"Awakened One","floor":50,"turns":13},{"damage":0,"enemies":"Shield and Spear","floor":54,"turns":8},{"damage":85,"enemies":"The Heart","floor":55,"turns":9}],"seed_played":"4488102873852840380","potions_obtained":[{"floor":1,"key":"Fire Potion"},{"floor":3,"key":"DuplicationPotion"},{"floor":5,"key":"Strength Potion"},{"floor":16,"key":"Explosive Potion"},{"floor":19,"key":"Weak Potion"},{"floor":20,"key":"AttackPotion"},{"floor":23,"key":"Block Potion"},{"floor":24,"key":"Dexterity Potion"},{"floor":27,"key":"Poison Potion"},{"floor":36,"key":"BlessingOfTheForge"},{"floor":41,"key":"SmokeBomb"},{"floor":42,"key":"ColorlessPotion"},{"floor":44,"key":"Fire Potion"}],"is_trial":false,"path_per_floor":["M","?","M","M","M","E","R","E","T","M","E","$","?","M","R","B",null,"M","M","M","M","?","E","M","R","T","M","E","$","M","M","R","B",null,"M","M","?","M","M","E","E","E","T","E","M","M","E","?","R","B",null,"R","$","E","B"],"character_chosen":"THE_SILENT","items_purchased":["Strawberry","Gambling Chip","Dash","SkillPotion","Predator","Bag of Marbles","Lee\u0027s Waffle","AttackPotion"],"campfire_rested":3,"item_purchase_floors":[12,29,29,29,53,53,53,53],"current_hp_per_floor":[66,66,65,65,65,37,58,41,41,41,31,38,31,31,54,54,77,77,64,64,58,58,58,58,77,77,77,77,77,77,77,77,72,77,77,77,77,77,77,77,77,77,77,77,77,77,77,77,77,62,77,77,84,84,0,0],"gold":96,"neow_bonus":"BOSS_RELIC","is_daily":false,"chose_seed":false,"campfire_upgraded":0,"win_rate":0.0,"timestamp":1613286262,"path_taken":["M","?","M","M","M","E","R","E","T","M","E","$","?","M","R","BOSS","M","M","M","M","?","E","M","R","T","M","E","$","M","M","R","BOSS","M","?","?","M","M","E","E","E","T","E","M","M","E","?","R","BOSS","R","$","E","BOSS"],"items_purchased_type":["Relic","Relic","Card","Potion","Card","Relic","Relic","Potion"],"build_version":"2020-12-22","purchased_purges":2,"victory":false,"max_hp_per_floor":[70,70,70,70,70,70,70,70,70,70,70,77,77,77,77,77,77,77,77,77,77,77,77,77,77,77,77,77,77,77,77,77,77,77,77,77,77,77,77,77,77,77,77,77,77,77,77,77,77,77,77,77,84,84,84,84],"card_choices":[{"not_picked":["Cloak And Dagger","Blur"],"picked":"Terror","floor":1},{"not_picked":["Dagger Spray","Well Laid Plans"],"picked":"Masterful Stab","floor":3},{"not_picked":["Backflip","Deadly Poison"],"picked":"Prepared","floor":4},{"not_picked":["PiercingWail","Concentrate"],"picked":"Predator","floor":5},{"not_picked":["Masterful Stab","Caltrops"],"picked":"Backflip","floor":6},{"not_picked":["Blur","Slice"],"picked":"Riddle With Holes","floor":8},{"not_picked":["Backflip","Expertise"],"picked":"Adrenaline","floor":10},{"not_picked":["PiercingWail","Backstab"],"picked":"Underhanded Strike","floor":11},{"not_picked":["Poisoned Stab","Heel Hook"],"picked":"Quick Slash","floor":14},{"not_picked":["Envenom","Wraith Form v2"],"picked":"Burst","floor":16},{"not_picked":["Finisher","Cloak And Dagger+1","Backstab+1"],"picked":"SKIP","floor":18},{"not_picked":["Cloak And Dagger","Deadly Poison"],"picked":"Escape Plan+1","floor":19},{"not_picked":["Setup","Concentrate","Well Laid Plans"],"picked":"SKIP","floor":20},{"not_picked":["Bane","Outmaneuver"],"picked":"Prepared+1","floor":21},{"not_picked":["Terror+1","Skewer+1"],"picked":"Tactician+1","floor":23},{"not_picked":["PiercingWail","Blade Dance+1"],"picked":"Dodge and Roll+1","floor":24},{"not_picked":["Sucker Punch+1","Blur"],"picked":"Predator","floor":27},{"not_picked":["Dagger Throw","Dodge and Roll"],"picked":"Underhanded Strike","floor":28},{"not_picked":["Acrobatics","Heel Hook","Backstab+1"],"picked":"SKIP","floor":30},{"not_picked":["Deadly Poison+1","Dagger Spray+1"],"picked":"After Image","floor":31},{"not_picked":["Glass Knife","Grand Finale"],"picked":"Unload","floor":33},{"not_picked":["Outmaneuver","Choke+1","Bane+1"],"picked":"Underhanded Strike+1","floor":35},{"not_picked":["Poisoned Stab+1","Leg Sweep+1","Blade Dance","Deflect+1"],"picked":"SKIP","floor":36},{"not_picked":["Well Laid Plans","Cloak And Dagger","Underhanded Strike+1"],"picked":"Dash","floor":37},{"not_picked":["Accuracy+1","Night Terror","Deadly Poison","Flechettes+1"],"picked":"SKIP","floor":38},{"not_picked":["Underhanded Strike+1","Bane","Dagger Spray+1"],"picked":"Acrobatics+1","floor":39},{"not_picked":["Cloak And Dagger","Infinite Blades+1","Bouncing Flask+1","Backflip"],"picked":"SKIP","floor":40},{"not_picked":["Deflect+1","Flying Knee+1","Dash"],"picked":"Venomology","floor":41},{"not_picked":["Dodge and Roll+1","Cloak And Dagger+1","Dagger Throw"],"picked":"Tools of the Trade","floor":42},{"not_picked":["Footwork+1","Slice+1","Flying Knee+1","Dagger Spray+1"],"picked":"SKIP","floor":44},{"not_picked":["Bouncing Flask+1","Acrobatics","Deadly Poison"],"picked":"Prepared+1","floor":45},{"not_picked":["Dodge and Roll+1","Cloak And Dagger+1","Burst","Poisoned Stab"],"picked":"SKIP","floor":46},{"not_picked":["Cloak And Dagger+1","Deadly Poison+1","Dash+1","Backflip+1"],"picked":"SKIP","floor":47},{"not_picked":["Dodge and Roll","Dagger Spray+1","Slice+1","Underhanded Strike"],"picked":"SKIP","floor":54}],"player_experience":317536,"relics_obtained":[{"floor":6,"key":"InkBottle"},{"floor":8,"key":"Boot"},{"floor":9,"key":"Paper Crane"},{"floor":11,"key":"Tough Bandages"},{"floor":23,"key":"Gremlin Horn"},{"floor":26,"key":"Ornamental Fan"},{"floor":28,"key":"Calipers"},{"floor":34,"key":"Anchor"},{"floor":34,"key":"Question Card"},{"floor":34,"key":"Thread and Needle"},{"floor":37,"key":"WingedGreaves"},{"floor":40,"key":"Oddly Smooth Stone"},{"floor":41,"key":"Centennial Puzzle"},{"floor":42,"key":"Whetstone"},{"floor":44,"key":"Peace Pipe"},{"floor":47,"key":"Dream Catcher"},{"floor":54,"key":"Akabeko"}],"event_choices":[{"cards_removed":["Strike_G"],"damage_healed":0,"gold_gain":0,"player_choice":"Forget","damage_taken":0,"max_hp_gain":0,"max_hp_loss":0,"event_name":"Living Wall","floor":2,"gold_loss":0},{"damage_healed":0,"gold_gain":0,"player_choice":"Success","damage_taken":7,"relics_obtained":["CeramicFish"],"max_hp_gain":0,"max_hp_loss":0,"event_name":"Scrap Ooze","floor":13,"gold_loss":0},{"damage_healed":0,"gold_gain":0,"cards_transformed":["Strike_G"],"player_choice":"Transformed","damage_taken":0,"max_hp_gain":0,"max_hp_loss":0,"event_name":"Transmorgrifier","floor":22,"gold_loss":0,"cards_obtained":["Unload"]},{"damage_healed":0,"gold_gain":0,"player_choice":"Fight","damage_taken":0,"max_hp_gain":0,"max_hp_loss":0,"event_name":"MindBloom","floor":37,"gold_loss":0},{"damage_healed":0,"gold_gain":0,"player_choice":"Ignored","damage_taken":0,"max_hp_gain":0,"max_hp_loss":0,"event_name":"Tomb of Lord Red Mask","floor":48,"gold_loss":0}],"is_beta":false,"boss_relics":[{"not_picked":["Runic Dome","Ectoplasm"],"picked":"Cursed Key"},{"not_picked":["SlaversCollar","WristBlade"],"picked":"Calling Bell"}],"items_purged_floors":[12,53],"is_endless":false,"potions_floor_spawned":[1,3,5,16,19,20,23,24,27,36,41,42,44,47],"killed_by":"The Heart","ascension_level":4}}