{"host":"gzsdmyo07u314vug","time":1613315373,"event":{"mods":["2.2 Compatiblity","Astrologer","BaseMod","Colored Powertips","GifTheSpireLib","Gremlin Mod","Hermit","Jorbs\u0027s Wanderer Trilogy","Minty Spire (QoL Compilation)","Quick Restart","Rare Cards Sparkle","Relic Stats","Replay The Spire","Robot Space Explorer","Shop Mod","StSLib","The Bladedancer","The Bug Knight","The Construct","The Cursed","The Elementalist","The Hierophant","The IronCluck","The Marked","The Necromancer","The Runesmith","The Servant 0.9.4","Unceasing Turn Reminder","everything is the same but u backflip on backflip","slay the spire mod where everything is the same but ironclad has a cowboy hat"],"gold_per_floor":[115,40,40,40,60,60,87,87,87,101,51,70,245,271,271,374,374,389,405,405,416,427,246,280,280,305,355,382,402,450,88,88,189,189,236,253,203,244,37,37,79,79,132,132,179,22,50,68,68,68],"floor_reached":51,"language":"ENG","playtime":6491,"items_purged":["Strike_P","Eruption","Strike_P","Defend_P","Defend_P","Defend_P"],"score":1465,"play_id":"64ea6e2e-311d-4480-ab1a-4fda8d7c184c","local_time":"20210214120933","is_ascension_mode":true,"campfire_choices":[{"data":"PathToVictory","floor":6.0,"key":"SMITH"},{"data":"LikeWater","floor":8.0,"key":"SMITH"},{"data":"SignatureMove","floor":15.0,"key":"SMITH"},{"floor":25.0,"key":"REST"},{"floor":32,"key":"DIG"},{"data":"Defend_P","floor":40,"key":"PURGE"},{"floor":42,"key":"DIG"},{"floor":44,"key":"DIG"},{"floor":49,"key":"REST"}],"circlet_count":0,"master_deck":["Vigilance","Wireheading+1","PathToVictory+1","ThirdEye","LikeWater+1","SignatureMove+1","DeceiveReality","SpiritShield+1","ThirdEye","Study+1","PathToVictory","WaveOfTheHand","PathToVictory+1","Wish+1","DeceiveReality+1","Establishment+1","CurseOfTheBell","Evaluate+1","ClearTheMind+1"],"relics":["PureWater","Smiling Mask","PreservedInsect","Darkstone Periapt","Runesmith:AutoHammer","Replay:Grab Bag","Fusion Hammer","Sozu","Empty Cage","Toxic Egg 2","ReplayFunnel","Pocketwatch","Shovel","Centennial Puzzle","Calling Bell","Replay:Rubber Ducky","Blue Candle","Peace Pipe","Guide Book","Bag of Marbles","Regal Pillow","Ginger","HollowMod:JonisBlessing","Replay:Mystery Machine"],"acts_visited":["Exordium","TheCity","TheBeyond"],"potions_floor_usage":[],"damage_taken":[{"damage":1.0,"enemies":"2 Louse","floor":1.0,"turns":3.0},{"damage":0.0,"enemies":"Cultist","floor":5.0,"turns":5.0},{"damage":18.0,"enemies":"Lagavulin","floor":7.0,"turns":5.0},{"damage":0.0,"enemies":"Small Slimes","floor":10.0,"turns":6.0},{"damage":0.0,"enemies":"2 Fungi Beasts","floor":12.0,"turns":3.0},{"damage":8.0,"enemies":"3 Sentries","floor":14.0,"turns":12.0},{"damage":33.0,"enemies":"Slime Boss","floor":16.0,"turns":10.0},{"damage":0.0,"enemies":"Chosen","floor":18.0,"turns":4.0},{"damage":10.0,"enemies":"3 Byrds","floor":19.0,"turns":6.0},{"damage":0.0,"enemies":"Sentry and Sphere","floor":21.0,"turns":8.0},{"damage":0.0,"enemies":"Centurion and Healer","floor":22.0,"turns":9.0},{"damage":0.0,"enemies":"Book of Stabbing","floor":24.0,"turns":4.0},{"damage":0,"enemies":"Replay:Snechameleon","floor":28,"turns":5},{"damage":1,"enemies":"Snake Plant","floor":29,"turns":5},{"damage":0,"enemies":"Snecko","floor":30,"turns":4},{"damage":49,"enemies":"Pondfish","floor":33,"turns":10},{"damage":0,"enemies":"3 Shapes","floor":35,"turns":6},{"damage":28,"enemies":"3 Darklings","floor":36,"turns":8},{"damage":11,"enemies":"Sphere and 2 Shapes","floor":38,"turns":9},{"damage":0,"enemies":"Spire Growth","floor":41,"turns":8},{"damage":0,"enemies":"3 Darklings","floor":45,"turns":7},{"damage":0,"enemies":"R_Hoarder","floor":47,"turns":9},{"damage":0,"enemies":"4 Shapes","floor":48,"turns":10},{"damage":0,"enemies":"Donu and Deca","floor":50,"turns":13}],"seed_played":"8756457484613811008","potions_obtained":[{"floor":7.0,"key":"ColorlessPotion"},{"floor":10.0,"key":"Swift Potion"},{"floor":14.0,"key":"Reflective Coating"}],"is_trial":false,"path_per_floor":["M","$","?","?","M","R","E","R","T","M","$","M","?","E","R","B",null,"M","M","?","M","M","$","E","R","T","?","E","M","M","$","R","B",null,"M","M","$","M","$","R","M","R","T","R","M","$","E","M","R","B",null],"character_chosen":"WATCHER","items_purchased":["PathToVictory","WaveOfTheHand","Shovel","Guide Book","HollowMod:JonisBlessing"],"campfire_rested":2,"item_purchase_floors":[23,23,31,39,46],"current_hp_per_floor":[71,71,64,64,64,64,46,46,46,46,46,46,52,44,44,11,61,61,51,51,51,51,51,51,74,74,74,74,73,73,73,73,24,71,71,43,43,32,32,32,32,32,32,32,32,32,32,32,72,72],"gold":68,"neow_bonus":"THREE_CARDS","is_daily":false,"chose_seed":false,"campfire_upgraded":3,"win_rate":0.0,"timestamp":1613315373,"path_taken":["M","$","?","?","M","R","E","R","T","M","$","?","?","E","R","BOSS","M","M","?","M","?","$","E","R","T","?","E","M","M","$","R","BOSS","M","M","$","?","?","R","M","R","T","R","M","$","E","M","R","BOSS"],"items_purchased_type":["Card","Card","Relic","Relic","Relic"],"build_version":"2020-12-22","purchased_purges":6,"victory":true,"max_hp_per_floor":[72,72,72,72,72,72,72,72,72,72,72,72,78,78,78,78,78,78,78,78,78,78,78,78,78,78,78,78,78,78,78,78,78,84,84,84,84,84,84,84,84,84,84,84,84,84,84,84,84,84],"relic_stats":{"Darkstone Periapt":12,"Regal Pillow":15,"counters":[24,169],"Blue Candle":[2],"PreservedInsect":184,"Ginger":[0],"Smiling Mask":500,"Sozu":8,"Peace Pipe":1,"Centennial Puzzle":[8],"Shovel":3,"obtain_stats":[{"Darkstone Periapt":9,"ReplayFunnel":26,"Regal Pillow":43,"Replay:Grab Bag":17,"Blue Candle":34,"Guide Book":39,"HollowMod:JonisBlessing":46,"PreservedInsect":7,"Ginger":44,"Replay:Mystery Machine":47,"Smiling Mask":3,"Empty Cage":17,"Replay:Rubber Ducky":34,"Sozu":17,"Calling Bell":34,"Peace Pipe":34,"Centennial Puzzle":32,"Shovel":31,"Fusion Hammer":17,"Bag of Marbles":42,"Runesmith:AutoHammer":14,"PureWater":0,"Toxic Egg 2":24,"Pocketwatch":28},{"Darkstone Periapt":3,"ReplayFunnel":12,"Regal Pillow":20,"Replay:Grab Bag":7,"Blue Candle":16,"Guide Book":19,"HollowMod:JonisBlessing":21,"PreservedInsect":3,"Ginger":20,"Replay:Mystery Machine":22,"Smiling Mask":1,"Empty Cage":7,"Replay:Rubber Ducky":16,"Sozu":7,"Calling Bell":16,"Peace Pipe":16,"Centennial Puzzle":15,"Shovel":15,"Fusion Hammer":7,"Bag of Marbles":20,"Runesmith:AutoHammer":6,"PureWater":0,"Toxic Egg 2":12,"Pocketwatch":13},{"Darkstone Periapt":13,"ReplayFunnel":75,"Regal Pillow":130,"Replay:Grab Bag":44,"Blue Candle":99,"Guide Book":122,"HollowMod:JonisBlessing":137,"PreservedInsect":13,"Ginger":130,"Replay:Mystery Machine":146,"Smiling Mask":3,"Empty Cage":44,"Replay:Rubber Ducky":99,"Sozu":44,"Calling Bell":99,"Peace Pipe":99,"Centennial Puzzle":89,"Shovel":89,"Fusion Hammer":44,"Bag of Marbles":130,"Runesmith:AutoHammer":34,"PureWater":0,"Toxic Egg 2":75,"Pocketwatch":80}],"Pocketwatch":[75]},"card_choices":[{"not_picked":["Adaptation","Vengeance"],"picked":"Wireheading","floor":0.0},{"not_picked":["Prostrate","EmptyFist"],"picked":"PathToVictory","floor":1.0},{"not_picked":["Replay:BluntJabs","EmptyBody"],"picked":"ThirdEye","floor":5.0},{"not_picked":["Protect","Consecrate"],"picked":"LikeWater","floor":7.0},{"not_picked":["Collect","CarveReality"],"picked":"SignatureMove","floor":10.0},{"not_picked":["CrushJoints","Replay:AtTheReady"],"picked":"DeceiveReality","floor":12.0},{"not_picked":["Weave","FollowUp","SashWhip"],"picked":"SKIP","floor":14.0},{"not_picked":["Alpha","ConjureBlade"],"picked":"SpiritShield","floor":16.0},{"not_picked":["Wireheading","Halt"],"picked":"ThirdEye","floor":18.0},{"not_picked":["Replay:Battleflow+1","EmptyFist","FollowUp"],"picked":"SKIP","floor":19.0},{"not_picked":["EmptyFist","Wallop"],"picked":"Study+1","floor":21.0},{"not_picked":["Collect","Replay:ManipulateFuture","Consecrate+1"],"picked":"SKIP","floor":22.0},{"not_picked":["Prostrate+1","ThirdEye+1"],"picked":"PathToVictory+1","floor":24.0},{"not_picked":["Halt+1","Replay:AtTheReady+1"],"picked":"Wish+1","floor":28},{"not_picked":["FlyingSleeves+1","Conclude","EmptyBody+1"],"picked":"SKIP","floor":29},{"not_picked":["Replay:Battleflow+1","Vengeance+1"],"picked":"DeceiveReality+1","floor":30},{"not_picked":["ConjureBlade+1","Wish+1"],"picked":"Establishment","floor":33},{"not_picked":["Replay:Vibes+1","EmptyBody+1","Evaluate+1"],"picked":"SKIP","floor":35},{"not_picked":["Replay:Vibes+1","EmptyBody+1"],"picked":"Evaluate+1","floor":35},{"not_picked":["SashWhip","ClearTheMind+1","FlurryOfBlows+1"],"picked":"SKIP","floor":36},{"not_picked":["BowlingBash","ClearTheMind+1","TalkToTheHand+1"],"picked":"SKIP","floor":38},{"not_picked":["MentalFortress+1","FlurryOfBlows","Evaluate+1"],"picked":"SKIP","floor":41},{"not_picked":["SandsOfTime","Evaluate+1","Replay:AtTheReady+1"],"picked":"SKIP","floor":45},{"not_picked":["FollowUp+1","ReachHeaven+1","Evaluate+1"],"picked":"SKIP","floor":47},{"not_picked":["Replay:ManipulateFuture+1","CrushJoints+1"],"picked":"ClearTheMind+1","floor":48}],"player_experience":870104,"relics_obtained":[{"floor":7.0,"key":"PreservedInsect"},{"floor":9.0,"key":"Darkstone Periapt"},{"floor":14.0,"key":"Runesmith:AutoHammer"},{"floor":24.0,"key":"Toxic Egg 2"},{"floor":26.0,"key":"ReplayFunnel"},{"floor":28,"key":"Pocketwatch"},{"floor":32,"key":"Centennial Puzzle"},{"floor":34,"key":"Replay:Rubber Ducky"},{"floor":34,"key":"Blue Candle"},{"floor":34,"key":"Peace Pipe"},{"floor":42,"key":"Bag of Marbles"},{"floor":43,"key":"Regal Pillow"},{"floor":44,"key":"Ginger"},{"floor":47,"key":"Replay:Mystery Machine"}],"event_choices":[{"damage_healed":0.0,"max_hp_gain":0.0,"max_hp_loss":0.0,"gold_gain":0.0,"event_name":"Scrap Ooze","player_choice":"Success","floor":3.0,"gold_loss":0.0,"damage_taken":7.0,"relics_obtained":["Smiling Mask"]},{"cards_removed":["Strike_P"],"damage_healed":0.0,"max_hp_gain":0.0,"max_hp_loss":0.0,"gold_gain":0.0,"event_name":"Bonfire Elementals","player_choice":"Offered Basic","floor":4.0,"gold_loss":0.0,"damage_taken":0.0},{"damage_healed":0.0,"max_hp_gain":0.0,"max_hp_loss":0.0,"gold_gain":175.0,"event_name":"Liars Game","player_choice":"AGREE","floor":13.0,"gold_loss":0.0,"damage_taken":0.0,"cards_obtained":["Doubt"]},{"damage_healed":0.0,"max_hp_gain":0.0,"max_hp_loss":0.0,"gold_gain":0.0,"event_name":"Accursed Blacksmith","player_choice":"Forge","floor":20.0,"gold_loss":0.0,"damage_taken":0.0,"cards_upgraded":["SpiritShield"]},{"damage_healed":0,"gold_gain":100,"player_choice":"Bet on Murderer","damage_taken":0,"max_hp_gain":0,"max_hp_loss":0,"event_name":"The Joust","floor":27,"gold_loss":50}],"is_beta":false,"boss_relics":[{"not_picked":["ChewingGum","Ring of Chaos"],"picked":"Replay:Grab Bag"},{"not_picked":["Painkiller Herb","Abe\u0027s Treasure"],"picked":"Fusion Hammer"},{"not_picked":["Coffee Dripper","ReplayTheSpireMod:DimensionalGlitch"],"picked":"Sozu"},{"not_picked":["Runic Pyramid","Snecko Eye"],"picked":"Empty Cage"},{"not_picked":["Replay:Drink Me","SacredBark"],"picked":"Calling Bell"}],"items_purged_floors":[2,11,23,31,37,39],"is_endless":false,"potions_floor_spawned":[7,10,12,14,21,28,30,33,35,36,38,48],"ascension_level":5}}