{"host":"19r1ww88x2tc73i0","time":1613287550,"event":{"mods":["BaseMod","BetterRewards","Colored Map","Minty Spire (QoL Compilation)","Relic Stats","StSLib","SuperFastMode","slay the spire mod where everything is the same but ironclad has a cowboy hat"],"gold_per_floor":[17,17,67,78,96,96,114,143,143,218,228,5,5,25,25,97,97,113,73,73],"floor_reached":19,"language":"ENG","playtime":445,"items_purged":[],"score":338,"play_id":"ae639a20-0f86-49ab-b69e-f0a33a15faaa","local_time":"25640214142550","is_ascension_mode":true,"campfire_choices":[{"data":"Bane","floor":6.0,"key":"SMITH"},{"data":"Deadly Poison","floor":13.0,"key":"SMITH"},{"data":"Neutralize","floor":15,"key":"SMITH"}],"circlet_count":0,"master_deck":["AscendersBane","Strike_G","Strike_G","Strike_G","Defend_G","Defend_G","Defend_G","Defend_G","Defend_G","Survivor","Neutralize+1","Bane+1","Outmaneuver","Dagger Spray+1","Poisoned Stab","Slice","Deadly Poison+1","Adrenaline","Burst"],"relics":["Ring of the Snake","Regal Pillow","The Courier","Mummified Hand","Sozu"],"acts_visited":["Exordium","TheCity"],"potions_floor_usage":[16,18],"damage_taken":[{"damage":5.0,"enemies":"Small Slimes","floor":1.0,"turns":5.0},{"damage":0.0,"enemies":"Cultist","floor":4.0,"turns":3.0},{"damage":0.0,"enemies":"2 Louse","floor":5.0,"turns":2.0},{"damage":1.0,"enemies":"Exordium Thugs","floor":7.0,"turns":5.0},{"damage":12.0,"enemies":"Lagavulin","floor":8.0,"turns":4.0},{"damage":0.0,"enemies":"Looter","floor":11.0,"turns":3.0},{"damage":7,"enemies":"Large Slime","floor":14,"turns":4},{"damage":15,"enemies":"Hexaghost","floor":16,"turns":9},{"damage":26,"enemies":"Spheric Guardian","floor":18,"turns":6},{"damage":4,"enemies":"2 Thieves","floor":19,"turns":2}],"seed_played":"-1073136467747569359","potions_obtained":[{"floor":1.0,"key":"Strength Potion"},{"floor":7.0,"key":"GamblersBrew"},{"floor":14,"key":"DistilledChaos"},{"floor":16,"key":"EssenceOfSteel"}],"is_trial":false,"path_per_floor":["M","?","?","M","M","R","M","E","T","?","M","$","R","M","R","B",null,"M","M"],"character_chosen":"THE_SILENT","items_purchased":["Mummified Hand"],"campfire_rested":0,"item_purchase_floors":[12],"current_hp_per_floor":[54,54,48,48,48,48,47,35,35,24,24,24,24,17,17,2,50,24,20,20],"gold":73,"neow_bonus":"TRANSFORM_TWO_CARDS","is_daily":false,"chose_seed":false,"campfire_upgraded":3,"win_rate":0.0,"timestamp":1613287550,"path_taken":["M","?","?","M","?","R","M","E","T","?","M","$","R","M","R","BOSS","M","M"],"items_purchased_type":["Relic"],"build_version":"2020-12-22","purchased_purges":0,"victory":false,"max_hp_per_floor":[66,66,66,66,66,66,66,66,66,66,66,66,66,66,66,66,66,66,66,66],"relic_stats":{"Sozu":0,"Regal Pillow":0,"counters":[10,43],"Mummified Hand":[0],"obtain_stats":[{"Sozu":17,"Regal Pillow":8,"Mummified Hand":12,"The Courier":9,"Ring of the Snake":0},{"Sozu":8,"Regal Pillow":5,"Mummified Hand":6,"The Courier":5,"Ring of the Snake":0},{"Sozu":35,"Regal Pillow":19,"Mummified Hand":22,"The Courier":19,"Ring of the Snake":0}],"Ring of the Snake":[20]},"card_choices":[{"not_picked":["Calculated Gamble","Cloak And Dagger"],"picked":"Dagger Spray","floor":1.0},{"not_picked":["Slice","Accuracy"],"picked":"Poisoned Stab","floor":4.0},{"not_picked":["Underhanded Strike","Dagger Spray","Cloak And Dagger"],"picked":"SKIP","floor":5.0},{"not_picked":["Concentrate","Distraction"],"picked":"Slice","floor":7.0},{"not_picked":["Backstab","Flying Knee"],"picked":"Deadly Poison","floor":8.0},{"not_picked":["Reflex","Cloak And Dagger","Dagger Spray"],"picked":"SKIP","floor":11.0},{"not_picked":["Dodge and Roll","Well Laid Plans"],"picked":"Adrenaline","floor":14},{"not_picked":["Die Die Die","Grand Finale"],"picked":"Burst","floor":16},{"not_picked":["Acrobatics","Slice","Flying Knee"],"picked":"SKIP","floor":18}],"player_experience":1082096,"relics_obtained":[{"floor":8.0,"key":"Regal Pillow"},{"floor":9.0,"key":"The Courier"}],"event_choices":[{"damage_healed":0.0,"max_hp_gain":0.0,"max_hp_loss":0.0,"gold_gain":0.0,"event_name":"Living Wall","player_choice":"Grow","floor":2.0,"gold_loss":0.0,"damage_taken":0.0,"cards_upgraded":["Dagger Spray"]},{"damage_healed":0.0,"max_hp_gain":0.0,"max_hp_loss":0.0,"gold_gain":50.0,"event_name":"FaceTrader","player_choice":"Touch","floor":3.0,"gold_loss":0.0,"damage_taken":6.0},{"damage_healed":0.0,"max_hp_gain":0.0,"max_hp_loss":0.0,"gold_gain":75.0,"event_name":"World of Goop","player_choice":"Gather Gold","floor":10.0,"gold_loss":0.0,"damage_taken":11.0}],"is_beta":false,"boss_relics":[{"not_picked":["Tiny House","HoveringKite"],"picked":"Sozu"}],"items_purged_floors":[],"is_endless":false,"potions_floor_spawned":[1,7,14,16],"killed_by":"2 Thieves","ascension_level":20}}