{"host":"xc18ixkpjvqrt8st","time":1613321862,"event":{"mods":["Act Like it!","BaseMod","Better Match","Better Third Choice","Conspire","Downfall","Hallownest","Hermit","Minty Spire (QoL Compilation)","Reliquary","Robot Space Explorer","Shop Mod","Spicy Shops","Spire Arcade","StSLib","The Animator","The Edgeheg","The Jungle","The Sage"],"gold_per_floor":[215,229,229,245,270,318,333,233,233,59,334,334,0,25,25,144,144,172,161,209,209,209,209],"floor_reached":22,"language":"ENG","playtime":1370,"items_purged":["Regret"],"score":205,"play_id":"7b8389b3-7044-404d-9eb8-9e2435539ff6","local_time":"20210214105742","is_ascension_mode":true,"campfire_choices":[{"floor":12,"key":"REST"},{"floor":15,"key":"REST"}],"circlet_count":0,"master_deck":["animator:Strike_Overlord","animator:Defend_Overlord","animator:Strike","animator:Strike","animator:Strike","animator:Defend","animator:Defend","animator:Defend","animator:Cocytus","animator:Demiurge","animator:Cocytus","animator:Shichika","Injury","animator:UneriGinkaku","animator:Azekura","animator:Kyubey","animator:YuiTsuruno","Ghostly","animator:Tatsumaki","animator:Cirno","animator:Geryuganshoop+1","animator:ElricEdward","animator:Boros","animator:IrohaTamaki","animator:Mitsuba","animator:Sloth"],"relics":["animator:LivingPicture","animator:TheMissingPiece","Golden Idol","Bottled Lightning","reliquary:TuningFork","Blood Vial","Philosopher\u0027s Stone","reliquary:SharkskinSheath"],"acts_visited":["Exordium","TheCity"],"potions_floor_usage":[6,6,18,19],"damage_taken":[{"damage":1,"enemies":"2 Louse","floor":1,"turns":3},{"damage":11,"enemies":"conspire:RoseBush","floor":2,"turns":4},{"damage":1,"enemies":"Cultist","floor":4,"turns":3},{"damage":9,"enemies":"2 Fungi Beasts","floor":5,"turns":3},{"damage":20,"enemies":"Lagavulin","floor":6,"turns":7},{"damage":0,"enemies":"Large Slime","floor":7,"turns":4},{"damage":3,"enemies":"Lots of Slimes","floor":14,"turns":4},{"damage":28,"enemies":"The Guardian","floor":16,"turns":12},{"damage":39,"enemies":"3 Byrds","floor":18,"turns":4},{"damage":1,"enemies":"2 Thieves","floor":19,"turns":4},{"damage":29,"enemies":"conspire:MimicChest","floor":20,"turns":8},{"damage":24,"enemies":"Snecko","floor":22,"turns":4}],"seed_played":"2808603083737219451","potions_obtained":[{"floor":1,"key":"PowerPotion"},{"floor":2,"key":"SkillPotion"},{"floor":5,"key":"Swift Potion"},{"floor":14,"key":"Block Potion"},{"floor":18,"key":"Strength Potion"}],"is_trial":false,"path_per_floor":["M","M","?","M","M","E","M","?","T","$","?","R","$","M","R","B",null,"M","M","?","?","M"],"character_chosen":"THE_ANIMATOR","items_purchased":["Blood Vial","animator:Tatsumaki","animator:Cirno","animator:Geryuganshoop","AttackPotion"],"campfire_rested":2,"item_purchase_floors":[10,10,13,13,13],"current_hp_per_floor":[65,54,54,53,44,24,25,25,25,25,25,45,45,44,64,38,67,33,37,14,14,0,0],"gold":209,"neow_bonus":"HUNDRED_GOLD","is_daily":false,"chose_seed":false,"campfire_upgraded":0,"win_rate":0.0,"timestamp":1613321862,"path_taken":["M","M","?","M","M","E","M","?","T","$","?","R","$","M","R","BOSS","M","?","?","?","M"],"items_purchased_type":["Relic","Card","Card","Card","Potion"],"build_version":"2020-12-22","purchased_purges":1,"victory":false,"max_hp_per_floor":[66,66,66,66,66,66,67,67,67,67,67,67,67,67,67,67,67,67,67,68,68,68,68],"card_choices":[{"not_picked":["animator:Nanami","animator:AcuraAkari"],"picked":"animator:Cocytus","floor":1},{"not_picked":["animator:NarberalGamma","animator:Fredrika"],"picked":"animator:Shichika","floor":2},{"not_picked":["animator:Guy","animator:Melzalgald"],"picked":"animator:UneriGinkaku","floor":4},{"not_picked":["animator:UneriGinkaku","animator:Togame"],"picked":"animator:Azekura","floor":5},{"not_picked":["animator:MaesHughes","animator:Melzalgald"],"picked":"animator:Kyubey","floor":6},{"not_picked":["animator:Viivi","animator:MumenRider"],"picked":"animator:YuiTsuruno","floor":7},{"not_picked":["animator:TsurugaMeisai","animator:Sloth"],"picked":"animator:ElricEdward","floor":14},{"not_picked":["animator:Guren","animator:HomuraAkemi"],"picked":"animator:Boros","floor":16},{"not_picked":["animator:YuiTsuruno","animator:NagisaMomoe"],"picked":"animator:IrohaTamaki","floor":18},{"not_picked":["animator:HiiragiShinya","animator:Melzalgald"],"picked":"animator:Mitsuba","floor":19},{"not_picked":["animator:Emonzaemon","animator:Tatsumaki"],"picked":"animator:Sloth","floor":20}],"player_experience":719462,"relics_obtained":[{"floor":6,"key":"Bottled Lightning"},{"floor":9,"key":"reliquary:TuningFork"},{"floor":20,"key":"reliquary:SharkskinSheath"}],"event_choices":[{"damage_healed":0,"gold_gain":0,"player_choice":"Take Wound","damage_taken":0,"relics_obtained":["Golden Idol"],"max_hp_gain":0,"max_hp_loss":0,"event_name":"Golden Idol","floor":3,"gold_loss":0,"cards_obtained":["Injury"]},{"damage_healed":0,"gold_gain":0,"player_choice":"Argue","damage_taken":0,"max_hp_gain":0,"max_hp_loss":0,"event_name":"conspire:LoneGhost","floor":8,"gold_loss":0},{"damage_healed":0,"gold_gain":275,"player_choice":"Desecrate","damage_taken":0,"max_hp_gain":0,"max_hp_loss":0,"event_name":"Golden Shrine","floor":11,"gold_loss":0,"cards_obtained":["Regret"]},{"damage_healed":0,"gold_gain":0,"player_choice":"Upgraded","damage_taken":0,"max_hp_gain":0,"max_hp_loss":0,"event_name":"Upgrade Shrine","floor":21,"gold_loss":0,"cards_upgraded":["animator:Geryuganshoop"]}],"is_beta":false,"boss_relics":[{"not_picked":["Pandora\u0027s Box","Cursed Key"],"picked":"Philosopher\u0027s Stone"}],"items_purged_floors":[13],"is_endless":false,"potions_floor_spawned":[1,2,5,14,18],"killed_by":"Snecko","ascension_level":2}}