{"host":"r6lqs70fdfl5jnjl","time":1613298409,"event":{"mods":["Act Like it!","BaseMod","Minty Spire (QoL Compilation)","StSLib"],"gold_per_floor":[117,127,127,202,220,64,64,78,78,78,96,121,131,306,306,306,306],"floor_reached":16,"language":"ZHS","playtime":809,"items_purged":["Strike_R"],"score":102,"play_id":"b80848c9-4ecd-4815-9143-997e3b0c69c4","local_time":"20210214182649","is_ascension_mode":false,"campfire_choices":[{"floor":7.0,"key":"RECALL"},{"data":"Entrench","floor":10.0,"key":"SMITH"},{"floor":15.0,"key":"REST"}],"circlet_count":0,"master_deck":["Strike_R","Strike_R","Strike_R","Strike_R","Defend_R","Defend_R","Defend_R","Defend_R","Bash","Entrench+1","Shrug It Off","Metallicize","Metallicize","Flame Barrier","Body Slam","Doubt"],"relics":["Burning Blood","Sundial"],"acts_visited":[],"potions_floor_usage":[],"damage_taken":[{"damage":2.0,"enemies":"2 Louse","floor":1.0,"turns":3.0},{"damage":3.0,"enemies":"Jaw Worm","floor":2.0,"turns":4.0},{"damage":5.0,"enemies":"Small Slimes","floor":5.0,"turns":4.0},{"damage":19.0,"enemies":"Exordium Wildlife","floor":8.0,"turns":7.0},{"damage":19.0,"enemies":"Gremlin Gang","floor":11.0,"turns":7.0},{"damage":32.0,"enemies":"Lagavulin","floor":12.0,"turns":10.0},{"damage":7.0,"enemies":"Large Slime","floor":13.0,"turns":11.0},{"damage":49,"enemies":"Slime Boss","floor":16,"turns":11}],"seed_played":"-260179871187088450","potions_obtained":[{"floor":8.0,"key":"Energy Potion"},{"floor":11.0,"key":"SteroidPotion"}],"is_trial":false,"path_per_floor":["M","M","?","?","M","$","R","M","T","R","M","E","M","?","R","B"],"character_chosen":"IRONCLAD","items_purchased":["Metallicize"],"campfire_rested":1,"item_purchase_floors":[6],"current_hp_per_floor":[80,80,85,74,75,75,75,62,62,62,49,23,22,22,47,0,0],"gold":306,"neow_bonus":"THREE_CARDS","is_daily":false,"chose_seed":false,"campfire_upgraded":1,"win_rate":0.0,"timestamp":1613298409,"path_taken":["M","M","?","?","M","$","R","M","T","R","M","E","M","?","R","BOSS"],"items_purchased_type":["Card"],"build_version":"2020-12-22","purchased_purges":1,"victory":false,"max_hp_per_floor":[80,80,85,85,85,85,85,85,85,85,85,85,85,85,85,85,85],"card_choices":[{"not_picked":["Dropkick","Metallicize"],"picked":"Entrench","floor":0.0},{"not_picked":["Twin Strike","Warcry"],"picked":"Shrug It Off","floor":1.0},{"not_picked":["Flex","Anger"],"picked":"Metallicize","floor":2.0},{"not_picked":["Pommel Strike","Cleave","Inflame"],"picked":"SKIP","floor":5.0},{"not_picked":["Rage","Heavy Blade","Carnage"],"picked":"SKIP","floor":8.0},{"not_picked":["Limit Break","Twin Strike","Flex"],"picked":"SKIP","floor":11.0},{"not_picked":["Havoc","Clash"],"picked":"Flame Barrier","floor":12.0},{"not_picked":["Searing Blow","Flex"],"picked":"Body Slam","floor":13.0}],"player_experience":32537,"relics_obtained":[{"floor":12.0,"key":"Sundial"}],"event_choices":[{"damage_healed":0.0,"max_hp_gain":5.0,"max_hp_loss":0.0,"gold_gain":0.0,"event_name":"Big Fish","player_choice":"Donut","floor":3.0,"gold_loss":0.0,"damage_taken":0.0},{"damage_healed":0.0,"max_hp_gain":0.0,"max_hp_loss":0.0,"gold_gain":75.0,"event_name":"World of Goop","player_choice":"Gather Gold","floor":4.0,"gold_loss":0.0,"damage_taken":11.0},{"damage_healed":0.0,"max_hp_gain":0.0,"max_hp_loss":0.0,"gold_gain":175.0,"event_name":"Liars Game","player_choice":"AGREE","floor":14.0,"gold_loss":0.0,"damage_taken":0.0,"cards_obtained":["Doubt"]}],"is_beta":false,"boss_relics":[],"items_purged_floors":[6],"is_endless":false,"potions_floor_spawned":[8,11],"killed_by":"Slime Boss","ascension_level":0}}