{"host":"phniwng9zo19jwdb","time":1613334886,"event":{"mods":["AchievementEnabler","BaseMod","Colored Powertips","Dark Map","Faster Ascension Climbing","GifTheSpireLib","Minty Spire (QoL Compilation)","Permanent Neow","Rare Cards Sparkle","Relic Filter Mod","StSLib","Weighted Paths"],"gold_per_floor":[150,184,218,218,271,291,291],"floor_reached":6,"language":"ENG","playtime":209,"items_purged":[],"score":76,"play_id":"1c80d6df-f8f3-4961-9a7d-b60ad397a398","local_time":"20210214213446","is_ascension_mode":true,"campfire_choices":[],"circlet_count":0,"master_deck":["AscendersBane","Strike_G","Strike_G","Strike_G","Strike_G","Strike_G","Defend_G","Defend_G","Defend_G","Defend_G","Defend_G","Survivor","Neutralize","HandOfGreed","Poisoned Stab","Escape Plan","Backflip","Blade Dance"],"relics":["Ring of the Snake"],"acts_visited":["Exordium"],"potions_floor_usage":[6],"damage_taken":[{"damage":0,"enemies":"2 Louse","floor":1,"turns":3},{"damage":0,"enemies":"Cultist","floor":2,"turns":3},{"damage":3,"enemies":"Jaw Worm","floor":3,"turns":4},{"damage":18,"enemies":"Large Slime","floor":5,"turns":11},{"damage":12,"enemies":"3 Sentries","floor":6,"turns":4}],"seed_played":"2776119388555822259","potions_obtained":[{"floor":2,"key":"Block Potion"},{"floor":3,"key":"Energy Potion"}],"is_trial":false,"path_per_floor":["M","M","M","?","M","E"],"character_chosen":"THE_SILENT","items_purchased":[],"campfire_rested":0,"item_purchase_floors":[],"current_hp_per_floor":[44,44,41,37,19,7,7],"gold":291,"neow_bonus":"RANDOM_COLORLESS_2","is_daily":false,"chose_seed":false,"campfire_upgraded":0,"win_rate":0.0,"timestamp":1613334886,"path_taken":["M","M","M","?","M","E"],"items_purchased_type":[],"build_version":"2020-12-22","purchased_purges":0,"victory":false,"max_hp_per_floor":[66,66,66,66,66,66,66],"card_choices":[{"not_picked":["Panache","Violence"],"picked":"HandOfGreed","floor":0},{"not_picked":["Choke","Bane"],"picked":"Poisoned Stab","floor":1},{"not_picked":["Sucker Punch","Heel Hook"],"picked":"Escape Plan","floor":2},{"not_picked":["Catalyst","Leg Sweep"],"picked":"Backflip","floor":3},{"not_picked":["PiercingWail","Dagger Throw"],"picked":"Blade Dance","floor":5}],"player_experience":135678,"relics_obtained":[],"event_choices":[{"damage_healed":0,"gold_gain":0,"player_choice":"Bought 0 Potions","damage_taken":0,"max_hp_gain":0,"max_hp_loss":0,"event_name":"The Woman in Blue","floor":4,"gold_loss":0}],"is_beta":false,"boss_relics":[],"items_purged_floors":[],"is_endless":false,"potions_floor_spawned":[2,3],"killed_by":"3 Sentries","ascension_level":20}}