{"host":"xb2tau8pgi8aflss","time":1613311243,"event":{"mods":["AchievementEnabler","BaseMod","Hermit","Minty Spire (QoL Compilation)","StSLib","SuperFastMode"],"gold_per_floor":[114,127,140,215,235,267,267,294,367,367,367],"floor_reached":10,"language":"KOR","playtime":341,"items_purged":[],"score":94,"play_id":"80a9863a-d077-4421-8726-8a03c4e4bb76","local_time":"20210214230043","is_ascension_mode":true,"campfire_choices":[{"floor":7,"key":"REST"}],"circlet_count":0,"master_deck":["hermit:Strike_Hermit","hermit:Strike_Hermit","hermit:Strike_Hermit","hermit:Defend_Hermit","hermit:Defend_Hermit","hermit:Defend_Hermit","hermit:Snapshot","hermit:Covet","hermit:WideOpen","hermit:GhostlyPresence","hermit:Virtue","hermit:Quickdraw"],"relics":["hermit:Momento","Pantograph","CaptainsWheel","Mummified Hand"],"acts_visited":["Exordium"],"potions_floor_usage":[6,8],"damage_taken":[{"damage":0.0,"enemies":"Small Slimes","floor":1.0,"turns":2.0},{"damage":2,"enemies":"Jaw Worm","floor":2,"turns":2},{"damage":0,"enemies":"Cultist","floor":3,"turns":3},{"damage":10,"enemies":"Blue Slaver","floor":5,"turns":4},{"damage":27,"enemies":"3 Sentries","floor":6,"turns":10},{"damage":22,"enemies":"Gremlin Nob","floor":8,"turns":4},{"damage":24,"enemies":"3 Sentries","floor":10,"turns":4}],"seed_played":"5811117506288960045","potions_obtained":[{"floor":5,"key":"DistilledChaos"},{"floor":6,"key":"FearPotion"}],"is_trial":false,"path_per_floor":["M","M","M","?","M","E","R","E","T","E"],"character_chosen":"HERMIT","items_purchased":[],"campfire_rested":1,"item_purchase_floors":[],"current_hp_per_floor":[68,66,66,55,45,18,38,16,16,0,0],"gold":367,"neow_bonus":"REMOVE_TWO","is_daily":false,"chose_seed":false,"campfire_upgraded":0,"win_rate":0.0,"timestamp":1613311243,"path_taken":["M","M","M","?","M","E","R","E","T","E"],"items_purchased_type":[],"build_version":"2020-12-22","purchased_purges":0,"victory":false,"max_hp_per_floor":[68,68,68,68,68,68,68,68,68,68,68],"card_choices":[{"not_picked":["hermit:Headshot","hermit:HighCaliber"],"picked":"hermit:WideOpen","floor":1},{"not_picked":["hermit:Manifest","hermit:Malice","hermit:SprayPray"],"picked":"SKIP","floor":2},{"not_picked":["hermit:Manifest","hermit:Malice","hermit:SprayPray"],"picked":"SKIP","floor":2},{"not_picked":["hermit:ShadowCloak","hermit:Coalescence"],"picked":"hermit:GhostlyPresence","floor":3},{"not_picked":["hermit:Cheat","hermit:HighCaliber"],"picked":"hermit:Virtue","floor":5},{"not_picked":["hermit:Brawl","hermit:Desperado"],"picked":"hermit:Quickdraw","floor":6},{"not_picked":["hermit:Reprieve","hermit:Ricochet","hermit:PistolWhip"],"picked":"SKIP","floor":8}],"player_experience":837677,"relics_obtained":[{"floor":6,"key":"Pantograph"},{"floor":8,"key":"CaptainsWheel"},{"floor":9,"key":"Mummified Hand"}],"event_choices":[{"damage_healed":0,"gold_gain":75,"player_choice":"Gather Gold","damage_taken":11,"max_hp_gain":0,"max_hp_loss":0,"event_name":"World of Goop","floor":4,"gold_loss":0}],"is_beta":false,"boss_relics":[],"items_purged_floors":[],"is_endless":false,"potions_floor_spawned":[5,6],"killed_by":"3 Sentries","ascension_level":4}}