{"host":"3jpcvpprzj9sjffh","time":1613309572,"event":{"mods":["AchievementEnabler","BaseMod","Colored Map","Minty Spire (QoL Compilation)","Rare Cards Sparkle","SuperFastMode","everything is the same but u backflip on backflip"],"gold_per_floor":[110,130,149,70,70,98,98,29,52,83,48,66,76,151,151,248,248,262,23,37,51,51,51],"floor_reached":22,"language":"KOR","playtime":722,"items_purged":[],"score":196,"play_id":"da3cdfa0-a2bd-417c-8ba0-0268a1d27616","local_time":"20210214223252","is_ascension_mode":false,"campfire_choices":[{"data":"Dropkick","floor":7,"key":"SMITH"},{"floor":15,"key":"REST"}],"circlet_count":0,"master_deck":["Strike_R","Strike_R","Strike_R","Strike_R","Strike_R","Defend_R","Defend_R","Defend_R","Defend_R","Bash","Dropkick+1","Carnage","Shrug It Off","Evolve","Shrug It Off","Rage","Perfected Strike","Feel No Pain","Pummel","Juggernaut","True Grit","Bandage Up","Heavy Blade","Armaments+1"],"relics":["Burning Blood","Anchor","Red Skull","Letter Opener","Toy Ornithopter","SlaversCollar","Blood Vial"],"acts_visited":["Exordium","TheCity"],"potions_floor_usage":[6,16,16,21,22],"damage_taken":[{"damage":7,"enemies":"Small Slimes","floor":1,"turns":3},{"damage":0,"enemies":"2 Louse","floor":2,"turns":2},{"damage":0,"enemies":"Jaw Worm","floor":3,"turns":3},{"damage":36,"enemies":"Lagavulin","floor":6,"turns":6},{"damage":14,"enemies":"Gremlin Nob","floor":10,"turns":4},{"damage":0,"enemies":"3 Louse","floor":12,"turns":2},{"damage":15,"enemies":"Gremlin Gang","floor":13,"turns":5},{"damage":71,"enemies":"The Guardian","floor":16,"turns":12},{"damage":70,"enemies":"3 Byrds","floor":18,"turns":8},{"damage":19,"enemies":"Shell Parasite","floor":20,"turns":7},{"damage":14,"enemies":"Snecko","floor":21,"turns":5},{"damage":22,"enemies":"Snake Plant","floor":22,"turns":2}],"seed_played":"7959762164288471863","potions_obtained":[{"floor":1,"key":"Block Potion"},{"floor":2,"key":"FearPotion"},{"floor":6,"key":"Fire Potion"},{"floor":18,"key":"SkillPotion"},{"floor":20,"key":"Strength Potion"}],"is_trial":false,"path_per_floor":["M","M","M","$","?","E","R","$","T","E","?","M","M","?","R","B",null,"M","$","M","M","M"],"character_chosen":"IRONCLAD","items_purchased":["Evolve","Rage","Bandage Up","Blood Vial"],"campfire_rested":1,"item_purchase_floors":[4,8,19,19],"current_hp_per_floor":[79,80,80,80,73,43,43,43,43,35,55,61,52,41,65,10,80,16,16,9,12,0,0],"gold":51,"neow_bonus":"RANDOM_COMMON_RELIC","is_daily":false,"chose_seed":false,"campfire_upgraded":1,"win_rate":0.0,"timestamp":1613309572,"path_taken":["M","M","M","$","?","E","R","$","T","E","?","M","M","?","R","BOSS","M","$","M","M","M"],"items_purchased_type":["Card","Card","Card","Relic"],"build_version":"2020-12-22","purchased_purges":0,"victory":false,"max_hp_per_floor":[80,80,80,80,80,80,80,80,80,80,80,80,80,80,80,80,80,80,80,80,80,80,80],"card_choices":[{"not_picked":["Shockwave","Cleave"],"picked":"Dropkick","floor":1},{"not_picked":["Heavy Blade","Twin Strike"],"picked":"Carnage","floor":2},{"not_picked":["Warcry","Headbutt"],"picked":"Shrug It Off","floor":3},{"not_picked":["Dropkick","Sentinel"],"picked":"Shrug It Off","floor":6},{"not_picked":["Shrug It Off","Havoc"],"picked":"Perfected Strike","floor":10},{"not_picked":["Thunderclap","Anger"],"picked":"Feel No Pain","floor":12},{"not_picked":["Searing Blow","Shrug It Off"],"picked":"Pummel","floor":13},{"not_picked":["Exhume","Berserk"],"picked":"Juggernaut","floor":16},{"not_picked":["Clash","Carnage"],"picked":"True Grit","floor":18},{"not_picked":["Sword Boomerang","Rupture"],"picked":"Heavy Blade","floor":20},{"not_picked":["Perfected Strike","Sword Boomerang"],"picked":"Armaments+1","floor":21}],"player_experience":328327,"relics_obtained":[{"floor":6,"key":"Letter Opener"},{"floor":10,"key":"Toy Ornithopter"}],"event_choices":[{"damage_healed":0,"gold_gain":0,"player_choice":"Success","damage_taken":7,"relics_obtained":["Red Skull"],"max_hp_gain":0,"max_hp_loss":0,"event_name":"Scrap Ooze","floor":5,"gold_loss":0},{"damage_healed":20,"gold_gain":0,"player_choice":"Healed","damage_taken":0,"max_hp_gain":0,"max_hp_loss":0,"event_name":"The Cleric","floor":11,"gold_loss":35},{"damage_healed":0,"gold_gain":75,"player_choice":"Gather Gold","damage_taken":11,"max_hp_gain":0,"max_hp_loss":0,"event_name":"World of Goop","floor":14,"gold_loss":0}],"is_beta":false,"boss_relics":[{"not_picked":["Busted Crown","Black Star"],"picked":"SlaversCollar"}],"items_purged_floors":[],"is_endless":false,"potions_floor_spawned":[1,2,6,18,20],"killed_by":"Snake Plant","ascension_level":0}}