{"host":"i4d8tgqbnmcnjm0a","time":1613291444,"event":{"mods":["BaseMod","Keyboard Shortcuts","Minty Spire (QoL Compilation)"],"gold_per_floor":[17,27,40,53,71,71,105,121,121,154,154,172,172,172,172,293,293,314,529,553,567,586,586,621,389,412,448,448,486,486,511,511,635,698,721,746,761,251,270,306,343,368,380,725,787,799,831,876,888,900],"floor_reached":51,"language":"ENG","playtime":5131,"items_purged":["Defend_B","Strike_B"],"score":984,"play_id":"e878043e-4ccf-438a-8ecd-ebbd99eee15c","local_time":"20210214033044","is_ascension_mode":true,"campfire_choices":[{"data":"Streamline","floor":6,"key":"SMITH"},{"floor":11,"key":"REST"},{"floor":15,"key":"REST"},{"floor":23,"key":"REST"},{"floor":28,"key":"REST"},{"floor":30,"key":"REST"},{"data":"Hello World","floor":32,"key":"SMITH"},{"data":"Electrodynamics","floor":49,"key":"SMITH"}],"circlet_count":0,"master_deck":["Strike_B","Strike_B","Strike_B","Defend_B","Defend_B","Defend_B","Zap","Dualcast","Streamline+1","Sweeping Beam","Auto Shields+1","BootSequence","Double Energy","All For One","Gash","Electrodynamics+1","CurseOfTheBell","Steam","Steam+1","Conserve Battery","Genetic Algorithm","Reboot","Steam+1","Gash","Hello World+1","Core Surge","Gash","Go for the Eyes","Hologram+1","Aggregate+1","Gash","Hologram","Master of Strategy","Beam Cell","Skim","Stack","Stack","Seek"],"relics":["Cracked Core","Unceasing Top","Bag of Preparation","Matryoshka","PreservedInsect","Blood Vial","Calling Bell","Toy Ornithopter","Eternal Feather","FossilizedHelix","Old Coin","Dream Catcher","Membership Card","Art of War","White Beast Statue","Bottled Flame","Smiling Mask","Lantern","Tiny House","Kunai","Pantograph","Lee\u0027s Waffle","MawBank","Meat on the Bone","Gambling Chip","Cables","Nunchaku"],"acts_visited":["Exordium","TheCity","TheBeyond"],"potions_floor_usage":[7,8,10,16,16,21,27,33,33,35,37,39,40,41,42,45,50,50,50],"damage_taken":[{"damage":1,"enemies":"Cultist","floor":1,"turns":3},{"damage":3,"enemies":"2 Louse","floor":2,"turns":2},{"damage":7,"enemies":"Jaw Worm","floor":3,"turns":2},{"damage":8,"enemies":"Exordium Thugs","floor":4,"turns":4},{"damage":0,"enemies":"Large Slime","floor":5,"turns":5},{"damage":20,"enemies":"Lagavulin","floor":7,"turns":5},{"damage":0,"enemies":"Blue Slaver","floor":8,"turns":2},{"damage":9,"enemies":"3 Sentries","floor":10,"turns":5},{"damage":3,"enemies":"Exordium Wildlife","floor":12,"turns":2},{"damage":29,"enemies":"Hexaghost","floor":16,"turns":10},{"damage":7,"enemies":"3 Byrds","floor":18,"turns":2},{"damage":0,"enemies":"Spheric Guardian","floor":20,"turns":4},{"damage":25,"enemies":"Snake Plant","floor":21,"turns":5},{"damage":19,"enemies":"3 Cultists","floor":22,"turns":5},{"damage":15,"enemies":"Slavers","floor":24,"turns":3},{"damage":20,"enemies":"Book of Stabbing","floor":27,"turns":5},{"damage":60,"enemies":"Gremlin Leader","floor":29,"turns":9},{"damage":26,"enemies":"Champ","floor":33,"turns":10},{"damage":0,"enemies":"Orb Walker","floor":35,"turns":4},{"damage":12,"enemies":"3 Shapes","floor":36,"turns":6},{"damage":3,"enemies":"Jaw Worm Horde","floor":37,"turns":6},{"damage":0,"enemies":"Transient","floor":39,"turns":5},{"damage":0,"enemies":"Nemesis","floor":40,"turns":5},{"damage":0,"enemies":"4 Shapes","floor":41,"turns":4},{"damage":20,"enemies":"Sphere and 2 Shapes","floor":42,"turns":6},{"damage":0,"enemies":"Mind Bloom Boss Battle","floor":45,"turns":7},{"damage":0,"enemies":"3 Darklings","floor":47,"turns":3},{"damage":0,"enemies":"Reptomancer","floor":48,"turns":4},{"damage":55,"enemies":"Time Eater","floor":50,"turns":12}],"seed_played":"5394119906358688065","potions_obtained":[{"floor":2,"key":"PowerPotion"},{"floor":4,"key":"BlessingOfTheForge"},{"floor":7,"key":"PowerPotion"},{"floor":8,"key":"Dexterity Potion"},{"floor":12,"key":"SpeedPotion"},{"floor":18,"key":"DistilledChaos"},{"floor":21,"key":"CultistPotion"},{"floor":29,"key":"SkillPotion"},{"floor":33,"key":"Block Potion"},{"floor":34,"key":"GamblersBrew"},{"floor":35,"key":"Weak Potion"},{"floor":36,"key":"SteroidPotion"},{"floor":37,"key":"SteroidPotion"},{"floor":39,"key":"Explosive Potion"},{"floor":40,"key":"Fire Potion"},{"floor":41,"key":"ColorlessPotion"},{"floor":42,"key":"BlessingOfTheForge"},{"floor":45,"key":"SteroidPotion"},{"floor":48,"key":"PotionOfCapacity"}],"is_trial":false,"path_per_floor":["M","M","M","M","M","R","E","M","T","E","R","M","?","?","R","B",null,"M","?","M","M","M","R","E","$","T","E","R","E","R","T","R","B",null,"M","M","M","$","M","E","M","M","T","?","?","T","M","E","R","B",null],"character_chosen":"DEFECT","items_purchased":["Membership Card","Genetic Algorithm","Fire Potion","Gash","Hologram","Master of Strategy","Kunai","Pantograph","Lee\u0027s Waffle"],"campfire_rested":5,"item_purchase_floors":[25,25,25,38,38,38,38,38,38],"current_hp_per_floor":[74,71,64,56,56,56,36,36,36,27,49,46,28,10,32,5,75,68,68,70,52,35,69,56,56,56,43,75,15,52,52,67,49,80,80,68,72,87,87,87,87,67,67,67,87,87,87,87,87,51],"gold":912,"neow_bonus":"ONE_RARE_RELIC","is_daily":false,"chose_seed":false,"campfire_upgraded":3,"win_rate":0.0,"timestamp":1613291444,"path_taken":["M","M","M","M","M","R","E","M","T","E","R","M","?","?","R","BOSS","M","?","M","M","M","R","E","$","T","E","R","E","R","?","R","BOSS","M","M","M","$","M","E","M","M","T","?","?","?","?","E","R","BOSS"],"items_purchased_type":["Relic","Card","Potion","Card","Card","Card","Relic","Relic","Relic"],"build_version":"2020-12-22","purchased_purges":2,"victory":true,"max_hp_per_floor":[75,75,75,75,75,75,75,75,75,75,75,75,75,75,75,75,75,75,75,75,75,75,75,75,75,75,75,75,75,75,75,75,75,80,80,80,80,87,87,87,87,87,87,87,87,87,87,87,87,87],"card_choices":[{"not_picked":["Steam Power","Stack"],"picked":"Streamline","floor":1},{"not_picked":["Blizzard","Consume"],"picked":"Sweeping Beam","floor":2},{"not_picked":["Static Discharge","Double Energy"],"picked":"Auto Shields","floor":3},{"not_picked":["Compile Driver","Gash"],"picked":"BootSequence","floor":4},{"not_picked":["Compile Driver","Skim"],"picked":"Double Energy","floor":5},{"not_picked":["Darkness","Double Energy","Turbo"],"picked":"SKIP","floor":7},{"not_picked":["Rebound","Skim"],"picked":"All For One","floor":8},{"not_picked":["Undo","Rebound"],"picked":"Gash","floor":10},{"not_picked":["Steam","Force Field","Compile Driver"],"picked":"SKIP","floor":12},{"not_picked":["Echo Form","Creative AI"],"picked":"Electrodynamics","floor":16},{"not_picked":["Barrage","Chaos+1"],"picked":"Steam","floor":18},{"not_picked":["Streamline+1","Coolheaded"],"picked":"Steam+1","floor":20},{"not_picked":["Tempest+1","Redo"],"picked":"Conserve Battery","floor":21},{"not_picked":["Conserve Battery","Steam","Rebound"],"picked":"SKIP","floor":22},{"not_picked":["Recycle","Chaos","Creative AI"],"picked":"SKIP","floor":24},{"not_picked":["Static Discharge","Steam Power"],"picked":"Reboot","floor":27},{"not_picked":["Lockon","Rebound"],"picked":"Steam+1","floor":28},{"not_picked":["Tempest+1","Machine Learning"],"picked":"Gash","floor":29},{"not_picked":["Conserve Battery","Turbo"],"picked":"Hello World","floor":30},{"not_picked":["Hyperbeam","Creative AI"],"picked":"Core Surge","floor":33},{"not_picked":["Defragment","Sweeping Beam"],"picked":"Gash","floor":34},{"not_picked":["Steam","Turbo+1"],"picked":"Go for the Eyes","floor":35},{"not_picked":["Coolheaded+1","Beam Cell"],"picked":"Hologram+1","floor":36},{"not_picked":["Steam","Barrage"],"picked":"Aggregate+1","floor":37},{"not_picked":["Conserve Battery+1","Barrage"],"picked":"Beam Cell","floor":39},{"not_picked":["Rebound+1","Biased Cognition"],"picked":"Skim","floor":40},{"not_picked":["Barrage","Storm+1"],"picked":"Stack","floor":41},{"not_picked":["Undo","Cold Snap","Coolheaded+1"],"picked":"SKIP","floor":42},{"not_picked":["Sweeping Beam","Streamline+1"],"picked":"Stack","floor":45},{"not_picked":["Redo+1","Stack"],"picked":"Seek","floor":47},{"not_picked":["Cold Snap+1","Ball Lightning+1","Hello World+1"],"picked":"SKIP","floor":48}],"player_experience":324368,"relics_obtained":[{"floor":7,"key":"Bag of Preparation"},{"floor":9,"key":"Matryoshka"},{"floor":10,"key":"PreservedInsect"},{"floor":17,"key":"Toy Ornithopter"},{"floor":17,"key":"Eternal Feather"},{"floor":17,"key":"FossilizedHelix"},{"floor":24,"key":"Dream Catcher"},{"floor":26,"key":"Art of War"},{"floor":27,"key":"White Beast Statue"},{"floor":29,"key":"Bottled Flame"},{"floor":31,"key":"Smiling Mask"},{"floor":31,"key":"Lantern"},{"floor":40,"key":"MawBank"},{"floor":43,"key":"Meat on the Bone"},{"floor":45,"key":"Gambling Chip"},{"floor":46,"key":"Cables"},{"floor":48,"key":"Nunchaku"}],"event_choices":[{"damage_healed":0,"gold_gain":0,"player_choice":"Take Damage","damage_taken":18,"relics_obtained":["Golden Idol"],"max_hp_gain":0,"max_hp_loss":0,"event_name":"Golden Idol","floor":13,"gold_loss":0},{"damage_healed":0,"gold_gain":0,"player_choice":"Success","damage_taken":18,"relics_obtained":["Blood Vial"],"max_hp_gain":0,"max_hp_loss":0,"event_name":"Scrap Ooze","floor":14,"gold_loss":0},{"damage_healed":0,"gold_gain":0,"player_choice":"Obtained Relic","damage_taken":0,"relics_obtained":["Old Coin"],"max_hp_gain":0,"max_hp_loss":0,"event_name":"Addict","floor":19,"gold_loss":85},{"damage_healed":0,"gold_gain":333,"player_choice":"Gave Idol","damage_taken":0,"max_hp_gain":0,"max_hp_loss":0,"event_name":"The Moai Head","floor":44,"relics_lost":["Golden Idol"],"gold_loss":0},{"damage_healed":0,"gold_gain":0,"player_choice":"Fight","damage_taken":0,"max_hp_gain":0,"max_hp_loss":0,"event_name":"MindBloom","floor":45,"gold_loss":0}],"is_beta":false,"boss_relics":[{"not_picked":["Philosopher\u0027s Stone","Astrolabe"],"picked":"Calling Bell"},{"not_picked":["Snecko Eye","Velvet Choker"],"picked":"Tiny House"}],"items_purged_floors":[25,38],"is_endless":false,"potions_floor_spawned":[2,4,7,8,12,18,21,29,33,35,36,37,39,40,41,42,45,47,48],"ascension_level":2}}