{"host":"y27lpgkuecypkeb8","time":1613321516,"event":{"mods":["AchievementEnabler","BaseMod","Colored Map","Colored Powertips","DeckTracker","Hermit","Highlight Path","Infinite Spire","Minty Spire (QoL Compilation)","Permanent Neow","Rare Cards Sparkle","Relic Sorter","Replay The Spire","Spicy Shops","StSLib","The Servant 0.9.4","Together in Spire"],"gold_per_floor":[109,109,124,124,143,143,178,178,178,178,178,196,208,308,308,413,413,423,423,423,438,528,528,528,528,528,528,528],"floor_reached":27,"language":"ENG","playtime":1794,"items_purged":[],"score":211,"play_id":"bb85d2a2-0622-4ead-a210-6c5483de4ea2","local_time":"20210215005156","is_ascension_mode":false,"campfire_choices":[{"data":"Dagger Spray","floor":6.0,"key":"SMITH"},{"data":"Phantasmal Killer","floor":8.0,"key":"SMITH"},{"data":"Neutralize","floor":11.0,"key":"SMITH"},{"data":"Bane","floor":15.0,"key":"SMITH"},{"data":"Envenom","floor":25,"key":"SMITH"}],"circlet_count":0,"master_deck":["Strike_G","Strike_G","Strike_G","Strike_G","Strike_G","Defend_G","Defend_G","Defend_G","Defend_G","Survivor","Neutralize+1","Bane+1","PiercingWail","Dagger Spray+1","Phantasmal Killer+1","Delirium","Poisoned Stab","Envenom+1","Prepared","Necronomicurse","Flying Knee+1","infinitespire:DeathsTouch"],"relics":["Ring of the Snake","NeowsBlessing","HornCleat","Bronze Scales","Paper Crane","Ring of Hypnosis","SacredBark","Necronomicon","Ring of Fangs","Ring of Fury","ReplayFunnel","Replay:Bottled Snecko"],"acts_visited":["TheCity"],"potions_floor_usage":[24],"damage_taken":[{"damage":0.0,"enemies":"Small Slimes","floor":1.0,"turns":1.0},{"damage":0.0,"enemies":"Jaw Worm","floor":3.0,"turns":1.0},{"damage":0.0,"enemies":"Cultist","floor":5.0,"turns":1.0},{"damage":1.0,"enemies":"Replay:BlueRogue","floor":7.0,"turns":2.0},{"damage":0.0,"enemies":"Looter","floor":12.0,"turns":1.0},{"damage":0.0,"enemies":"3 Louse","floor":13.0,"turns":1.0},{"damage":2,"enemies":"Fading Forest","floor":16,"turns":4},{"damage":2,"enemies":"Shell Parasite","floor":18,"turns":3},{"damage":0,"enemies":"Spheric Guardian","floor":21,"turns":2},{"damage":0,"enemies":"Centurion and Healer","floor":24,"turns":1},{"damage":0,"enemies":"Nightmare","floor":27,"turns":1}],"seed_played":"-256849556390087202","potions_obtained":[{"floor":1.0,"key":"Adrenaline Potion"},{"floor":3.0,"key":"SmokeBomb"},{"floor":7.0,"key":"SkillPotion"}],"is_trial":false,"path_per_floor":["M","?","M","?","M","R","E","R","T","?","R","M","M","?","R","B",null,"M","?","?","M","?","AVR","M","R","T","NM"],"character_chosen":"THE_SILENT","items_purchased":[],"campfire_rested":0,"item_purchase_floors":[],"current_hp_per_floor":[70,63,63,63,63,63,62,62,62,62,62,62,62,62,62,60,70,68,52,52,52,40,40,40,40,40,40,40],"gold":528,"neow_bonus":"THREE_ENEMY_KILL","is_daily":false,"chose_seed":false,"campfire_upgraded":5,"win_rate":0.0,"timestamp":1613321516,"path_taken":["M","?","M","?","M","R","E","R","T","?","R","M","M","?","R","BOSS","M","?","?","M","?","AVR","M","R","T","NM"],"items_purchased_type":[],"build_version":"2020-12-22","purchased_purges":0,"victory":false,"max_hp_per_floor":[70,70,70,70,70,70,70,70,70,70,70,70,70,70,70,70,70,70,70,70,70,70,70,70,70,70,70,70],"card_choices":[{"not_picked":["Reflex","Dodge and Roll"],"picked":"Bane","floor":1.0},{"not_picked":["ReplayTheSpireMod:Tripwire","Flechettes"],"picked":"PiercingWail","floor":3.0},{"not_picked":["Slice","Acrobatics"],"picked":"Dagger Spray","floor":5.0},{"not_picked":["Malaise","Prepared"],"picked":"Phantasmal Killer","floor":7.0},{"not_picked":["Dodge and Roll","Bane"],"picked":"Poisoned Stab","floor":12.0},{"not_picked":["PiercingWail","Predator","Expertise"],"picked":"SKIP","floor":13.0},{"not_picked":["Replay:Bag of Tricks","Adrenaline"],"picked":"Envenom","floor":16},{"not_picked":["Bane","Outmaneuver+1"],"picked":"Prepared","floor":18},{"not_picked":["Quick Slash","Heel Hook"],"picked":"Flying Knee+1","floor":21}],"player_experience":24716,"relics_obtained":[{"floor":4.0,"key":"HornCleat"},{"floor":7.0,"key":"Bronze Scales"},{"floor":9.0,"key":"Paper Crane"},{"floor":10.0,"key":"Ring of Hypnosis"},{"floor":19,"key":"Necronomicon"},{"floor":20,"key":"Ring of Fangs"},{"floor":20,"key":"Ring of Fury"},{"floor":26,"key":"Replay:Bottled Snecko"}],"event_choices":[{"cards_removed":["Defend_G"],"damage_healed":0.0,"max_hp_gain":0.0,"max_hp_loss":0.0,"gold_gain":0.0,"event_name":"Golden Wing","player_choice":"Card Removal","floor":2.0,"gold_loss":0.0,"damage_taken":7.0},{"damage_healed":0.0,"max_hp_gain":0.0,"max_hp_loss":0.0,"gold_gain":100.0,"event_name":"Wheel of Change","player_choice":"Gold","floor":14.0,"gold_loss":0.0,"damage_taken":0.0},{"damage_healed":0,"gold_gain":0,"player_choice":"Obtained Book","damage_taken":16,"max_hp_gain":0,"max_hp_loss":0,"event_name":"Cursed Tome","floor":19,"gold_loss":0},{"damage_healed":0,"gold_gain":90,"player_choice":"GOLD ","damage_taken":12,"max_hp_gain":0,"max_hp_loss":0,"event_name":"Knowing Skull","floor":22,"potions_obtained":[],"gold_loss":0,"cards_obtained":[]}],"is_beta":false,"boss_relics":[{"not_picked":["Astrolabe","Snecko Scales"],"picked":"SacredBark"}],"items_purged_floors":[],"is_endless":false,"potions_floor_spawned":[1,3,7,13,18,21],"killed_by":"Nightmare","ascension_level":0}}