{"host":"wmojtwekh6s3tor5","time":1613308810,"event":{"mods":["BaseMod","Colored Map","Colored Powertips","DeckTracker","Highlight Path","Minty Spire (QoL Compilation)","StSLib"],"gold_per_floor":[112,112,122,141,155,155,155,155,201,201,201,201,201,220,220,323,323,343,362,55,69,84,84,109,109,109,129,129,129,145,145,145,145,145],"floor_reached":33,"language":"ZHS","playtime":2357,"items_purged":[],"score":334,"play_id":"ef0e11f4-f206-45c1-ac80-e17e6094bf28","local_time":"20210214212010","is_ascension_mode":true,"campfire_choices":[{"data":"Rampage","floor":6.0,"key":"SMITH"},{"data":"Flex","floor":8.0,"key":"SMITH"},{"data":"Bash","floor":10.0,"key":"SMITH"},{"data":"Metallicize","floor":12.0,"key":"SMITH"},{"data":"Defend_R","floor":15.0,"key":"SMITH"},{"floor":23,"key":"REST"},{"floor":25,"key":"REST"},{"floor":28,"key":"REST"},{"data":"Pommel Strike","floor":32,"key":"SMITH"}],"circlet_count":0,"master_deck":["Strike_R","Strike_R","Strike_R","Strike_R","Defend_R+1","Defend_R+1","Defend_R","Defend_R+1","Bash+1","Metallicize+1","Flex+1","Rampage+1","CurseOfTheBell","Cleave+1","Pommel Strike+1","Pommel Strike+1"],"relics":["Burning Blood","NeowsBlessing","Vajra","Smiling Mask","Calling Bell","Bag of Marbles","StrikeDummy","Charon\u0027s Ashes","Sling","Bronze Scales","Centennial Puzzle","White Beast Statue"],"acts_visited":["Exordium","TheCity"],"potions_floor_usage":[21,22,30],"damage_taken":[{"damage":0.0,"enemies":"Cultist","floor":1.0,"turns":1.0},{"damage":0.0,"enemies":"Jaw Worm","floor":3.0,"turns":1.0},{"damage":0.0,"enemies":"Small Slimes","floor":4.0,"turns":2.0},{"damage":7.0,"enemies":"Exordium Wildlife","floor":5.0,"turns":3.0},{"damage":1.0,"enemies":"Blue Slaver","floor":14.0,"turns":4.0},{"damage":34.0,"enemies":"Slime Boss","floor":16.0,"turns":12.0},{"damage":16.0,"enemies":"Shell Parasite","floor":18.0,"turns":5.0},{"damage":20.0,"enemies":"2 Thieves","floor":19.0,"turns":5.0},{"damage":21,"enemies":"Snake Plant","floor":21,"turns":3},{"damage":33,"enemies":"Shelled Parasite and Fungi","floor":22,"turns":6},{"damage":37,"enemies":"Gremlin Leader","floor":24,"turns":5},{"damage":6,"enemies":"Snecko","floor":27,"turns":3},{"damage":11,"enemies":"Snake Plant","floor":30,"turns":3},{"damage":86,"enemies":"Champ","floor":33,"turns":11}],"seed_played":"8227633008612816888","potions_obtained":[{"floor":1.0,"key":"Ancient Potion"},{"floor":3.0,"key":"FearPotion"},{"floor":16.0,"key":"EssenceOfSteel"},{"floor":21,"key":"BloodPotion"},{"floor":27,"key":"BlessingOfTheForge"},{"floor":30,"key":"SpeedPotion"}],"is_trial":false,"path_per_floor":["M","$","M","M","M","R","?","R","T","R","?","R","T","M","R","B",null,"M","M","$","M","M","R","E","R","T","M","R","?","M","?","R","B"],"character_chosen":"IRONCLAD","items_purchased":["Sling","Bronze Scales"],"campfire_rested":3,"item_purchase_floors":[20,20],"current_hp_per_floor":[78,78,80,80,79,79,72,72,72,72,56,56,56,61,61,33,68,58,44,44,29,18,42,11,35,35,35,59,80,75,75,75,0,0],"gold":145,"neow_bonus":"THREE_ENEMY_KILL","is_daily":false,"chose_seed":false,"campfire_upgraded":6,"win_rate":0.0,"timestamp":1613308810,"path_taken":["M","$","M","?","M","R","?","R","T","R","?","R","?","M","R","BOSS","M","M","$","M","M","R","E","R","T","M","R","?","M","?","R","BOSS"],"items_purchased_type":["Relic","Relic"],"build_version":"2020-12-22","purchased_purges":0,"victory":false,"max_hp_per_floor":[80,80,80,80,80,80,80,80,80,80,80,80,80,80,80,80,80,80,80,80,80,80,80,80,80,80,80,80,80,80,80,80,80,80],"card_choices":[{"not_picked":["Disarm","Iron Wave"],"picked":"Metallicize","floor":1.0},{"not_picked":["Havoc","Dark Embrace"],"picked":"Flex","floor":3.0},{"not_picked":["Wild Strike","Body Slam"],"picked":"Rampage","floor":4.0},{"not_picked":["Flex","Shrug It Off","Armaments"],"picked":"SKIP","floor":5.0},{"not_picked":["Flex","Shrug It Off","Armaments"],"picked":"SKIP","floor":5.0},{"not_picked":["Combust","Reaper","Rupture"],"picked":"SKIP","floor":14.0},{"not_picked":["Iron Wave","Armaments+1","Pommel Strike"],"picked":"SKIP","floor":18.0},{"not_picked":["Fire Breathing","Sever Soul"],"picked":"Cleave+1","floor":19.0},{"not_picked":["Clothesline+1","Metallicize+1"],"picked":"Pommel Strike","floor":21},{"not_picked":["Dark Embrace+1","Armaments","Blood for Blood"],"picked":"SKIP","floor":22},{"not_picked":["Evolve","Headbutt","Sword Boomerang+1"],"picked":"SKIP","floor":24},{"not_picked":["Brutality","Perfected Strike"],"picked":"Pommel Strike","floor":27},{"not_picked":["Pummel","Second Wind","Pommel Strike"],"picked":"SKIP","floor":30}],"player_experience":617669,"relics_obtained":[{"floor":9.0,"key":"Vajra"},{"floor":13.0,"key":"Smiling Mask"},{"floor":17.0,"key":"Bag of Marbles"},{"floor":17.0,"key":"StrikeDummy"},{"floor":17.0,"key":"Charon\u0027s Ashes"},{"floor":24,"key":"Centennial Puzzle"},{"floor":26,"key":"White Beast Statue"}],"event_choices":[{"cards_removed":["Strike_R"],"damage_healed":0.0,"max_hp_gain":0.0,"max_hp_loss":0.0,"gold_gain":0.0,"event_name":"Golden Wing","player_choice":"Card Removal","floor":7.0,"gold_loss":0.0,"damage_taken":7.0},{"damage_healed":0.0,"max_hp_gain":0.0,"max_hp_loss":0.0,"gold_gain":0.0,"event_name":"Shining Light","player_choice":"Entered Light","floor":11.0,"gold_loss":0.0,"damage_taken":16.0,"cards_upgraded":["Defend_R","Defend_R"]},{"damage_healed":26,"gold_gain":0,"player_choice":"Heal","damage_taken":0,"max_hp_gain":0,"max_hp_loss":0,"event_name":"The Library","floor":29,"gold_loss":0},{"damage_healed":0,"gold_gain":0,"player_choice":"Forge","damage_taken":0,"max_hp_gain":0,"max_hp_loss":0,"event_name":"Accursed Blacksmith","floor":31,"gold_loss":0,"cards_upgraded":["Pommel Strike"]}],"is_beta":false,"boss_relics":[{"not_picked":["Astrolabe","Black Blood"],"picked":"Calling Bell"}],"items_purged_floors":[],"is_endless":false,"potions_floor_spawned":[1,3,16,21,27,30],"killed_by":"Champ","ascension_level":6}}