{"host":"o5jvvi5yapo90aia","time":1613311675,"event":{"mods":["BaseMod","CapriCore","Minty Spire (QoL Compilation)","MostiFishMod","Prisma Mod","Spicy Shops","StSLib","TestMod","The Immortal","Yakumo Yukari mod","【人物mod】游戏王New YuGiOh mod","【功能Mod】Neow奖励"],"gold_per_floor":[119,141,166,166,195,232,157,193,266,147,188,210,232,269,269,350,350,376,60,60,60,85,121,143,185,185,205,238,257,294,319,319,405,405,438,471,509,509,537,537,570,615,641,665,690,718,718,760,760,774,788,788,788,24,67,81],"floor_reached":57,"language":"ZHS","playtime":5881,"items_purged":["Defend_P","Regret","Defend_P"],"score":3983,"play_id":"d614984a-be8f-4a98-a9a0-7fb87388c49e","local_time":"20210214220755","is_ascension_mode":true,"campfire_choices":[{"data":"Defend_P","floor":15.0,"key":"PURGE"},{"data":"Defend_P","floor":32.0,"key":"PURGE"},{"data":"Strike_P","floor":40.0,"key":"PURGE"},{"floor":49,"key":"RECALL"},{"data":"Theboundaryofcreation_purpleEX","floor":53,"key":"SMITH"}],"circlet_count":0,"master_deck":["AscendersBane","Strike_P+1","Strike_P+1","Eruption","Vigilance+1","MentalFortress+1","MostiFishMod:Speedup+1","Tantrum+1","MostiFishMod:Adaptation","Barricade+1","Recycle","LessonLearned","Theboundaryofcreation_purpleEX+1","LoveAcrossDimensions_purple+1","MostiFishMod:HiddenBlade"],"relics":["DaveBox","testmod-TestBox","SlaversCollar","PatriotShield","testmod-SaigiyounoYou","SynthV:TestCard","Vajra","ArrowTower","testmod-CyclicPeriapt","Boot","testmod-HeartOfDaVinci","Membership Card","Thousand","Anchor","Black Star","testmod-Charity","Happy Flower","ClockworkSouvenir","Bag of Preparation","ThornShield","testmod-Fortitude","Akabeko","testmod-LifeArmor","testmod-ArcanaOfDestiny","testmod-TurbochargingSystem","testmod-AssaultLearning","Paper Frog","DataDisk","Runic Pyramid","DianDianMeat","The Courier","Nunchaku","Shuriken","MokouMod:PhoenixFeather","White Beast Statue","Ancient Tea Set","ThegodofHakurei_purpleEX","ChiLing","Chi","Ling","Letter Opener","testmod-Hope","Art of War","testmod-IndustrialRevolution","testmod-OneHitWonder","Bag of Marbles","Melange","Boundary_crack","Mummified Hand","Snake Skull","testmod-Antiphasic"],"acts_visited":["Exordium","TheCity","TheBeyond","TheEnding"],"potions_floor_usage":[50,56,56],"damage_taken":[{"damage":0.0,"enemies":"Cultist","floor":1.0,"turns":2.0},{"damage":0.0,"enemies":"Small Slimes","floor":2.0,"turns":2.0},{"damage":0.0,"enemies":"Jaw Worm","floor":5.0,"turns":1.0},{"damage":20.0,"enemies":"Lagavulin","floor":6.0,"turns":3.0},{"damage":0.0,"enemies":"3 Sentries","floor":8.0,"turns":2.0},{"damage":0.0,"enemies":"Lagavulin","floor":11.0,"turns":3.0},{"damage":0.0,"enemies":"Blue Slaver","floor":12.0,"turns":2.0},{"damage":0.0,"enemies":"Looter","floor":13.0,"turns":1.0},{"damage":0.0,"enemies":"3 Sentries","floor":14.0,"turns":2.0},{"damage":0.0,"enemies":"Slime Boss","floor":16.0,"turns":2.0},{"damage":0.0,"enemies":"2 Thieves","floor":18.0,"turns":2.0},{"damage":0.0,"enemies":"Spheric Guardian","floor":22.0,"turns":1.0},{"damage":0.0,"enemies":"Book of Stabbing","floor":23.0,"turns":2.0},{"damage":0.0,"enemies":"Snake Plant","floor":24.0,"turns":1.0},{"damage":12.0,"enemies":"Slavers","floor":25.0,"turns":2.0},{"damage":0.0,"enemies":"Cultist and Chosen","floor":27.0,"turns":2.0},{"damage":0.0,"enemies":"Book of Stabbing","floor":28.0,"turns":1.0},{"damage":0.0,"enemies":"Snecko","floor":29.0,"turns":1.0},{"damage":0.0,"enemies":"Gremlin Leader","floor":30.0,"turns":1.0},{"damage":0.0,"enemies":"Centurion and Healer","floor":31.0,"turns":1.0},{"damage":0.0,"enemies":"Collector","floor":33.0,"turns":2.0},{"damage":0.0,"enemies":"Orb Walker","floor":35.0,"turns":1.0},{"damage":0.0,"enemies":"3 Darklings","floor":36.0,"turns":2.0},{"damage":0.0,"enemies":"Mind Bloom Boss Battle","floor":37.0,"turns":1.0},{"damage":0.0,"enemies":"Transient","floor":39.0,"turns":3.0},{"damage":0.0,"enemies":"Maw","floor":41.0,"turns":2.0},{"damage":0.0,"enemies":"Nemesis","floor":42.0,"turns":3.0},{"damage":0.0,"enemies":"3 Darklings","floor":44.0,"turns":2.0},{"damage":0,"enemies":"Giant Head","floor":45,"turns":2},{"damage":0,"enemies":"Writhing Mass","floor":46,"turns":1},{"damage":0,"enemies":"Reptomancer","floor":48,"turns":1},{"damage":0,"enemies":"Time Eater","floor":50,"turns":1},{"damage":0,"enemies":"Donu and Deca","floor":51,"turns":2},{"damage":2,"enemies":"Shield and Spear","floor":55,"turns":1},{"damage":28,"enemies":"The Heart","floor":56,"turns":5}],"seed_played":"9179130885772625075","potions_obtained":[{"floor":1.0,"key":"GamblersBrew"},{"floor":11.0,"key":"ColorlessPotion"},{"floor":22.0,"key":"Swift Potion"},{"floor":29.0,"key":"testmod-TestPotion"},{"floor":42.0,"key":"Fruit Juice"},{"floor":44.0,"key":"Ambrosia"},{"floor":55,"key":"CultistPotion"}],"is_trial":false,"path_per_floor":["M","M","T","?","M","E","$","E","T","$","E","M","M","E","R","B",null,"M","$","?","?","M","E","M","E","T","M","E","M","E","M","R","B",null,"M","M","?","?","M","R","M","E","T","M","E","M","T","E","R","B","B",null,"R","$","E","B",null],"character_chosen":"WATCHER","items_purchased":["Membership Card","testmod-Charity","Happy Flower","ClockworkSouvenir","ChiLing","Letter Opener","testmod-Hope","Art of War","testmod-IndustrialRevolution","testmod-OneHitWonder","Bag of Marbles","Melange","Boundary_crack","Mummified Hand"],"campfire_rested":0,"item_purchase_floors":[10,19,19,19,54,54,54,54,54,54,54,54,54,54],"current_hp_per_floor":[68,68,68,50,56,43,43,51,51,51,58,62,66,68,68,68,68,68,68,68,68,70,72,74,67,67,76,80,82,84,86,86,88,88,90,92,94,94,96,96,98,100,101,108,109,111,111,114,114,115,116,116,116,118,123,124],"gold":81,"neow_bonus":"BOSS_RELIC","is_daily":false,"chose_seed":false,"campfire_upgraded":1,"win_rate":0.0,"timestamp":1613311675,"path_taken":["M","M","?","?","M","E","$","E","T","?","E","M","M","E","R","BOSS","M","$","?","?","M","E","M","E","T","M","E","M","E","?","R","BOSS","M","?","?","?","M","R","M","E","T","M","E","M","?","E","R","BOSS","BOSS","R","$","E","BOSS"],"items_purchased_type":["Relic","Relic","Relic","Relic","Relic","Relic","Relic","Relic","Relic","Relic","Relic","Relic","Relic","Relic"],"build_version":"2020-12-22","purchased_purges":3,"victory":true,"max_hp_per_floor":[68,68,68,68,68,68,68,68,68,68,68,68,68,68,68,68,68,68,68,68,68,70,72,74,76,76,78,80,82,84,86,86,88,88,90,92,94,94,96,96,98,100,101,108,109,111,111,114,114,115,116,116,116,118,123,124],"card_choices":[{"not_picked":["BattleHymn","MostiFishMod:PathToVictory","SashWhip"],"picked":"SKIP","floor":1.0},{"not_picked":["Prostrate","ClearTheMind","Worship","SashWhip"],"picked":"MentalFortress","floor":2.0},{"not_picked":["WheelKick","ForeignInfluence","Study","Conclude"],"picked":"MostiFishMod:Speedup","floor":5.0},{"not_picked":["BowlingBash","MentalFortress","CrushJoints","ForeignInfluence","Meditate"],"picked":"SKIP","floor":6.0},{"not_picked":["Wallop","Meditate","FollowUp","Prostrate","MostiFishMod:Clarity"],"picked":"SKIP","floor":8.0},{"not_picked":["Perseverance","Nirvana","Sanctity","EmptyFist","Crescendo"],"picked":"SKIP","floor":11.0},{"not_picked":["CrushJoints","ThirdEye","Protect","MentalFortress","CutThroughFate"],"picked":"SKIP","floor":12.0},{"not_picked":["Worship","BattleHymn","MostiFishMod:OutWit","Consecrate"],"picked":"Tantrum","floor":13.0},{"not_picked":["CutThroughFate","MostiFishMod:OutWit","ThirdEye","Crescendo","Prostrate"],"picked":"SKIP","floor":14.0},{"not_picked":["MostiFishMod:Disappear","DevaForm","Ragnarok","MostiFishMod:StarLaLaLa"],"picked":"MostiFishMod:Adaptation","floor":16.0},{"not_picked":["PathToVictory","MostiFishMod:Clarity","Meditate","ThirdEye","Halt"],"picked":"SKIP","floor":18.0},{"not_picked":["Evaluate","SignatureMove","Fasting2","SandsOfTime","FollowUp"],"picked":"SKIP","floor":22.0},{"not_picked":["Evaluate","SignatureMove","Fasting2","SandsOfTime","FollowUp"],"picked":"SKIP","floor":22.0},{"not_picked":["FollowUp","Meditate","ThirdEye","BowlingBash","Crescendo"],"picked":"SKIP","floor":23.0},{"not_picked":["EmptyBody","CrushJoints","FollowUp+1","PathToVictory+1","BattleHymn"],"picked":"SKIP","floor":24.0},{"not_picked":["Alpha","CrushJoints","Halt+1","EmptyFist+1","EmptyMind"],"picked":"SKIP","floor":25.0},{"not_picked":["MostiFishMod:Minus","Halt","Evaluate","Perseverance","EmptyFist"],"picked":"SKIP","floor":27.0},{"not_picked":["Sanctity","SignatureMove","EmptyFist","Evaluate","Collect"],"picked":"SKIP","floor":28.0},{"not_picked":["CutThroughFate","FlurryOfBlows","ReachHeaven","BowlingBash","PathToVictory+1"],"picked":"SKIP","floor":29.0},{"not_picked":["BowlingBash","WindmillStrike","DeusExMachina","Sanctity","LikeWater"],"picked":"SKIP","floor":30.0},{"not_picked":["SashWhip+1","SignatureMove","EmptyFist","PathToVictory","Consecrate"],"picked":"SKIP","floor":31.0},{"not_picked":["Devotion","MostiFishMod:Adaptation","Wish","Ragnarok"],"picked":"LessonLearned","floor":33.0},{"not_picked":["Vengeance+1","FlurryOfBlows","BowlingBash","CutThroughFate","JustLucky+1"],"picked":"SKIP","floor":35.0},{"not_picked":["EmptyBody","ThirdEye","ForeignInfluence","CrushJoints","Sanctity"],"picked":"SKIP","floor":36.0},{"not_picked":["JustLucky","FlyingSleeves+1","CarveReality+1","MostiFishMod:LegendTransform","BowlingBash"],"picked":"SKIP","floor":39.0},{"not_picked":["SpiritShield","Consecrate","PathToVictory","FlyingSleeves","WreathOfFlame"],"picked":"SKIP","floor":41.0},{"not_picked":["Swivel","MostiFishMod:StarWish","Consecrate","EmptyMind","FollowUp+1"],"picked":"SKIP","floor":42.0},{"not_picked":["LikeWater+1","Sanctity","Evaluate","Protect+1","MentalFortress+1"],"picked":"SKIP","floor":44.0},{"not_picked":["Nirvana","MostiFishMod:PathToVictory+1","EmptyBody","EmptyFist","Evaluate"],"picked":"SKIP","floor":45},{"not_picked":["EmptyBody","Prostrate","PathToVictory","ThirdEye","Halt"],"picked":"SKIP","floor":46},{"not_picked":["MostiFishMod:StarOceanP","CrushJoints+1","Crescendo","Vengeance","Consecrate+1"],"picked":"SKIP","floor":48},{"not_picked":["Evaluate","DeceiveReality+1","CutThroughFate","EmptyMind+1","BowlingBash"],"picked":"SKIP","floor":55}],"player_experience":1536739,"relics_obtained":[{"floor":1.0,"key":"SynthV:TestCard"},{"floor":3.0,"key":"Vajra"},{"floor":6.0,"key":"testmod-CyclicPeriapt"},{"floor":8.0,"key":"Boot"},{"floor":9.0,"key":"testmod-HeartOfDaVinci"},{"floor":11.0,"key":"Thousand"},{"floor":14.0,"key":"Anchor"},{"floor":23.0,"key":"ThornShield"},{"floor":23.0,"key":"testmod-Fortitude"},{"floor":25.0,"key":"Akabeko"},{"floor":25.0,"key":"testmod-LifeArmor"},{"floor":26.0,"key":"testmod-ArcanaOfDestiny"},{"floor":28.0,"key":"testmod-TurbochargingSystem"},{"floor":28.0,"key":"testmod-AssaultLearning"},{"floor":30.0,"key":"Paper Frog"},{"floor":30.0,"key":"DataDisk"},{"floor":37.0,"key":"DianDianMeat"},{"floor":42.0,"key":"The Courier"},{"floor":42.0,"key":"Nunchaku"},{"floor":45,"key":"Shuriken"},{"floor":45,"key":"MokouMod:PhoenixFeather"},{"floor":47,"key":"White Beast Statue"},{"floor":48,"key":"Ancient Tea Set"},{"floor":48,"key":"ThegodofHakurei_purpleEX"},{"floor":55,"key":"Snake Skull"},{"floor":55,"key":"testmod-Antiphasic"}],"event_choices":[{"damage_healed":0.0,"max_hp_gain":0.0,"max_hp_loss":0.0,"gold_gain":0.0,"event_name":"Scrap Ooze","player_choice":"Success","floor":4.0,"gold_loss":0.0,"damage_taken":18.0,"relics_obtained":["ArrowTower"]},{"damage_healed":0.0,"max_hp_gain":0.0,"max_hp_loss":0.0,"gold_gain":0.0,"event_name":"Addict","player_choice":"Stole Relic","floor":20.0,"gold_loss":0.0,"damage_taken":0.0,"relics_obtained":["Bag of Preparation"],"cards_obtained":["Shame"]},{"cards_removed":["Shame"],"damage_healed":0.0,"max_hp_gain":0.0,"max_hp_loss":0.0,"gold_gain":0.0,"event_name":"Back to Basics","player_choice":"Elegance","floor":21.0,"gold_loss":0.0,"damage_taken":0.0},{"damage_healed":0.0,"max_hp_gain":0.0,"max_hp_loss":0.0,"gold_gain":0.0,"event_name":"MindBloom","player_choice":"Fight","floor":37.0,"gold_loss":0.0,"damage_taken":0.0},{"cards_removed":["Strike_P"],"damage_healed":0.0,"max_hp_gain":0.0,"max_hp_loss":0.0,"gold_gain":0.0,"event_name":"Falling","player_choice":"Removed Attack","floor":38.0,"gold_loss":0.0,"damage_taken":0.0}],"is_beta":false,"boss_relics":[{"not_picked":["testmod-BloodSacrificeSpiritualization","Astrolabe"],"picked":"Black Star"},{"not_picked":["testmod-KeyOfTheVoid","testmod-NegativeEmotionEnhancer"],"picked":"Runic Pyramid"}],"items_purged_floors":[7,10,19],"is_endless":false,"potions_floor_spawned":[1,11,12,16,22,24,27,28,29,37,41,42,44,46,48,55],"ascension_level":20}}