{"host":"n5x0e04y88v3omrc","time":1613279029,"event":{"mods":["Aspiration","BaseMod","Colored Powertips","Downfall","Minty Spire (QoL Compilation)","Replay The Spire","Shop Mod","StSLib"],"gold_per_floor":[118,138,138,138,221,15,15,15,28,28,109,109,109,119,119,139,139,240,240,252,252,33,33,47,47,64,64,142,13,13,24,51,62,62,158,158,178,3,3,23,38,38,57,3,3,3,13,13,28,28,28,28],"floor_reached":53,"language":"ZHS","playtime":5616,"items_purged":["Strike_R"],"score":622,"play_id":"c59af905-59b5-417b-9e37-9bb60cb46bc0","local_time":"20210214130349","is_ascension_mode":false,"campfire_choices":[{"data":"Sword Boomerang","floor":8,"key":"SMITH"},{"data":"Shrug It Off","floor":10,"key":"SMITH"},{"data":"Sword Boomerang","floor":12,"key":"SMITH"},{"data":"Barricade","floor":25,"key":"SMITH"},{"data":"Second Wind","floor":27,"key":"SMITH"},{"data":"Double Tap","floor":34,"key":"SMITH"},{"data":"Corruption","floor":42,"key":"SMITH"},{"data":"Dramatic Entrance","floor":46,"key":"SMITH"},{"data":"Sword Boomerang","floor":48,"key":"SMITH"}],"circlet_count":0,"master_deck":["Strike_R","Strike_R","Strike_R","Defend_R","Defend_R","Defend_R","Bash","Sword Boomerang+1","Second Wind+1","Shrug It Off","Sword Boomerang+1","Sword Boomerang+1","Clash","Shrug It Off+1","Body Slam+1","Iron Wave+1","Double Tap+1","CurseOfTheBell","Body Slam+1","Berserk","Dramatic Entrance+1","Barricade+1","Thunderclap+1","Body Slam+1","Replay:Undeath\u0027s Touch+1","Wild Strike","Corruption+1","Dark Embrace+1","Mayhem+1","Pummel+1","Anger+1","Anger+1","Impervious+1","Seeing Red+1","Iron Wave+1"],"relics":["Honey Jar","Membership Card","aspiration:SeaSaltIceCream","aspiration:Nostalgia","m_IronCrown","Calling Bell","Omamori","Replay:Bottled Steam","Lizard Tail","Replay:Wax Seal","Gremlin Horn","aspiration:RitualStick","aspiration:FrozenJewel","Meat on the Bone","Blue Doll","Red Mask","Ooze Armor","Guardian:PocketSentry","Blood Vial","Ring of Hypnosis"],"acts_visited":["Exordium","TheCity","TheBeyond"],"potions_floor_usage":[18,31,31,35,41,49,52,52,52],"damage_taken":[{"damage":5,"enemies":"Small Slimes","floor":1,"turns":4},{"damage":1,"enemies":"Jaw Worm","floor":2,"turns":3},{"damage":6,"enemies":"Cultist","floor":9,"turns":3},{"damage":10,"enemies":"Large Slime","floor":14,"turns":5},{"damage":2,"enemies":"3 Louse","floor":16,"turns":3},{"damage":44,"enemies":"Hexaghost","floor":18,"turns":9},{"damage":10,"enemies":"3 Byrds","floor":20,"turns":6},{"damage":0,"enemies":"Chosen","floor":24,"turns":4},{"damage":22,"enemies":"Snake Plant","floor":26,"turns":4},{"damage":27,"enemies":"Centurion and Healer","floor":31,"turns":6},{"damage":0,"enemies":"Masked Bandits","floor":32,"turns":3},{"damage":12,"enemies":"3 Cultists","floor":33,"turns":4},{"damage":17,"enemies":"Pondfish","floor":35,"turns":9},{"damage":10,"enemies":"Orb Walker","floor":37,"turns":2},{"damage":9,"enemies":"3 Shapes","floor":40,"turns":3},{"damage":36,"enemies":"Sphere and 2 Shapes","floor":41,"turns":3},{"damage":19,"enemies":"Writhing Mass","floor":43,"turns":4},{"damage":13,"enemies":"3 Darklings","floor":47,"turns":4},{"damage":0,"enemies":"Jaw Worm Horde","floor":49,"turns":3},{"damage":110,"enemies":"Replay:Hell Engine","floor":52,"turns":9}],"seed_played":"-1489729093420384278","potions_obtained":[{"floor":16,"key":"Swift Potion"},{"floor":20,"key":"Adrenaline Potion"},{"floor":26,"key":"ElixirPotion"},{"floor":33,"key":"Fire Potion"},{"floor":35,"key":"Regen Potion"},{"floor":37,"key":"ElixirPotion"},{"floor":43,"key":"Weak Potion"},{"floor":47,"key":"Explosive Potion"},{"floor":49,"key":"Fruit Juice"}],"is_trial":false,"path_per_floor":["M","M","PTL","PTL","?","$","?","R","M","R","T","R","?","M","?","M","R","B",null,"M","?","$","?","M","R","M","R","T","$","?","M","?","M","R","B",null,"M","$","?","M","M","R","M","$","T","R","M","R","M","?","R","B",null],"character_chosen":"IRONCLAD","items_purchased":["Clash","Membership Card","Berserk","Dramatic Entrance","Replay:Wax Seal","Gremlin Horn","Meat on the Bone","Mayhem+1","Guardian:PocketSentry","Impervious+1"],"campfire_rested":0,"item_purchase_floors":[6,6,22,22,22,22,29,38,38,44],"current_hp_per_floor":[75,74,74,74,42,42,42,42,36,36,36,36,36,32,32,36,60,22,80,76,61,61,44,50,50,34,34,34,34,34,25,43,49,49,50,85,81,81,81,78,57,57,56,56,56,56,51,51,64,64,86,40],"gold":28,"neow_bonus":"BOSS_RELIC","is_daily":false,"chose_seed":false,"campfire_upgraded":9,"win_rate":0.0,"timestamp":1613279029,"path_taken":["M","M","PTL","PTL","?","$","?","R","M","R","T","R","?","?","?","?","R","BOSS","M","?","$","?","M","R","M","R","T","$","?","M","?","M","R","BOSS","M","$","?","M","M","R","M","$","T","R","M","R","M","?","R","BOSS"],"items_purchased_type":["Card","Relic","Card","Card","Relic","Relic","Relic","Card","Relic","Card"],"build_version":"2020-12-22","purchased_purges":1,"victory":true,"max_hp_per_floor":[80,80,80,80,80,80,80,80,80,80,80,80,80,80,80,80,80,80,80,80,85,85,85,85,85,85,85,85,85,85,85,85,85,85,85,85,85,85,81,81,81,81,81,81,81,81,81,81,86,86,86,86],"card_choices":[{"not_picked":["Heavy Blade","Evolve","Clothesline"],"picked":"Sword Boomerang","floor":1},{"not_picked":["Anger","Heavy Blade","Searing Blow"],"picked":"Second Wind","floor":2},{"not_picked":["Clothesline","Blood for Blood","Replay:Undeath\u0027s Touch"],"picked":"Shrug It Off","floor":5},{"not_picked":["Iron Wave","Run Through","True Grit"],"picked":"Sword Boomerang","floor":5},{"not_picked":["Armaments","Carnage","Shrug It Off"],"picked":"Sword Boomerang","floor":5},{"not_picked":["Replay:Many Hands","Uppercut","Ghostly Armor"],"picked":"Shrug It Off","floor":9},{"not_picked":["Heavy Blade","Perfected Strike","Warcry"],"picked":"Body Slam","floor":14},{"not_picked":["Armaments","ReplayTheSpireMod:Strike From Hell","Carnage"],"picked":"Iron Wave","floor":16},{"not_picked":["Fiend Fire","Impervious","Eclipse"],"picked":"Double Tap","floor":18},{"not_picked":["Perfected Strike","Clash","Sword Boomerang"],"picked":"Body Slam+1","floor":20},{"not_picked":["Twin Strike","Thunderclap","Cleave"],"picked":"Barricade","floor":24},{"not_picked":["Abandon","Sever Soul","Pommel Strike"],"picked":"Thunderclap+1","floor":26},{"not_picked":["Infernal Blade","Flex","Feel No Pain"],"picked":"Body Slam+1","floor":31},{"not_picked":["Armaments","Run Through+1","Iron Wave"],"picked":"Replay:Undeath\u0027s Touch+1","floor":32},{"not_picked":["Feel No Pain","Battle Trance+1","Heavy Blade"],"picked":"Wild Strike","floor":33},{"not_picked":["Immolate","Eclipse","Barricade"],"picked":"Corruption","floor":35},{"not_picked":["Clothesline","Shrug It Off","Anger+1"],"picked":"Dark Embrace+1","floor":37},{"not_picked":["Clothesline","Abandon","Twin Strike"],"picked":"Pummel+1","floor":40},{"not_picked":["ReplayTheSpireMod:Strike From Hell","Demonic Infusion","Warcry"],"picked":"Anger+1","floor":41},{"not_picked":["Sword Boomerang+1","Replay:Undeath\u0027s Touch","Warcry+1"],"picked":"Anger+1","floor":43},{"not_picked":["Warcry","True Grit+1","Offering"],"picked":"Seeing Red+1","floor":47},{"not_picked":["Thunderclap","Dual Wield","Armaments"],"picked":"Iron Wave+1","floor":49}],"player_experience":30593,"relics_obtained":[{"floor":11,"key":"aspiration:SeaSaltIceCream"},{"floor":19,"key":"Omamori"},{"floor":19,"key":"Replay:Bottled Steam"},{"floor":19,"key":"Lizard Tail"},{"floor":28,"key":"aspiration:FrozenJewel"},{"floor":32,"key":"Red Mask"},{"floor":45,"key":"Blood Vial"},{"floor":50,"key":"Ring of Hypnosis"}],"event_choices":[{"damage_healed":0,"gold_gain":0,"player_choice":"Ignored","damage_taken":0,"max_hp_gain":0,"max_hp_loss":0,"event_name":"Golden Idol","floor":13,"gold_loss":0},{"cards_removed":["Strike_R"],"damage_healed":0,"gold_gain":0,"player_choice":"Offered Basic","damage_taken":0,"max_hp_gain":0,"max_hp_loss":0,"event_name":"Bonfire Elementals","floor":15,"gold_loss":0},{"damage_healed":0,"gold_gain":0,"player_choice":"Shed Blood","damage_taken":20,"max_hp_gain":5,"max_hp_loss":0,"event_name":"Forgotten Altar","floor":21,"gold_loss":0},{"damage_healed":0,"gold_gain":0,"player_choice":"Stole Relic","damage_taken":0,"relics_obtained":["Blue Doll"],"max_hp_gain":0,"max_hp_loss":0,"event_name":"Addict","floor":30,"gold_loss":0,"cards_obtained":["Shame"]},{"damage_healed":0,"gold_gain":0,"player_choice":"Fought Bandits","damage_taken":0,"max_hp_gain":0,"max_hp_loss":0,"event_name":"Masked Bandits","floor":32,"gold_loss":0},{"damage_healed":0,"gold_gain":0,"player_choice":"Max HP","damage_taken":0,"max_hp_gain":0,"max_hp_loss":4,"event_name":"Winding Halls","floor":39,"gold_loss":0}],"is_beta":false,"boss_relics":[{"not_picked":["Replay:Ancient Bell","Coffee Dripper"],"picked":"Calling Bell"},{"not_picked":["SacredBark","aspiration:RitualDagger"],"picked":"Ooze Armor"}],"items_purged_floors":[38],"is_endless":false,"potions_floor_spawned":[16,20,26,33,35,37,43,47,49],"ascension_level":0}}