{"host":"218bpbmw7wi1tsbm","time":1613297593,"event":{"mods":["BaseMod","Lobotomy","LobotomyExtend","Minty Spire (QoL Compilation)","Prisma Mod","Quick Restart","Rare Cards Sparkle","StSLib"],"gold_per_floor":[119,119,139,89,264,264,598,598,598,598,611,630,630,236,236,236,236],"floor_reached":16,"language":"JPN","playtime":526,"items_purged":["Doubt"],"score":98,"play_id":"cba6fedb-c179-40c4-bbec-36cd64a117ba","local_time":"20210214191313","is_ascension_mode":false,"campfire_choices":[{"data":"Shrug It Off","floor":6,"key":"SMITH"},{"data":"Strike_R","floor":8,"key":"SMITH"},{"data":"Intimidate","floor":10,"key":"SMITH"},{"data":"Exhume","floor":15,"key":"SMITH"}],"circlet_count":0,"master_deck":["Strike_R+1","Strike_R","Strike_R","Strike_R","Strike_R","Defend_R+1","Defend_R","Defend_R+1","Defend_R","Bash","OSAHOGD","Intimidate+1","MHz","Shrug It Off+1","UniverseFragment","Sword Boomerang","Bloodbath","Infernal Blade","MeatLantern","Exhume+1","Carnage"],"relics":["Burning Blood","CogitoBucket","LetterFromLob","Golden Idol","Old Coin","War Paint","White Beast Statue","Molten Egg 2"],"acts_visited":["Exordium"],"potions_floor_usage":[7,16],"damage_taken":[{"damage":1,"enemies":"2 Louse","floor":1,"turns":4},{"damage":5,"enemies":"Small Slimes","floor":3,"turns":4},{"damage":39,"enemies":"Gremlin Nob","floor":7,"turns":6},{"damage":0,"enemies":"Jaw Worm","floor":11,"turns":4},{"damage":9,"enemies":"Looter","floor":12,"turns":4},{"damage":56,"enemies":"Slime Boss","floor":16,"turns":13}],"seed_played":"8510948291828758323","potions_obtained":[{"floor":1,"key":"LiquidBronze"},{"floor":11,"key":"Weak Potion"}],"is_trial":false,"path_per_floor":["M","?","M","?","?","R","E","R","T","R","M","M","T","$","R","B"],"character_chosen":"IRONCLAD","items_purchased":["Carnage","Molten Egg 2"],"campfire_rested":0,"item_purchase_floors":[14,14],"current_hp_per_floor":[80,80,80,80,80,80,47,47,47,47,53,51,51,51,51,0,0],"gold":236,"neow_bonus":"","is_daily":false,"chose_seed":false,"campfire_upgraded":4,"win_rate":0.0,"timestamp":1613297593,"path_taken":["M","?","M","?","?","R","E","R","T","R","M","M","?","$","R","BOSS"],"items_purchased_type":["Card","Relic"],"build_version":"2020-12-22","purchased_purges":1,"victory":false,"max_hp_per_floor":[80,80,80,80,80,80,80,80,80,80,80,80,80,80,80,80,80],"card_choices":[{"not_picked":["Funeral","OldLady"],"picked":"OSAHOGD","floor":1},{"not_picked":["True Grit","Headbutt"],"picked":"Intimidate","floor":1},{"not_picked":["ShyLook","PunishingBird"],"picked":"MHz","floor":3},{"not_picked":["Havoc","Armaments"],"picked":"Shrug It Off","floor":3},{"not_picked":["CrumblingArmor","ShyLook","FairyFestival"],"picked":"Singing Bowl","floor":7},{"not_picked":["Woodsman","OldLady"],"picked":"UniverseFragment","floor":7},{"not_picked":["Headbutt","Clash"],"picked":"Sword Boomerang","floor":7},{"not_picked":["OldLady","Laetitia"],"picked":"Bloodbath","floor":11},{"not_picked":["Sever Soul","Sword Boomerang"],"picked":"Infernal Blade","floor":11},{"not_picked":["LittleHelper","WallGazer"],"picked":"MeatLantern","floor":12},{"not_picked":["Pommel Strike","Shrug It Off"],"picked":"Exhume","floor":12}],"player_experience":625355,"relics_obtained":[{"floor":1,"key":"LetterFromLob"},{"floor":7,"key":"Old Coin"},{"floor":9,"key":"War Paint"},{"floor":13,"key":"White Beast Statue"}],"event_choices":[{"damage_healed":0,"gold_gain":0,"player_choice":"Take Wound","damage_taken":0,"relics_obtained":["Golden Idol"],"max_hp_gain":0,"max_hp_loss":0,"event_name":"Golden Idol","floor":2,"gold_loss":0,"cards_obtained":["Injury"]},{"cards_removed":["Injury"],"damage_healed":0,"gold_gain":0,"player_choice":"Card Removal","damage_taken":0,"max_hp_gain":0,"max_hp_loss":0,"event_name":"The Cleric","floor":4,"gold_loss":50},{"damage_healed":0,"gold_gain":175,"player_choice":"AGREE","damage_taken":0,"max_hp_gain":0,"max_hp_loss":0,"event_name":"Liars Game","floor":5,"gold_loss":0,"cards_obtained":["Doubt"]}],"is_beta":false,"boss_relics":[],"items_purged_floors":[14],"is_endless":false,"potions_floor_spawned":[1,11],"killed_by":"Slime Boss","ascension_level":0}}