{"host":"mxapx8q0a9vsrtjq","time":1613332225,"event":{"mods":["AchievementEnabler","BaseMod","Colored Map","Colored Powertips","Minty Spire (QoL Compilation)","Quick Restart"],"gold_per_floor":[115,135,135,14,24,24,24,24,24,56,72,102,113,129,129,234,234,252,252,271,345,36,36,51,67,67,79,99,99,109,139,139,235,235,254,254,254,264,0,0,15,49,49,1,15,32,32,47,47,47,47],"floor_reached":50,"language":"ENG","playtime":2150,"items_purged":["Defend_R"],"score":533,"play_id":"6bb18965-c007-4166-94aa-0822587a57be","local_time":"20210214135025","is_ascension_mode":false,"campfire_choices":[{"data":"Armaments","floor":6.0,"key":"SMITH"},{"data":"Armaments","floor":8.0,"key":"SMITH"},{"floor":15.0,"key":"REST"},{"data":"Limit Break","floor":23.0,"key":"SMITH"},{"floor":32.0,"key":"REST"},{"data":"Demon Form","floor":40.0,"key":"SMITH"},{"floor":49.0,"key":"REST"}],"circlet_count":0,"master_deck":["Defend_R","Defend_R","Defend_R","Pommel Strike","Thunderclap","Armaments+1","Armaments+1","Sword Boomerang","Cleave","Flex","Thunderclap","Limit Break+1","Iron Wave+1","Bite","Bite","Bite","Bite","Bite","Dropkick","Shrug It Off+1","Demon Form+1","Offering+1","Spot Weakness+1","Flex+1","Flex+1","Twin Strike+1","Shrug It Off+1","Thunderclap+1","Battle Trance+1"],"relics":["Black Blood","Pen Nib","Centennial Puzzle","Peace Pipe","Regal Pillow","Bronze Scales","Black Star","Toxic Egg 2","Mango","Bottled Lightning","Boot","Kunai","Red Mask","PreservedInsect","Mummified Hand","Gambling Chip"],"acts_visited":[],"potions_floor_usage":[50],"damage_taken":[{"damage":2.0,"enemies":"2 Louse","floor":1.0,"turns":3.0},{"damage":0.0,"enemies":"Cultist","floor":2.0,"turns":2.0},{"damage":3.0,"enemies":"Jaw Worm","floor":5.0,"turns":3.0},{"damage":25.0,"enemies":"Gremlin Nob","floor":10.0,"turns":4.0},{"damage":14.0,"enemies":"Exordium Wildlife","floor":11.0,"turns":4.0},{"damage":35.0,"enemies":"3 Sentries","floor":12.0,"turns":8.0},{"damage":10.0,"enemies":"Exordium Thugs","floor":13.0,"turns":2.0},{"damage":13.0,"enemies":"2 Fungi Beasts","floor":14.0,"turns":2.0},{"damage":11.0,"enemies":"Slime Boss","floor":16.0,"turns":8.0},{"damage":27.0,"enemies":"Spheric Guardian","floor":18.0,"turns":4.0},{"damage":15.0,"enemies":"Chosen","floor":20.0,"turns":4.0},{"damage":24.0,"enemies":"Centurion and Healer","floor":24.0,"turns":6.0},{"damage":15.0,"enemies":"Chosen and Byrds","floor":25.0,"turns":4.0},{"damage":26.0,"enemies":"Shelled Parasite and Fungi","floor":27.0,"turns":5.0},{"damage":14.0,"enemies":"Snecko","floor":28.0,"turns":6.0},{"damage":24.0,"enemies":"3 Cultists","floor":30.0,"turns":4.0},{"damage":66.0,"enemies":"Gremlin Leader","floor":31.0,"turns":7.0},{"damage":52.0,"enemies":"Automaton","floor":33.0,"turns":8.0},{"damage":22.0,"enemies":"3 Shapes","floor":35.0,"turns":5.0},{"damage":12.0,"enemies":"3 Darklings","floor":38.0,"turns":3.0},{"damage":24.0,"enemies":"4 Shapes","floor":41.0,"turns":4.0},{"damage":53.0,"enemies":"Reptomancer","floor":42.0,"turns":4.0},{"damage":26.0,"enemies":"Transient","floor":45.0,"turns":5.0},{"damage":22.0,"enemies":"Spire Growth","floor":46.0,"turns":4.0},{"damage":6.0,"enemies":"4 Shapes","floor":48.0,"turns":3.0},{"damage":72,"enemies":"Donu and Deca","floor":50,"turns":4}],"seed_played":"1826202762305530982","potions_obtained":[{"floor":1.0,"key":"Fire Potion"},{"floor":2.0,"key":"AttackPotion"},{"floor":14.0,"key":"Swift Potion"},{"floor":24.0,"key":"Regen Potion"},{"floor":28.0,"key":"Ancient Potion"},{"floor":31.0,"key":"HeartOfIron"},{"floor":35.0,"key":"SteroidPotion"},{"floor":46.0,"key":"Swift Potion"}],"is_trial":false,"path_per_floor":["M","M","?","$","M","R","?","R","T","E","M","E","M","M","R","B",null,"M","?","M","T","$","R","M","M","T","M","M","?","M","E","R","B",null,"M","?","?","M","?","R","M","E","T","$","M","M","?","M","R","B"],"character_chosen":"IRONCLAD","items_purchased":["Armaments","Mango","Shrug It Off+1"],"campfire_rested":3,"item_purchase_floors":[4,22,44],"current_hp_per_floor":[80,80,80,80,80,80,80,80,80,61,53,24,20,13,52,47,80,59,56,50,50,64,64,55,56,56,48,66,66,57,16,52,18,70,69,69,69,70,70,70,63,26,26,26,22,18,18,28,64,0,0],"gold":47,"neow_bonus":"RANDOM_COMMON_RELIC","is_daily":false,"chose_seed":false,"campfire_upgraded":4,"win_rate":0.0,"timestamp":1613332225,"path_taken":["M","M","?","$","?","R","?","R","T","E","?","E","M","M","R","BOSS","M","?","M","?","$","R","M","M","T","M","?","?","M","E","R","BOSS","M","?","?","?","?","R","M","E","T","$","M","M","?","M","R","BOSS"],"items_purchased_type":["Card","Relic","Card"],"build_version":"2020-12-22","purchased_purges":1,"victory":false,"max_hp_per_floor":[80,80,80,80,80,80,80,80,80,80,80,80,80,80,80,80,80,80,56,56,56,70,70,70,70,70,70,70,70,70,70,70,70,70,70,70,70,70,70,70,70,70,70,70,70,70,70,70,70,70,70],"card_choices":[{"not_picked":["Uppercut","Clothesline"],"picked":"Pommel Strike","floor":1.0},{"not_picked":["Anger","Sever Soul"],"picked":"Thunderclap","floor":2.0},{"not_picked":["Pommel Strike","Carnage"],"picked":"Armaments","floor":5.0},{"not_picked":["Warcry","Reckless Charge","Berserk"],"picked":"SKIP","floor":10.0},{"not_picked":["Heavy Blade","Thunderclap"],"picked":"Sword Boomerang","floor":11.0},{"not_picked":["Body Slam","Blood for Blood"],"picked":"Cleave","floor":12.0},{"not_picked":["Reckless Charge","Sword Boomerang"],"picked":"Flex","floor":13.0},{"not_picked":["Clash","Shrug It Off"],"picked":"Thunderclap","floor":14.0},{"not_picked":["Double Tap","Offering"],"picked":"Limit Break","floor":16.0},{"not_picked":["Headbutt","Heavy Blade"],"picked":"Iron Wave+1","floor":18.0},{"not_picked":["Heavy Blade","Clothesline+1"],"picked":"Dropkick","floor":20.0},{"not_picked":["True Grit+1","Thunderclap"],"picked":"Shrug It Off+1","floor":24.0},{"not_picked":["Anger","Dropkick","Clothesline"],"picked":"SKIP","floor":25.0},{"not_picked":["Whirlwind+1","Clash","Hemokinesis"],"picked":"SKIP","floor":27.0},{"not_picked":["Cleave","Anger","Flame Barrier+1"],"picked":"SKIP","floor":28.0},{"not_picked":["Twin Strike","Body Slam"],"picked":"Demon Form","floor":30.0},{"not_picked":["Perfected Strike","Sever Soul","Blood for Blood"],"picked":"SKIP","floor":31.0},{"not_picked":["Fiend Fire","Berserk"],"picked":"Offering+1","floor":33.0},{"not_picked":["Pommel Strike","Sword Boomerang+1"],"picked":"Spot Weakness+1","floor":35.0},{"not_picked":["Headbutt+1","Combust+1"],"picked":"Flex+1","floor":38.0},{"not_picked":["Perfected Strike+1","Clash"],"picked":"Flex+1","floor":41.0},{"not_picked":["Clash+1","Rage+1"],"picked":"Twin Strike+1","floor":42.0},{"not_picked":["Twin Strike+1","Fire Breathing"],"picked":"Thunderclap+1","floor":45.0},{"not_picked":["Feed","Clothesline+1","Whirlwind"],"picked":"SKIP","floor":46.0},{"not_picked":["Twin Strike+1","Warcry+1"],"picked":"Battle Trance+1","floor":48.0}],"player_experience":29453,"relics_obtained":[{"floor":9.0,"key":"Peace Pipe"},{"floor":10.0,"key":"Regal Pillow"},{"floor":12.0,"key":"Bronze Scales"},{"floor":21.0,"key":"Toxic Egg 2"},{"floor":26.0,"key":"Bottled Lightning"},{"floor":31.0,"key":"Boot"},{"floor":31.0,"key":"Kunai"},{"floor":42.0,"key":"PreservedInsect"},{"floor":42.0,"key":"Mummified Hand"},{"floor":43.0,"key":"Gambling Chip"}],"event_choices":[{"damage_healed":0.0,"max_hp_gain":0.0,"max_hp_loss":0.0,"gold_gain":0.0,"event_name":"WeMeetAgain","player_choice":"Gave Potion","floor":3.0,"gold_loss":0.0,"damage_taken":0.0,"relics_obtained":["Centennial Puzzle"]},{"damage_healed":0.0,"max_hp_gain":0.0,"max_hp_loss":0.0,"gold_gain":0.0,"cards_transformed":["Strike_R"],"event_name":"Transmorgrifier","player_choice":"Transformed","floor":7.0,"gold_loss":0.0,"damage_taken":0.0,"cards_obtained":["Combust"]},{"damage_healed":0.0,"max_hp_gain":0.0,"max_hp_loss":24.0,"gold_gain":0.0,"event_name":"Vampires","player_choice":"Became a vampire","floor":19.0,"gold_loss":0.0,"damage_taken":0.0,"cards_obtained":["Bite","Bite","Bite","Bite","Bite"]},{"damage_healed":0.0,"max_hp_gain":0.0,"max_hp_loss":0.0,"gold_gain":0.0,"event_name":"Ghosts","player_choice":"Ignored","floor":29.0,"gold_loss":0.0,"damage_taken":0.0},{"cards_removed":["Combust"],"damage_healed":0.0,"max_hp_gain":0.0,"max_hp_loss":0.0,"gold_gain":0.0,"event_name":"Falling","player_choice":"Removed Power","floor":36.0,"gold_loss":0.0,"damage_taken":0.0},{"cards_removed":["Bash"],"damage_healed":0.0,"max_hp_gain":0.0,"max_hp_loss":0.0,"gold_gain":0.0,"event_name":"Purifier","player_choice":"Purged","floor":37.0,"gold_loss":0.0,"damage_taken":0.0},{"damage_healed":0.0,"max_hp_gain":0.0,"max_hp_loss":0.0,"gold_gain":0.0,"event_name":"Tomb of Lord Red Mask","player_choice":"Paid","floor":39.0,"gold_loss":264.0,"damage_taken":0.0,"relics_obtained":["Red Mask"]},{"damage_healed":0.0,"max_hp_gain":0.0,"max_hp_loss":0.0,"gold_gain":0.0,"event_name":"The Moai Head","player_choice":"Ignored","floor":47.0,"gold_loss":0.0,"damage_taken":0.0}],"is_beta":false,"boss_relics":[{"not_picked":["Runic Cube","Velvet Choker"],"picked":"Black Star"},{"not_picked":["SacredBark","Runic Dome"],"picked":"Black Blood"}],"items_purged_floors":[4],"is_endless":false,"potions_floor_spawned":[1,2,14,24,28,31,35,46],"killed_by":"Donu and Deca","ascension_level":0}}