{"host":"rb2p2z6v6vieend5","time":1613328597,"event":{"mods":["BaseMod","Block Reminder","Colored Map","DeckTracker","Highlight Path","Minty Spire (QoL Compilation)","Random Character Button","Relic Stats"],"gold_per_floor":[111,130,149,149,161,190,202,233,260,185,185,212,226,289,289,365,365,379,379,397,287,299,317,335,335,335,353,353,382,382,396,396,396,396],"floor_reached":33,"language":"ENG","playtime":1912,"items_purged":["Strike_R"],"score":509,"play_id":"1d2747a1-e12e-4543-891a-4f5b1f6b9bb5","local_time":"20210214194957","is_ascension_mode":true,"campfire_choices":[{"data":"Whirlwind","floor":11,"key":"SMITH"},{"floor":15,"key":"REST"},{"data":"Armaments","floor":25,"key":"SMITH"},{"data":"Limit Break","floor":28,"key":"SMITH"},{"data":"Inflame","floor":30,"key":"SMITH"},{"data":"Flame Barrier","floor":32,"key":"SMITH"}],"circlet_count":0,"master_deck":["AscendersBane","Strike_R","Strike_R","Defend_R+1","Defend_R","Defend_R","Defend_R","Bash","Battle Trance","Whirlwind+1","Inflame+1","Clothesline","Cleave","Thunderclap","Limit Break+1","True Grit","Armaments+1","Shrug It Off","Reaper","Flame Barrier+1","Reaper","True Grit+1","Burning Pact","Shrug It Off"],"relics":["Burning Blood","Vajra","Kunai","Toy Ornithopter","Bag of Preparation","Akabeko","Happy Flower","Mark of Pain","White Beast Statue","Bottled Tornado"],"acts_visited":["Exordium","TheCity"],"potions_floor_usage":[12,13,16,29,31],"damage_taken":[{"damage":10,"enemies":"Cultist","floor":1,"turns":5},{"damage":4,"enemies":"Jaw Worm","floor":2,"turns":4},{"damage":0,"enemies":"2 Louse","floor":3,"turns":3},{"damage":14,"enemies":"Blue Slaver","floor":5,"turns":4},{"damage":20,"enemies":"Lagavulin","floor":6,"turns":6},{"damage":11,"enemies":"Red Slaver","floor":7,"turns":4},{"damage":25,"enemies":"3 Sentries","floor":8,"turns":6},{"damage":12,"enemies":"Gremlin Nob","floor":12,"turns":4},{"damage":6,"enemies":"Large Slime","floor":13,"turns":3},{"damage":25,"enemies":"Gremlin Nob","floor":14,"turns":4},{"damage":28,"enemies":"Hexaghost","floor":16,"turns":10},{"damage":0,"enemies":"Spheric Guardian","floor":18,"turns":3},{"damage":25,"enemies":"2 Thieves","floor":20,"turns":4},{"damage":0,"enemies":"Shelled Parasite and Fungi","floor":22,"turns":1},{"damage":6,"enemies":"3 Cultists","floor":23,"turns":3},{"damage":20,"enemies":"Chosen and Byrds","floor":24,"turns":9},{"damage":20,"enemies":"Snake Plant","floor":27,"turns":6},{"damage":22,"enemies":"Gremlin Leader","floor":29,"turns":6},{"damage":0,"enemies":"Cultist and Chosen","floor":31,"turns":3},{"damage":99,"enemies":"Automaton","floor":33,"turns":10}],"seed_played":"-4873548049818748256","potions_obtained":[{"floor":5,"key":"SkillPotion"},{"floor":6,"key":"SkillPotion"},{"floor":12,"key":"Strength Potion"},{"floor":13,"key":"SteroidPotion"},{"floor":22,"key":"LiquidBronze"},{"floor":23,"key":"Block Potion"},{"floor":29,"key":"AttackPotion"},{"floor":31,"key":"SpeedPotion"}],"is_trial":false,"path_per_floor":["M","M","M","?","M","E","M","E","T","$","R","E","M","?","R","B",null,"M","?","M","?","M","M","M","R","T","M","R","E","R","M","R","B"],"character_chosen":"IRONCLAD","items_purchased":[],"campfire_rested":1,"item_purchase_floors":[],"current_hp_per_floor":[64,66,72,72,64,50,45,26,26,26,26,25,30,11,33,16,60,66,66,61,61,67,75,61,61,61,47,47,75,75,75,75,0,0],"gold":396,"neow_bonus":"THREE_CARDS","is_daily":false,"chose_seed":false,"campfire_upgraded":5,"win_rate":0.0,"timestamp":1613328597,"path_taken":["M","M","?","?","M","E","M","E","T","$","R","E","?","?","R","BOSS","M","?","?","?","M","M","M","R","T","?","R","E","R","M","R","BOSS"],"items_purchased_type":[],"build_version":"2020-12-22","purchased_purges":1,"victory":false,"max_hp_per_floor":[75,75,75,75,75,75,75,75,75,75,75,75,75,75,75,75,75,75,75,75,75,75,75,75,75,75,75,75,75,75,75,75,75,75],"relic_stats":{"Happy Flower":[18],"counters":[20,98],"Bag of Preparation":[26],"Kunai":[2],"obtain_stats":[{"Happy Flower":14,"Vajra":4,"Mark of Pain":17,"Bag of Preparation":9,"Kunai":6,"Bottled Tornado":29,"Burning Blood":0,"Toy Ornithopter":8,"Akabeko":12,"White Beast Statue":26},{"Happy Flower":10,"Vajra":3,"Mark of Pain":11,"Bag of Preparation":7,"Kunai":5,"Bottled Tornado":18,"Burning Blood":0,"Toy Ornithopter":7,"Akabeko":8,"White Beast Statue":16},{"Happy Flower":43,"Vajra":12,"Mark of Pain":53,"Bag of Preparation":32,"Kunai":22,"Bottled Tornado":85,"Burning Blood":0,"Toy Ornithopter":32,"Akabeko":36,"White Beast Statue":73}],"Burning Blood":103,"Toy Ornithopter":15},"card_choices":[{"not_picked":["Rupture","Armaments"],"picked":"Battle Trance","floor":0},{"not_picked":["Headbutt","True Grit"],"picked":"Whirlwind","floor":1},{"not_picked":["Armaments","Whirlwind"],"picked":"Inflame","floor":2},{"not_picked":["True Grit","Blood for Blood"],"picked":"Armaments","floor":3},{"not_picked":["Battle Trance","Shrug It Off"],"picked":"Clothesline","floor":5},{"not_picked":["Inflame","Clash"],"picked":"Cleave","floor":6},{"not_picked":["Sword Boomerang","Cleave"],"picked":"Thunderclap","floor":7},{"not_picked":["Wild Strike","Ghostly Armor"],"picked":"Limit Break","floor":8},{"not_picked":["Fire Breathing","Wild Strike"],"picked":"True Grit","floor":12},{"not_picked":["Iron Wave","Pummel"],"picked":"Armaments","floor":13},{"not_picked":["Armaments","Pommel Strike"],"picked":"Shrug It Off","floor":14},{"not_picked":["Corruption","Barricade"],"picked":"Reaper","floor":16},{"not_picked":["Iron Wave","Pommel Strike"],"picked":"Flame Barrier","floor":18},{"not_picked":["Rampage","Perfected Strike+1","Thunderclap"],"picked":"SKIP","floor":20},{"not_picked":["Sword Boomerang","Body Slam+1"],"picked":"Reaper","floor":22},{"not_picked":["Headbutt","Clothesline"],"picked":"True Grit+1","floor":23},{"not_picked":["Flex","Heavy Blade","True Grit"],"picked":"SKIP","floor":24},{"not_picked":["Flex","Iron Wave","Sever Soul"],"picked":"SKIP","floor":27},{"not_picked":["Clash","Warcry"],"picked":"Burning Pact","floor":29},{"not_picked":["Perfected Strike","Iron Wave"],"picked":"Shrug It Off","floor":31}],"player_experience":741108,"relics_obtained":[{"floor":6,"key":"Kunai"},{"floor":8,"key":"Toy Ornithopter"},{"floor":9,"key":"Bag of Preparation"},{"floor":12,"key":"Akabeko"},{"floor":14,"key":"Happy Flower"},{"floor":26,"key":"White Beast Statue"},{"floor":29,"key":"Bottled Tornado"}],"event_choices":[{"cards_removed":["Armaments"],"damage_healed":0,"gold_gain":0,"player_choice":"Gave Card","damage_taken":0,"relics_obtained":["Vajra"],"max_hp_gain":0,"max_hp_loss":0,"event_name":"WeMeetAgain","floor":4,"gold_loss":0},{"damage_healed":0,"gold_gain":30,"player_choice":"Searched \u00273\u0027 times","damage_taken":0,"max_hp_gain":0,"max_hp_loss":0,"event_name":"Dead Adventurer","floor":14,"gold_loss":0},{"cards_removed":["Strike_R"],"damage_healed":0,"gold_gain":0,"player_choice":"Purged","damage_taken":0,"max_hp_gain":0,"max_hp_loss":0,"event_name":"Purifier","floor":19,"gold_loss":0},{"cards_removed":["Strike_R"],"damage_healed":0,"gold_gain":0,"player_choice":"Upgrade and Remove","damage_taken":0,"max_hp_gain":0,"max_hp_loss":0,"event_name":"Designer","floor":21,"gold_loss":110,"cards_upgraded":["Defend_R"]}],"is_beta":false,"boss_relics":[{"not_picked":["Runic Dome","Ectoplasm"],"picked":"Mark of Pain"}],"items_purged_floors":[10],"is_endless":false,"potions_floor_spawned":[5,6,7,12,13,22,23,24,27,29,31],"killed_by":"Automaton","ascension_level":15}}