{"host":"jwpp8hxpigr0nknu","time":1613330382,"event":{"mods":["BaseMod","BetterRewards","Colored Map","Colored Powertips","Minty Spire (QoL Compilation)","Rare Cards Sparkle","Shop Mod","StSLib"],"gold_per_floor":[109,59,59,59,72,113,146,177,235,286,333,381,433,18,18,146,146,162,7,7,21,60,98,129,169,194,227,227,277,316,339,339,465,465,478,478,498,498,97,130,168,212,212,548,579,612,161,161,161,280,280,280,280],"floor_reached":52,"language":"ENG","playtime":4668,"items_purged":["Deflect","Envenom","Dodge and Roll"],"score":1843,"play_id":"ad51fc3f-3024-4940-b004-0e922c6edd74","local_time":"20210214131942","daily_mods":["Draft","Heirloom","Flight","DeadlyEvents","Elite Swarm"],"is_ascension_mode":true,"campfire_choices":[{"data":"After Image","floor":15.0,"key":"SMITH"},{"data":"Envenom","floor":28.0,"key":"SMITH"},{"data":"Night Terror","floor":32.0,"key":"SMITH"},{"data":"Adrenaline","floor":49,"key":"SMITH"}],"circlet_count":0,"master_deck":["Escape Plan","Acrobatics","Concentrate","Expertise","Leg Sweep+1","Sucker Punch+1","Blur","Escape Plan","All Out Attack","Acrobatics","Slice+1","Bouncing Flask","Die Die Die","Backflip","Burst","Envenom","Corpse Explosion","After Image+1","Envenom+1","Poisoned Stab","Corpse Explosion","Noxious Fumes","Escape Plan+1","Doppelganger","Phantasmal Killer","Night Terror+1","Night Terror","After Image","Blur+1","Secret Weapon","Venomology","Bullet Time","Adrenaline+1","Dash"],"relics":["Ring of the Snake","Thread and Needle","Golden Idol","Meat on the Bone","Whetstone","MawBank","Bronze Scales","Gambling Chip","Incense Burner","Snake Skull","Orichalcum","Dead Branch","Philosopher\u0027s Stone","Tiny Chest","Enchiridion","Bottled Flame","Pocketwatch","Bag of Preparation","Blood Vial","Oddly Smooth Stone","Omamori","Boot","InkBottle","Black Star","TwistedFunnel","Art of War","MealTicket","Pen Nib","War Paint","Mango","Eternal Feather","Anchor","Kunai","Dream Catcher","Old Coin","Bag of Marbles","Regal Pillow","Mercury Hourglass","Akabeko","Strange Spoon","Centennial Puzzle","Ornamental Fan","HoveringKite"],"acts_visited":["Exordium","TheCity","TheBeyond","Exordium"],"potions_floor_usage":[35,40,41,42,42,42,42,42,42,42,44,44,44,44,46,46,50],"damage_taken":[{"damage":0.0,"enemies":"Jaw Worm","floor":1.0,"turns":4.0},{"damage":0.0,"enemies":"Small Slimes","floor":5.0,"turns":2.0},{"damage":23.0,"enemies":"Gremlin Nob","floor":6.0,"turns":6.0},{"damage":4.0,"enemies":"Lagavulin","floor":7.0,"turns":5.0},{"damage":12.0,"enemies":"Gremlin Nob","floor":8.0,"turns":6.0},{"damage":9.0,"enemies":"3 Sentries","floor":10.0,"turns":3.0},{"damage":0.0,"enemies":"Lagavulin","floor":11.0,"turns":6.0},{"damage":0.0,"enemies":"3 Sentries","floor":12.0,"turns":4.0},{"damage":0.0,"enemies":"Gremlin Nob","floor":13.0,"turns":5.0},{"damage":6.0,"enemies":"Hexaghost","floor":16.0,"turns":9.0},{"damage":12.0,"enemies":"2 Thieves","floor":18.0,"turns":2.0},{"damage":0.0,"enemies":"Chosen","floor":21.0,"turns":4.0},{"damage":0.0,"enemies":"Gremlin Leader","floor":22.0,"turns":6.0},{"damage":7.0,"enemies":"Book of Stabbing","floor":23.0,"turns":7.0},{"damage":1.0,"enemies":"Gremlin Leader","floor":24.0,"turns":6.0},{"damage":9.0,"enemies":"Book of Stabbing","floor":25.0,"turns":6.0},{"damage":0.0,"enemies":"Gremlin Leader","floor":27.0,"turns":4.0},{"damage":14.0,"enemies":"Book of Stabbing","floor":30.0,"turns":7.0},{"damage":0.0,"enemies":"Snake Plant","floor":31.0,"turns":4.0},{"damage":42.0,"enemies":"Automaton","floor":33.0,"turns":7.0},{"damage":4,"enemies":"3 Darklings","floor":35,"turns":4},{"damage":0,"enemies":"3 Shapes","floor":37,"turns":4},{"damage":0,"enemies":"Giant Head","floor":40,"turns":11},{"damage":10,"enemies":"Nemesis","floor":41,"turns":7},{"damage":0,"enemies":"Giant Head","floor":42,"turns":9},{"damage":0,"enemies":"Nemesis","floor":44,"turns":8},{"damage":0,"enemies":"Giant Head","floor":45,"turns":9},{"damage":0,"enemies":"Nemesis","floor":46,"turns":5},{"damage":6,"enemies":"Donu and Deca","floor":50,"turns":5},{"damage":0,"enemies":"2 Louse","floor":52,"turns":1}],"seed_played":"6145028728856666645","potions_obtained":[{"floor":1.0,"key":"FearPotion"},{"floor":6.0,"key":"Dexterity Potion"},{"floor":7.0,"key":"EssenceOfSteel"},{"floor":10.0,"key":"Fire Potion"},{"floor":11.0,"key":"SpeedPotion"},{"floor":12.0,"key":"Weak Potion"},{"floor":21.0,"key":"Regen Potion"},{"floor":23.0,"key":"Block Potion"},{"floor":25.0,"key":"Ancient Potion"},{"floor":33.0,"key":"PowerPotion"},{"floor":37,"key":"AttackPotion"},{"floor":40,"key":"DistilledChaos"},{"floor":44,"key":"GamblersBrew"},{"floor":46,"key":"EssenceOfSteel"},{"floor":50,"key":"LiquidBronze"}],"is_trial":true,"path_per_floor":["M","?","?","?","M","E","E","E","T","E","E","E","E","$","R","B",null,"M","$","?","M","E","E","E","E","T","E","R","T","E","M","R","B",null,"M","?","M","?","$","E","E","E","T","E","E","E","$","T","R","B",null,"M"],"character_chosen":"THE_SILENT","items_purchased":["Dead Branch","Poisoned Stab","Tiny Chest","TwistedFunnel","Art of War","Strange Spoon","Centennial Puzzle","Dash"],"campfire_rested":0,"item_purchase_floors":[14,14,19,39,39,47,47,47],"current_hp_per_floor":[63,63,46,46,46,23,31,31,31,34,46,46,46,46,46,40,63,51,51,35,47,61,54,53,44,44,46,46,46,46,48,48,20,58,56,56,58,58,58,60,66,68,68,70,72,74,80,80,80,74,79,80,80],"gold":280,"neow_bonus":"","is_daily":false,"chose_seed":false,"campfire_upgraded":4,"win_rate":0.0,"timestamp":1613330382,"path_taken":["M","?","?","?","?","E","?","E","T","E","E","E","E","$","R","BOSS","M","$","?","?","?","E","E","E","T","E","R","?","E","M","R","BOSS","M","?","?","?","$","E","E","E","T","E","E","E","$","?","R","BOSS","M"],"items_purchased_type":["Relic","Card","Relic","Relic","Relic","Relic","Relic","Card"],"build_version":"2020-12-22","purchased_purges":3,"victory":false,"max_hp_per_floor":[70,70,70,70,70,70,70,70,70,70,70,70,70,70,70,70,70,70,70,70,70,70,70,70,70,70,70,70,70,70,70,70,70,70,70,70,70,66,66,66,80,80,80,80,80,80,80,80,80,80,80,80,80],"card_choices":[{"not_picked":["Eviscerate","All Out Attack"],"picked":"Escape Plan","floor":0.0},{"not_picked":["Eviscerate","Predator"],"picked":"Dodge and Roll","floor":0.0},{"not_picked":["Infinite Blades","Prepared"],"picked":"Acrobatics","floor":0.0},{"not_picked":["Accuracy","Sucker Punch"],"picked":"Concentrate","floor":0.0},{"not_picked":["Dagger Spray","Terror"],"picked":"Expertise","floor":0.0},{"not_picked":["Eviscerate","Deflect"],"picked":"Leg Sweep","floor":0.0},{"not_picked":["Leg Sweep","Dagger Throw"],"picked":"Sucker Punch","floor":0.0},{"not_picked":["Quick Slash","Masterful Stab"],"picked":"Blur","floor":0.0},{"not_picked":["Poisoned Stab","Eviscerate"],"picked":"Escape Plan","floor":0.0},{"not_picked":["Bane","Choke"],"picked":"All Out Attack","floor":0.0},{"not_picked":["Poisoned Stab","Slice"],"picked":"Deflect","floor":0.0},{"not_picked":["Bane","Eviscerate"],"picked":"Acrobatics","floor":0.0},{"not_picked":["Blade Dance","Bane"],"picked":"Slice","floor":0.0},{"not_picked":["Poisoned Stab","Dagger Throw"],"picked":"Calculated Gamble","floor":0.0},{"not_picked":["PiercingWail","Endless Agony"],"picked":"Bouncing Flask","floor":0.0},{"not_picked":["Flying Knee","Sucker Punch"],"picked":"Calculated Gamble","floor":1.0},{"not_picked":["PiercingWail","Underhanded Strike"],"picked":"Backflip","floor":5.0},{"not_picked":["Storm of Steel","Tools of the Trade"],"picked":"Burst","floor":6.0},{"not_picked":["Malaise","Doppelganger"],"picked":"Envenom","floor":7.0},{"not_picked":["Die Die Die","Envenom"],"picked":"Corpse Explosion","floor":8.0},{"not_picked":["Doppelganger","Envenom"],"picked":"After Image","floor":10.0},{"not_picked":["Wraith Form v2","Bullet Time","Tools of the Trade"],"picked":"SKIP","floor":11.0},{"not_picked":["Bullet Time","Unload"],"picked":"Envenom","floor":12.0},{"not_picked":["Grand Finale","Die Die Die"],"picked":"Envenom","floor":13.0},{"not_picked":["Bullet Time","Tools of the Trade"],"picked":"Corpse Explosion","floor":16.0},{"not_picked":["Flying Knee","Choke"],"picked":"Noxious Fumes","floor":18.0},{"not_picked":["Underhanded Strike+1","Setup"],"picked":"Escape Plan+1","floor":21.0},{"not_picked":["Malaise","Tools of the Trade"],"picked":"Doppelganger","floor":22.0},{"not_picked":["Storm of Steel","Grand Finale"],"picked":"Phantasmal Killer","floor":23.0},{"not_picked":["Phantasmal Killer","Unload"],"picked":"Night Terror","floor":24.0},{"not_picked":["A Thousand Cuts","Storm of Steel"],"picked":"Night Terror","floor":25.0},{"not_picked":["Storm of Steel","Malaise","Unload"],"picked":"SKIP","floor":27.0},{"not_picked":["Glass Knife","Night Terror","Wraith Form v2"],"picked":"SKIP","floor":30.0},{"not_picked":["Glass Knife","Night Terror","Wraith Form v2"],"picked":"SKIP","floor":30.0},{"not_picked":["Quick Slash+1","Underhanded Strike","Outmaneuver"],"picked":"SKIP","floor":31.0},{"not_picked":["Envenom","Phantasmal Killer"],"picked":"After Image","floor":33.0},{"not_picked":["Skewer+1","Dagger Throw+1"],"picked":"Blur","floor":35},{"not_picked":["Madness","The Bomb"],"picked":"Secret Weapon","floor":36},{"not_picked":["Outmaneuver+1","Poisoned Stab+1","Quick Slash"],"picked":"SKIP","floor":37},{"not_picked":["Grand Finale","Glass Knife"],"picked":"Venomology","floor":40},{"not_picked":["Glass Knife","Doppelganger","Night Terror"],"picked":"SKIP","floor":41},{"not_picked":["Doppelganger","Night Terror","Glass Knife"],"picked":"SKIP","floor":42},{"not_picked":["Grand Finale","Tools of the Trade"],"picked":"Bullet Time","floor":44},{"not_picked":["Phantasmal Killer","Night Terror"],"picked":"Adrenaline","floor":45},{"not_picked":["Night Terror","Venomology","Grand Finale"],"picked":"SKIP","floor":46}],"player_experience":359585,"relics_obtained":[{"floor":6.0,"key":"Meat on the Bone"},{"floor":7.0,"key":"Whetstone"},{"floor":8.0,"key":"MawBank"},{"floor":9.0,"key":"Bronze Scales"},{"floor":10.0,"key":"Gambling Chip"},{"floor":11.0,"key":"Incense Burner"},{"floor":12.0,"key":"Snake Skull"},{"floor":13.0,"key":"Orichalcum"},{"floor":20.0,"key":"Enchiridion"},{"floor":22.0,"key":"Bottled Flame"},{"floor":23.0,"key":"Pocketwatch"},{"floor":24.0,"key":"Bag of Preparation"},{"floor":25.0,"key":"Blood Vial"},{"floor":26.0,"key":"Oddly Smooth Stone"},{"floor":27.0,"key":"Omamori"},{"floor":29.0,"key":"Boot"},{"floor":30.0,"key":"InkBottle"},{"floor":40,"key":"MealTicket"},{"floor":40,"key":"Pen Nib"},{"floor":41,"key":"War Paint"},{"floor":41,"key":"Mango"},{"floor":42,"key":"Eternal Feather"},{"floor":42,"key":"Anchor"},{"floor":43,"key":"Kunai"},{"floor":44,"key":"Dream Catcher"},{"floor":44,"key":"Old Coin"},{"floor":45,"key":"Bag of Marbles"},{"floor":45,"key":"Regal Pillow"},{"floor":46,"key":"Mercury Hourglass"},{"floor":46,"key":"Akabeko"},{"floor":48,"key":"Ornamental Fan"}],"event_choices":[{"cards_removed":["Calculated Gamble"],"damage_healed":0.0,"max_hp_gain":0.0,"max_hp_loss":0.0,"gold_gain":0.0,"event_name":"The Cleric","player_choice":"Card Removal","floor":2.0,"gold_loss":50.0,"damage_taken":0.0},{"damage_healed":0.0,"max_hp_gain":0.0,"max_hp_loss":0.0,"gold_gain":0.0,"event_name":"Golden Idol","player_choice":"Take Damage","floor":3.0,"gold_loss":0.0,"damage_taken":17.0,"relics_obtained":["Golden Idol"]},{"damage_healed":0.0,"max_hp_gain":0.0,"max_hp_loss":0.0,"gold_gain":0.0,"cards_transformed":["Calculated Gamble"],"event_name":"Transmorgrifier","player_choice":"Transformed","floor":4.0,"gold_loss":0.0,"damage_taken":0.0,"cards_obtained":["Die Die Die"]},{"damage_healed":0.0,"max_hp_gain":0.0,"max_hp_loss":0.0,"gold_gain":0.0,"event_name":"Cursed Tome","player_choice":"Obtained Book","floor":20.0,"gold_loss":0.0,"damage_taken":16.0},{"damage_healed":0,"gold_gain":0,"player_choice":"Memory 1","damage_taken":0,"max_hp_gain":0,"max_hp_loss":0,"event_name":"SensoryStone","floor":36,"gold_loss":0},{"damage_healed":0,"gold_gain":0,"player_choice":"Max HP","damage_taken":0,"max_hp_gain":0,"max_hp_loss":4,"event_name":"Winding Halls","floor":38,"gold_loss":0}],"is_beta":false,"boss_relics":[{"not_picked":["Runic Pyramid","Tiny House"],"picked":"Philosopher\u0027s Stone"},{"not_picked":["Ring of the Serpent","Runic Dome"],"picked":"Black Star"},{"not_picked":["SacredBark","Snecko Eye"],"picked":"HoveringKite"}],"items_purged_floors":[14,39,47],"is_endless":true,"potions_floor_spawned":[1,6,7,10,11,12,21,23,25,33,37,40,44,46,50],"killed_by":"2 Louse","ascension_level":9}}