{"host":"bgyhjzqafgkxdxsh","time":1613277900,"event":{"mods":["BaseMod","Colored Map","Minty Spire (QoL Compilation)","Relic Stats","StSLib","everything is the same but u backflip on backflip"],"gold_per_floor":[159,177,187,206,218,245,245,245,299,299,310,11,28,28,28],"floor_reached":14,"language":"ENG","playtime":585,"items_purged":[],"score":165,"play_id":"b52d8848-3388-4c83-b9a1-449d9de1ed58","local_time":"20210214144500","is_ascension_mode":true,"campfire_choices":[{"floor":8,"key":"REST"},{"data":"Neutralize","floor":10,"key":"SMITH"}],"circlet_count":0,"master_deck":["AscendersBane","Strike_G","Strike_G","Strike_G","Strike_G","Strike_G+1","Defend_G","Defend_G","Defend_G","Defend_G","Defend_G","Survivor","Neutralize+1","Dagger Spray","Bane","Dagger Spray","Blur","Quick Slash","Backstab","Heel Hook","Deadly Poison","Prepared"],"relics":["Tiny House","Centennial Puzzle","Kunai","Toy Ornithopter","Eternal Feather"],"acts_visited":["Exordium"],"potions_floor_usage":[4,6,14],"damage_taken":[{"damage":5,"enemies":"Cultist","floor":1,"turns":4},{"damage":0,"enemies":"Small Slimes","floor":2,"turns":3},{"damage":3,"enemies":"2 Louse","floor":3,"turns":3},{"damage":16,"enemies":"Exordium Thugs","floor":4,"turns":4},{"damage":7,"enemies":"Exordium Wildlife","floor":5,"turns":4},{"damage":29,"enemies":"Gremlin Nob","floor":6,"turns":5},{"damage":2,"enemies":"Looter","floor":11,"turns":4},{"damage":21,"enemies":"Gremlin Gang","floor":13,"turns":5},{"damage":15,"enemies":"Lagavulin","floor":14,"turns":6}],"seed_played":"-7275763544961436592","potions_obtained":[{"floor":0,"key":"FearPotion"},{"floor":1,"key":"GhostInAJar"},{"floor":3,"key":"DistilledChaos"},{"floor":4,"key":"AttackPotion"},{"floor":5,"key":"DuplicationPotion"}],"is_trial":false,"path_per_floor":["M","M","M","M","M","E","T","R","T","R","M","$","M","E"],"character_chosen":"THE_SILENT","items_purchased":["Eternal Feather","Deadly Poison"],"campfire_rested":1,"item_purchase_floors":[12,12],"current_hp_per_floor":[59,59,56,40,33,4,4,25,25,25,23,23,2,0,0],"gold":28,"neow_bonus":"BOSS_RELIC","is_daily":false,"chose_seed":false,"campfire_upgraded":1,"win_rate":0.0,"timestamp":1613277900,"path_taken":["M","M","M","?","M","E","?","R","T","R","M","$","M","E"],"items_purchased_type":["Relic","Card"],"build_version":"2020-12-22","purchased_purges":0,"victory":false,"max_hp_per_floor":[71,71,71,71,71,71,71,71,71,71,71,71,71,71,71],"relic_stats":{"Centennial Puzzle":[6],"counters":[9,38],"Eternal Feather":0,"Kunai":[5],"obtain_stats":[{"Centennial Puzzle":6,"Tiny House":0,"Eternal Feather":12,"Kunai":7,"Toy Ornithopter":9,"Ring of the Snake":0},{"Centennial Puzzle":6,"Tiny House":0,"Eternal Feather":7,"Kunai":6,"Toy Ornithopter":6,"Ring of the Snake":0},{"Centennial Puzzle":23,"Tiny House":0,"Eternal Feather":27,"Kunai":23,"Toy Ornithopter":23,"Ring of the Snake":0}],"Toy Ornithopter":5},"card_choices":[{"not_picked":["Infinite Blades","Underhanded Strike"],"picked":"Dagger Spray","floor":0},{"not_picked":["Concentrate","Outmaneuver"],"picked":"Bane","floor":1},{"not_picked":["Underhanded Strike","Venomology"],"picked":"Dagger Spray","floor":2},{"not_picked":["Terror","Caltrops","Slice"],"picked":"SKIP","floor":3},{"not_picked":["Cloak And Dagger","Quick Slash"],"picked":"Blur","floor":4},{"not_picked":["Dagger Throw","Deflect"],"picked":"Quick Slash","floor":5},{"not_picked":["Blur","Infinite Blades"],"picked":"Backstab","floor":6},{"not_picked":["Deadly Poison","Quick Slash"],"picked":"Heel Hook","floor":11},{"not_picked":["Bane","Slice"],"picked":"Prepared","floor":13}],"player_experience":526675,"relics_obtained":[{"floor":6,"key":"Centennial Puzzle"},{"floor":7,"key":"Kunai"},{"floor":9,"key":"Toy Ornithopter"}],"event_choices":[],"is_beta":false,"boss_relics":[],"items_purged_floors":[],"is_endless":false,"potions_floor_spawned":[1,3,4,5],"killed_by":"Lagavulin","ascension_level":15}}