{"host":"7iv10lxbxedtd0qh","time":1613269837,"event":{"mods":["100% Spire Juice","Act Like it!","BaseMod","Bestiary","CapriCore","Colored Map","Colored Powertips","Downfall","Minty Spire (QoL Compilation)","Spire Arcade","StSLib","The Alterego","The Immortal","The Marked","TheVacant"],"gold_per_floor":[110,340,290,290,310,310,328,362,388,414,414,439,439,454,454,550,550,560,578,296,311,327,356,110,136,136,136,146,171,171,183,183,285,285,300,350,362,376,389,424,434,464,464,495,495,847,872,872,872,872,872,872,2,28,28],"floor_reached":56,"language":"ENG","playtime":4262,"items_purged":["alterego_mod:Impale","alterego_mod:Strike","alterego_mod:Strike+1"],"score":1599,"play_id":"a699c06b-18cf-4974-bcfb-67a231e617cb","local_time":"20210214033037","is_ascension_mode":true,"campfire_choices":[{"data":"alterego_mod:BrynhildrsRune","floor":6,"key":"SMITH"},{"data":"alterego_mod:Schoolgirl","floor":11,"key":"SMITH"},{"data":"alterego_mod:TrashNCrash","floor":13,"key":"SMITH"},{"data":"alterego_mod:IndependentAction","floor":15,"key":"SMITH"},{"data":"1","floor":27,"key":"LIFT"},{"data":"2","floor":30,"key":"LIFT"},{"data":"3","floor":32,"key":"LIFT"},{"floor":49,"key":"RECALL"},{"floor":52,"key":"REST"}],"circlet_count":0,"master_deck":["alterego_mod:Defend","alterego_mod:Defend+1","alterego_mod:BrynhildrsRune+1","alterego_mod:TrashNCrash+1","alterego_mod:Schoolgirl+1","alterego_mod:BrynhildrRomantia+1","alterego_mod:IndependentAction+1","alterego_mod:BustOut","alterego_mod:MagicResistance+1","Master of Strategy","alterego_mod:SakuraLabyrinth+1","alterego_mod:ChallengeComplete+1","alterego_mod:Tantrum","alterego_mod:Rake+1","alterego_mod:BeGentle","Enlightenment"],"relics":["alterego_mod:MasochisticConstitution","Molten Egg 2","hexamod:BolsterEngine","Smiling Mask","Lantern","Black Star","Omamori","CaptainsWheel","Whetstone","Girya","Orichalcum","InkBottle","Gambling Chip","Bronze Scales","Fusion Hammer","Incense Burner","Bag of Marbles","Gremlin Horn","Ancient Tea Set","War Paint","Question Card","Ornamental Fan","Old Coin","Letter Opener","Bottled Flame","Sundial","Anchor","Art of War","Vajra"],"acts_visited":["Exordium","TheCity","TheBeyond","TheEnding"],"potions_floor_usage":[8,8,10,23,29,40,42,46,55],"damage_taken":[{"damage":3,"enemies":"Cultist","floor":1,"turns":3},{"damage":10,"enemies":"Small Slimes","floor":5,"turns":4},{"damage":3,"enemies":"Jaw Worm","floor":7,"turns":9},{"damage":4,"enemies":"3 Sentries","floor":8,"turns":8},{"damage":20,"enemies":"Lagavulin","floor":10,"turns":11},{"damage":73,"enemies":"3 Sentries","floor":12,"turns":12},{"damage":11,"enemies":"3 Louse","floor":14,"turns":6},{"damage":4,"enemies":"The Guardian","floor":16,"turns":9},{"damage":16,"enemies":"Spheric Guardian","floor":18,"turns":6},{"damage":25,"enemies":"3 Byrds","floor":19,"turns":8},{"damage":26,"enemies":"Snake Plant","floor":21,"turns":8},{"damage":80,"enemies":"Chosen and Byrds","floor":22,"turns":13},{"damage":48,"enemies":"Gremlin Leader","floor":23,"turns":12},{"damage":64,"enemies":"Slavers","floor":25,"turns":22},{"damage":9,"enemies":"Centurion and Healer","floor":28,"turns":9},{"damage":0,"enemies":"Book of Stabbing","floor":29,"turns":6},{"damage":9,"enemies":"Snecko","floor":31,"turns":4},{"damage":8,"enemies":"Champ","floor":33,"turns":28},{"damage":8,"enemies":"3 Shapes","floor":35,"turns":7},{"damage":9,"enemies":"Mind Bloom Boss Battle","floor":36,"turns":7},{"damage":9,"enemies":"Orb Walker","floor":37,"turns":3},{"damage":0,"enemies":"Spire Growth","floor":38,"turns":7},{"damage":0,"enemies":"Maw","floor":39,"turns":6},{"damage":33,"enemies":"Reptomancer","floor":40,"turns":11},{"damage":9,"enemies":"Writhing Mass","floor":41,"turns":5},{"damage":9,"enemies":"Nemesis","floor":42,"turns":3},{"damage":12,"enemies":"Reptomancer","floor":44,"turns":9},{"damage":44,"enemies":"2 Orb Walkers","floor":46,"turns":7},{"damage":33,"enemies":"Giant Head","floor":47,"turns":10},{"damage":29,"enemies":"Awakened One","floor":50,"turns":17},{"damage":7,"enemies":"Shield and Spear","floor":54,"turns":6},{"damage":30,"enemies":"The Heart","floor":55,"turns":8}],"seed_played":"-4088390359219729365","potions_obtained":[{"floor":2,"key":"AttackPotion"},{"floor":5,"key":"AttackPotion"},{"floor":7,"key":"Fruit Juice"},{"floor":10,"key":"SteroidPotion"},{"floor":14,"key":"FairyPotion"},{"floor":18,"key":"Dexterity Potion"},{"floor":25,"key":"DistilledChaos"},{"floor":31,"key":"sneckomod:MuddlingPotion"},{"floor":42,"key":"DistilledChaos"},{"floor":47,"key":"Weak Potion"}],"is_trial":false,"path_per_floor":["M","?","?","?","M","R","M","E","T","E","R","E","R","M","R","B",null,"M","M","$","M","M","E","$","E","T","R","M","E","R","M","R","B",null,"M","?","M","M","M","E","M","E","T","E","?","?","E","?","R","B",null,"R","$","E","B",null],"character_chosen":"The_Alterego","items_purchased":["Omamori","alterego_mod:BustOut","Master of Strategy","alterego_mod:Tantrum","alterego_mod:Rake+1","alterego_mod:BeGentle","Sundial","Anchor","Enlightenment"],"campfire_rested":1,"item_purchase_floors":[20,20,24,53,53,53,53,53,53],"current_hp_per_floor":[47,47,47,40,45,45,50,73,73,61,61,10,10,33,33,41,99,95,104,104,114,57,112,112,149,149,149,158,162,162,165,165,172,172,185,190,195,199,203,208,213,216,216,218,218,202,233,233,233,231,246,246,246,251,233],"gold":28,"neow_bonus":"REMOVE_TWO","is_daily":false,"chose_seed":false,"campfire_upgraded":4,"win_rate":0.0,"timestamp":1613269837,"path_taken":["M","?","?","?","M","R","M","E","T","E","R","E","R","M","R","BOSS","M","M","$","M","M","E","$","E","T","R","M","E","R","M","R","BOSS","M","?","M","M","M","E","M","E","T","E","?","?","E","?","R","BOSS","R","$","E","BOSS"],"items_purchased_type":["Relic","Card","Card","Card","Card","Card","Relic","Relic","Card"],"build_version":"2020-12-22","purchased_purges":3,"victory":true,"max_hp_per_floor":[71,71,71,71,72,72,73,79,79,80,80,81,81,94,94,99,99,104,117,117,122,131,136,136,149,149,149,158,162,162,167,167,172,172,185,190,195,199,203,208,213,218,218,223,223,228,233,233,233,246,246,246,246,251,256],"card_choices":[{"not_picked":["alterego_mod:Undulate","alterego_mod:PresenceConcealment"],"picked":"alterego_mod:TrashNCrash","floor":1},{"not_picked":["alterego_mod:PerceptionDisorder","alterego_mod:Maid","alterego_mod:Skirt"],"picked":"SKIP","floor":5},{"not_picked":["alterego_mod:Crossover","alterego_mod:Maid","alterego_mod:1TonWallop"],"picked":"SKIP","floor":7},{"not_picked":["alterego_mod:Maid+1","alterego_mod:Jiggle","alterego_mod:Pet"],"picked":"SKIP","floor":8},{"not_picked":["alterego_mod:Valentines","alterego_mod:Birthday"],"picked":"alterego_mod:Schoolgirl","floor":10},{"not_picked":["alterego_mod:BeGentle","alterego_mod:Mirror"],"picked":"alterego_mod:BrynhildrRomantia+1","floor":12},{"not_picked":["alterego_mod:Cycle","alterego_mod:Jiggle"],"picked":"alterego_mod:IndependentAction","floor":14},{"not_picked":["alterego_mod:DestructionOfProperty+1","alterego_mod:Table","alterego_mod:TrashNCrash"],"picked":"SKIP","floor":18},{"not_picked":["alterego_mod:PresenceConcealment","alterego_mod:Exercise+1","alterego_mod:Pet"],"picked":"SKIP","floor":19},{"not_picked":["alterego_mod:1TonWallop+1","alterego_mod:Complex+1","alterego_mod:Punishment"],"picked":"SKIP","floor":21},{"not_picked":["alterego_mod:Collar+1","alterego_mod:Undulate+1"],"picked":"alterego_mod:MagicResistance","floor":22},{"not_picked":["alterego_mod:GoddessCore+1","alterego_mod:TrashNCrash+1","alterego_mod:Collar+1"],"picked":"SKIP","floor":23},{"not_picked":["alterego_mod:Lift","alterego_mod:Mirror","alterego_mod:IndependentAction+1"],"picked":"SKIP","floor":25},{"not_picked":["alterego_mod:HighServant+1","alterego_mod:DestructionOfProperty","alterego_mod:GoddessCore+1"],"picked":"SKIP","floor":28},{"not_picked":["alterego_mod:DeftHands+1","alterego_mod:Bloomers+1","alterego_mod:GoddessCore+1"],"picked":"SKIP","floor":29},{"not_picked":["alterego_mod:Punishment","alterego_mod:Complex+1","alterego_mod:IndependentAction"],"picked":"SKIP","floor":31},{"not_picked":["alterego_mod:Birthday+1","alterego_mod:BreastValley","alterego_mod:Mirror+1"],"picked":"SKIP","floor":35},{"not_picked":["alterego_mod:Birthday+1","alterego_mod:Undulate+1","alterego_mod:Punishment+1"],"picked":"SKIP","floor":37},{"not_picked":["alterego_mod:Smother","alterego_mod:Maid+1"],"picked":"alterego_mod:SakuraLabyrinth+1","floor":38},{"not_picked":["alterego_mod:Bunnysuit","alterego_mod:DiscoLights+1","alterego_mod:1TonWallop+1"],"picked":"SKIP","floor":39},{"not_picked":["alterego_mod:Table","alterego_mod:Bounce+1"],"picked":"alterego_mod:ChallengeComplete+1","floor":40},{"not_picked":["alterego_mod:Undulate+1","alterego_mod:Birthday","alterego_mod:DiscoLights+1"],"picked":"SKIP","floor":41},{"not_picked":["alterego_mod:DiscoLights","alterego_mod:Lingerie+1","alterego_mod:PurpleHair+1"],"picked":"SKIP","floor":42},{"not_picked":["alterego_mod:DestructionOfProperty","alterego_mod:Undulate+1","alterego_mod:Punishment"],"picked":"SKIP","floor":44},{"not_picked":["alterego_mod:IndependentAction","alterego_mod:Complex+1","alterego_mod:BeGentle","alterego_mod:Pet+1"],"picked":"SKIP","floor":47},{"not_picked":["alterego_mod:IndependentAction","alterego_mod:Complex+1","alterego_mod:BeGentle","alterego_mod:Pet+1"],"picked":"SKIP","floor":47},{"not_picked":["alterego_mod:Mirror","alterego_mod:Pet","alterego_mod:HighServant","alterego_mod:Smother+1"],"picked":"SKIP","floor":54}],"player_experience":857225,"relics_obtained":[{"floor":8,"key":"Molten Egg 2"},{"floor":9,"key":"hexamod:BolsterEngine"},{"floor":10,"key":"Smiling Mask"},{"floor":12,"key":"Lantern"},{"floor":23,"key":"CaptainsWheel"},{"floor":23,"key":"Whetstone"},{"floor":25,"key":"Girya"},{"floor":25,"key":"Orichalcum"},{"floor":26,"key":"InkBottle"},{"floor":29,"key":"Gambling Chip"},{"floor":29,"key":"Bronze Scales"},{"floor":36,"key":"Incense Burner"},{"floor":40,"key":"Bag of Marbles"},{"floor":40,"key":"Gremlin Horn"},{"floor":42,"key":"Ancient Tea Set"},{"floor":42,"key":"War Paint"},{"floor":44,"key":"Question Card"},{"floor":44,"key":"Ornamental Fan"},{"floor":46,"key":"Old Coin"},{"floor":47,"key":"Letter Opener"},{"floor":47,"key":"Bottled Flame"},{"floor":54,"key":"Art of War"},{"floor":54,"key":"Vajra"}],"event_choices":[{"cards_removed":["alterego_mod:Defend"],"damage_healed":0,"gold_gain":0,"player_choice":"Card Removal","damage_taken":0,"max_hp_gain":0,"max_hp_loss":0,"event_name":"The Cleric","floor":3,"gold_loss":50},{"cards_removed":["alterego_mod:Strike"],"damage_healed":0,"gold_gain":0,"player_choice":"Card Removal","damage_taken":7,"max_hp_gain":0,"max_hp_loss":0,"event_name":"Golden Wing","floor":4,"gold_loss":0},{"damage_healed":0,"gold_gain":0,"player_choice":"Fight","damage_taken":0,"max_hp_gain":0,"max_hp_loss":0,"event_name":"MindBloom","floor":36,"gold_loss":0},{"damage_healed":0,"gold_gain":0,"player_choice":"Ignored","damage_taken":0,"max_hp_gain":0,"max_hp_loss":0,"event_name":"Tomb of Lord Red Mask","floor":45,"gold_loss":0},{"damage_healed":0,"gold_gain":0,"player_choice":"Fight","damage_taken":0,"max_hp_gain":0,"max_hp_loss":0,"event_name":"Mysterious Sphere","floor":46,"gold_loss":0},{"cards_removed":["alterego_mod:Strike"],"damage_healed":0,"gold_gain":0,"player_choice":"Removed Attack","damage_taken":0,"max_hp_gain":0,"max_hp_loss":0,"event_name":"Falling","floor":48,"gold_loss":0}],"is_beta":false,"boss_relics":[{"not_picked":["Runic Dome","Philosopher\u0027s Stone"],"picked":"Black Star"},{"not_picked":["SacredBark","Pandora\u0027s Box"],"picked":"Fusion Hammer"}],"items_purged_floors":[20,24,53],"is_endless":false,"potions_floor_spawned":[5,7,10,14,18,25,31,35,37,38,39,42,47],"ascension_level":1}}