{"host":"tjq6rykv202u6iqx","time":1613282462,"event":{"mods":["AchievementEnabler","BaseMod","Minty Spire (QoL Compilation)","Rare Cards Sparkle","Relic Stats"],"gold_per_floor":[110,34,34,34,51,51,80,98,152,171,191,220,220,235,235,313,313,330,330,15,15,15,15],"floor_reached":22,"language":"ENG","playtime":1650,"items_purged":[],"score":405,"play_id":"8b702443-ca19-4fda-9c5a-24a3a9e6b13f","local_time":"20210214000102","is_ascension_mode":true,"campfire_choices":[{"data":"Defragment","floor":6.0,"key":"SMITH"},{"data":"Multi-Cast","floor":15,"key":"SMITH"}],"circlet_count":0,"master_deck":["AscendersBane","Strike_B+1","Strike_B","Strike_B","Defend_B+1","Defend_B","Defend_B","Defend_B","Zap","Dualcast","Compile Driver","Defragment+1","Darkness","Multi-Cast+1","Cold Snap","Rebound","Auto Shields","Echo Form","Self Repair","Steam","Creative AI","Chaos+1","Lockon","Double Energy"],"relics":["Cracked Core","NeowsBlessing","Juzu Bracelet","Blood Vial","Bag of Marbles","White Beast Statue","SlaversCollar","Calipers","Potion Belt"],"acts_visited":["TheCity"],"potions_floor_usage":[22],"damage_taken":[{"damage":0.0,"enemies":"Cultist","floor":1.0,"turns":1.0},{"damage":0.0,"enemies":"2 Louse","floor":5.0,"turns":1.0},{"damage":0.0,"enemies":"Gremlin Nob","floor":7.0,"turns":1.0},{"damage":1.0,"enemies":"Small Slimes","floor":8.0,"turns":3.0},{"damage":7.0,"enemies":"Red Slaver","floor":10.0,"turns":3.0},{"damage":15.0,"enemies":"3 Louse","floor":11.0,"turns":3.0},{"damage":7.0,"enemies":"Lagavulin","floor":12.0,"turns":5.0},{"damage":1,"enemies":"2 Fungi Beasts","floor":14,"turns":3},{"damage":6,"enemies":"Hexaghost","floor":16,"turns":9},{"damage":14,"enemies":"Chosen","floor":18,"turns":5},{"damage":43,"enemies":"Masked Bandits","floor":22,"turns":3}],"seed_played":"-5982349951865291127","potions_obtained":[{"floor":8.0,"key":"PotionOfCapacity"},{"floor":11.0,"key":"SpeedPotion"},{"floor":16,"key":"Explosive Potion"}],"is_trial":false,"path_per_floor":["M","$","?","?","M","R","E","M","T","M","M","E","?","M","R","B",null,"M","?","$","?","?"],"character_chosen":"DEFECT","items_purchased":["Defragment","Potion Belt","Lockon","Double Energy"],"campfire_rested":0,"item_purchase_floors":[2,20,20,20],"current_hp_per_floor":[64,64,53,32,32,32,32,33,33,28,15,10,10,11,11,14,57,52,52,52,32,0,0],"gold":15,"neow_bonus":"THREE_ENEMY_KILL","is_daily":false,"chose_seed":false,"campfire_upgraded":2,"win_rate":0.0,"timestamp":1613282462,"path_taken":["M","$","?","?","M","R","E","M","T","M","M","E","?","M","R","BOSS","M","?","$","?","?"],"items_purchased_type":["Card","Relic","Card","Card"],"build_version":"2020-12-22","purchased_purges":0,"victory":false,"max_hp_per_floor":[71,71,71,71,71,71,71,71,71,71,71,71,71,71,71,71,71,71,71,71,76,76,76],"relic_stats":{"Blood Vial":16,"counters":[11,37],"Juzu Bracelet":1,"obtain_stats":[{"Blood Vial":7,"Potion Belt":20,"SlaversCollar":17,"Calipers":19,"NeowsBlessing":0,"Juzu Bracelet":3,"Bag of Marbles":9,"Cracked Core":0,"White Beast Statue":12},{"Blood Vial":3,"Potion Belt":10,"SlaversCollar":9,"Calipers":10,"NeowsBlessing":0,"Juzu Bracelet":1,"Bag of Marbles":4,"Cracked Core":0,"White Beast Statue":7},{"Blood Vial":3,"Potion Belt":34,"SlaversCollar":29,"Calipers":34,"NeowsBlessing":0,"Juzu Bracelet":1,"Bag of Marbles":6,"Cracked Core":0,"White Beast Statue":17}]},"card_choices":[{"not_picked":["Self Repair","Conserve Battery"],"picked":"Compile Driver","floor":1.0},{"not_picked":["Steam","Blizzard"],"picked":"Darkness","floor":5.0},{"not_picked":["Fusion","Hologram"],"picked":"Multi-Cast","floor":7.0},{"not_picked":["Leap","Auto Shields"],"picked":"Cold Snap","floor":8.0},{"not_picked":["Redo","Go for the Eyes"],"picked":"Rebound","floor":10.0},{"not_picked":["Consume","Go for the Eyes"],"picked":"Auto Shields","floor":11.0},{"not_picked":["Go for the Eyes","Hologram"],"picked":"Echo Form","floor":12.0},{"not_picked":["Heatsinks","Compile Driver"],"picked":"Steam","floor":14},{"not_picked":["Thunder Strike","Meteor Strike"],"picked":"Creative AI","floor":16},{"not_picked":["Stack","Force Field"],"picked":"Chaos+1","floor":18}],"player_experience":954629,"relics_obtained":[{"floor":7.0,"key":"Blood Vial"},{"floor":9.0,"key":"Bag of Marbles"},{"floor":12.0,"key":"White Beast Statue"},{"floor":19,"key":"Calipers"}],"event_choices":[{"damage_healed":0.0,"max_hp_gain":0.0,"max_hp_loss":0.0,"gold_gain":0.0,"event_name":"Scrap Ooze","player_choice":"Success","floor":3.0,"gold_loss":0.0,"damage_taken":11.0,"relics_obtained":["Juzu Bracelet"]},{"damage_healed":0.0,"max_hp_gain":0.0,"max_hp_loss":0.0,"gold_gain":0.0,"event_name":"Shining Light","player_choice":"Entered Light","floor":4.0,"gold_loss":0.0,"damage_taken":21.0,"cards_upgraded":["Strike_B","Defend_B"]},{"damage_healed":0.0,"max_hp_gain":0.0,"max_hp_loss":0.0,"gold_gain":0.0,"cards_transformed":["Strike_B"],"event_name":"Living Wall","player_choice":"Change","floor":13.0,"gold_loss":0.0,"damage_taken":0.0,"cards_obtained":["Self Repair"]},{"damage_healed":0,"gold_gain":0,"player_choice":"Relic","damage_taken":0,"max_hp_gain":0,"max_hp_loss":0,"event_name":"Wheel of Change","floor":19,"gold_loss":0},{"damage_healed":0,"gold_gain":0,"player_choice":"Shed Blood","damage_taken":25,"max_hp_gain":5,"max_hp_loss":0,"event_name":"Forgotten Altar","floor":21,"gold_loss":0},{"damage_healed":0,"gold_gain":0,"player_choice":"Fought Bandits","damage_taken":0,"max_hp_gain":0,"max_hp_loss":0,"event_name":"Masked Bandits","floor":22,"gold_loss":0}],"is_beta":false,"boss_relics":[{"not_picked":["Astrolabe","Runic Pyramid"],"picked":"SlaversCollar"}],"items_purged_floors":[],"is_endless":false,"potions_floor_spawned":[8,11,14,16,18],"killed_by":"Masked Bandits","ascension_level":17}}