{"host":"7qoz5gmva6til3yp","time":1613314790,"event":{"mods":["2.2 Compatiblity","Astrologer","BaseMod","Minty Spire (QoL Compilation)","StSLib","SuperFastMode"],"gold_per_floor":[117,117,129,148,148,148,177,177,177,191,226,401,256,256,256,329,329,346,346,346,364,279,279,28,28,28,28,39,39,39,49,49,124,124,141,141,158,176,192,192,223,235,316,316,17,45,57,73,73,73],"floor_reached":51,"language":"KOR","playtime":1246,"items_purged":["Doubt","Strike_G","Sucker Punch+1"],"score":1172,"play_id":"e09ee4c2-cf85-43c5-8f22-679472f75c98","local_time":"20210214235950","is_ascension_mode":true,"campfire_choices":[{"data":"Sucker Punch","floor":6.0,"key":"SMITH"},{"data":"Cloak And Dagger","floor":8.0,"key":"SMITH"},{"floor":15.0,"key":"REST"},{"data":"Malaise","floor":23.0,"key":"SMITH"},{"data":"Accuracy","floor":25.0,"key":"SMITH"},{"data":"Blade Dance","floor":27.0,"key":"SMITH"},{"data":"Acrobatics","floor":29.0,"key":"SMITH"},{"floor":32,"key":"REST"},{"data":"Tactician","floor":40,"key":"SMITH"},{"data":"Blade Dance","floor":44,"key":"SMITH"},{"floor":49,"key":"REST"}],"circlet_count":0,"master_deck":["AscendersBane","Survivor","Neutralize","Dagger Spray+1","Cloak And Dagger+1","Finisher","Noxious Fumes","Accuracy+1","Malaise+1","Blade Dance+1","Acrobatics+1","Grand Finale","Tactician+1","Outmaneuver","Blade Dance+1","Acrobatics","Cloak And Dagger","Backflip","Terror","Calculated Gamble"],"relics":["Ring of the Snake","NeowsBlessing","Mercury Hourglass","Bottled Flame","Blue Candle","Kunai","WristBlade","StrikeDummy","Vajra","Shuriken","Tingsha","Sozu","Sundial","Frozen Egg 2","Lantern","Ornamental Fan"],"acts_visited":["Exordium","TheCity","TheBeyond"],"potions_floor_usage":[33,50],"damage_taken":[{"damage":0.0,"enemies":"2 Louse","floor":1.0,"turns":1.0},{"damage":0.0,"enemies":"Small Slimes","floor":3.0,"turns":1.0},{"damage":0.0,"enemies":"Jaw Worm","floor":4.0,"turns":1.0},{"damage":36.0,"enemies":"Gremlin Nob","floor":7.0,"turns":5.0},{"damage":6.0,"enemies":"Exordium Thugs","floor":10.0,"turns":4.0},{"damage":11.0,"enemies":"Lagavulin","floor":11.0,"turns":8.0},{"damage":24.0,"enemies":"The Guardian","floor":16.0,"turns":13.0},{"damage":23.0,"enemies":"Chosen","floor":18.0,"turns":5.0},{"damage":6.0,"enemies":"3 Byrds","floor":21.0,"turns":3.0},{"damage":7.0,"enemies":"Cultist and Chosen","floor":28.0,"turns":5.0},{"damage":6,"enemies":"Centurion and Healer","floor":31,"turns":3},{"damage":26,"enemies":"Automaton","floor":33,"turns":7},{"damage":15,"enemies":"3 Darklings","floor":35,"turns":3},{"damage":5,"enemies":"3 Shapes","floor":37,"turns":3},{"damage":27,"enemies":"Maw","floor":38,"turns":5},{"damage":17,"enemies":"Writhing Mass","floor":39,"turns":5},{"damage":36,"enemies":"Reptomancer","floor":41,"turns":6},{"damage":19,"enemies":"Spire Growth","floor":42,"turns":5},{"damage":18,"enemies":"Nemesis","floor":46,"turns":5},{"damage":0,"enemies":"Maw","floor":47,"turns":2},{"damage":0,"enemies":"Jaw Worm Horde","floor":48,"turns":2},{"damage":19,"enemies":"Time Eater","floor":50,"turns":6}],"seed_played":"-1224127838294404741","potions_obtained":[{"floor":4.0,"key":"DuplicationPotion"},{"floor":18.0,"key":"Block Potion"},{"floor":31,"key":"PowerPotion"}],"is_trial":false,"path_per_floor":["M","?","M","M","?","R","E","R","T","M","E","?","$","T","R","B",null,"M","?","?","M","?","R","$","R","T","R","M","R","T","M","R","B",null,"M","?","M","M","M","R","E","M","T","R","$","E","M","M","R","B",null],"character_chosen":"THE_SILENT","items_purchased":["Accuracy","Vajra","Backflip","Lantern"],"campfire_rested":3,"item_purchase_floors":[13,24,45,45],"current_hp_per_floor":[63,49,49,49,54,54,18,18,18,12,1,1,1,1,23,1,57,34,34,34,28,28,28,28,28,28,28,21,21,21,15,37,11,59,44,44,39,12,58,58,22,56,56,56,56,38,38,38,60,41],"gold":73,"neow_bonus":"THREE_ENEMY_KILL","is_daily":false,"chose_seed":false,"campfire_upgraded":8,"win_rate":0.0,"timestamp":1613314790,"path_taken":["M","?","M","M","?","R","E","R","T","M","E","?","$","?","R","BOSS","M","?","?","?","?","R","?","R","T","R","?","R","?","M","R","BOSS","M","?","M","?","?","R","E","M","T","R","$","E","?","M","R","BOSS"],"items_purchased_type":["Card","Relic","Card","Relic"],"build_version":"2020-12-22","purchased_purges":3,"victory":true,"max_hp_per_floor":[70,70,70,70,75,75,75,75,75,75,75,75,75,75,75,75,75,75,75,75,75,75,75,75,75,75,75,75,75,75,75,75,75,75,75,75,75,75,75,75,75,75,75,75,75,75,75,75,75,75],"card_choices":[{"not_picked":["Sucker Punch","Slice"],"picked":"Dagger Spray","floor":1.0},{"not_picked":["Flying Knee","Dagger Spray"],"picked":"Cloak And Dagger","floor":3.0},{"not_picked":["Concentrate","Sucker Punch","Endless Agony"],"picked":"SKIP","floor":4.0},{"not_picked":["Concentrate","Endless Agony"],"picked":"Sucker Punch","floor":4.0},{"not_picked":["Bane","Masterful Stab"],"picked":"Finisher","floor":7.0},{"not_picked":["Deflect","Dagger Spray","Bullet Time"],"picked":"SKIP","floor":10.0},{"not_picked":["Quick Slash","Deflect"],"picked":"Noxious Fumes","floor":11.0},{"not_picked":["Bullet Time","Burst"],"picked":"Malaise","floor":16.0},{"not_picked":["Outmaneuver","Acrobatics"],"picked":"Blade Dance","floor":18.0},{"not_picked":["Poisoned Stab","Calculated Gamble","Dagger Spray"],"picked":"SKIP","floor":21.0},{"not_picked":["Poisoned Stab+1","Dash"],"picked":"Acrobatics","floor":28.0},{"not_picked":["Footwork","Quick Slash"],"picked":"Grand Finale","floor":31},{"not_picked":["Setup","Finisher+1"],"picked":"Tactician","floor":35},{"not_picked":["Slice+1","Deadly Poison+1"],"picked":"Blade Dance","floor":37},{"not_picked":["Flying Knee","Dash"],"picked":"Acrobatics","floor":38},{"not_picked":["Bane","Setup","Eviscerate"],"picked":"SKIP","floor":39},{"not_picked":["Slice","Setup","Heel Hook"],"picked":"SKIP","floor":41},{"not_picked":["Poisoned Stab","Unload"],"picked":"Cloak And Dagger","floor":42},{"not_picked":["Caltrops+1","Riddle With Holes"],"picked":"Terror","floor":46},{"not_picked":["Flechettes","Outmaneuver"],"picked":"Calculated Gamble","floor":47},{"not_picked":["Deadly Poison","Dodge and Roll","Endless Agony+1"],"picked":"SKIP","floor":48}],"player_experience":503581,"relics_obtained":[{"floor":7.0,"key":"Mercury Hourglass"},{"floor":9.0,"key":"Bottled Flame"},{"floor":11.0,"key":"Blue Candle"},{"floor":14.0,"key":"Kunai"},{"floor":26.0,"key":"Shuriken"},{"floor":30.0,"key":"Tingsha"},{"floor":41,"key":"Sundial"},{"floor":43,"key":"Frozen Egg 2"},{"floor":46,"key":"Ornamental Fan"}],"event_choices":[{"damage_healed":0.0,"max_hp_gain":0.0,"max_hp_loss":0.0,"gold_gain":0.0,"event_name":"Shining Light","player_choice":"Entered Light","floor":2.0,"gold_loss":0.0,"damage_taken":14.0,"cards_upgraded":["Defend_G","Dagger Spray"]},{"damage_healed":0.0,"max_hp_gain":5.0,"max_hp_loss":0.0,"gold_gain":0.0,"event_name":"Big Fish","player_choice":"Donut","floor":5.0,"gold_loss":0.0,"damage_taken":0.0},{"damage_healed":0.0,"max_hp_gain":0.0,"max_hp_loss":0.0,"gold_gain":175.0,"event_name":"Liars Game","player_choice":"AGREE","floor":12.0,"gold_loss":0.0,"damage_taken":0.0,"cards_obtained":["Doubt"]},{"damage_healed":0.0,"max_hp_gain":0.0,"max_hp_loss":0.0,"gold_gain":0.0,"event_name":"The Mausoleum","player_choice":"Ignored","floor":19.0,"gold_loss":0.0,"damage_taken":0.0},{"damage_healed":0.0,"max_hp_gain":0.0,"max_hp_loss":0.0,"gold_gain":0.0,"event_name":"Vampires","player_choice":"Ignored","floor":20.0,"gold_loss":0.0,"damage_taken":0.0},{"damage_healed":0.0,"max_hp_gain":0.0,"max_hp_loss":0.0,"gold_gain":0.0,"event_name":"Addict","player_choice":"Obtained Relic","floor":22.0,"gold_loss":85.0,"damage_taken":0.0,"relics_obtained":["StrikeDummy"]},{"damage_healed":0,"gold_gain":0,"cards_transformed":["Defend_G"],"player_choice":"Transformed","damage_taken":0,"max_hp_gain":0,"max_hp_loss":0,"event_name":"Transmorgrifier","floor":36,"gold_loss":0,"cards_obtained":["Outmaneuver"]}],"is_beta":false,"boss_relics":[{"not_picked":["SlaversCollar","SacredBark"],"picked":"WristBlade"},{"not_picked":["Tiny House","Snecko Eye"],"picked":"Sozu"}],"items_purged_floors":[13,24,45],"is_endless":false,"potions_floor_spawned":[4,18,31,39,47,48],"ascension_level":13}}