{"host":"jrmqsbok61y7b34d","time":1613339758,"event":{"mods":["BaseMod","Better Skull","Colored Map","Colored Powertips","Emptier Cage","Minty Spire (QoL Compilation)","Permanent Neow","Quick Restart","Relic Stats","StSLib","Unceasing Turn Reminder"],"gold_per_floor":[361,380,7,24,24,59,77,77,77,103,103,115,115,132,132,209,209,223,235,248,298,42,42,74,84,84,84,84],"floor_reached":27,"language":"ENG","playtime":3905,"items_purged":["Strike_B","Strike_B"],"score":441,"play_id":"e16bb660-4133-4b4c-bec6-829134b238be","local_time":"20210214215558","is_ascension_mode":true,"campfire_choices":[{"floor":8.0,"key":"REST"},{"data":"Fusion","floor":11.0,"key":"SMITH"},{"floor":13.0,"key":"REST"},{"data":"Defragment","floor":15.0,"key":"SMITH"},{"floor":23,"key":"REST"}],"circlet_count":0,"master_deck":["AscendersBane","Strike_B","Strike_B","Defend_B","Defend_B","Defend_B","Defend_B","Zap","Dualcast","Sweeping Beam","Rebound","Coolheaded","Fusion+1","Core Surge","Auto Shields","Cold Snap","Defragment+1","Melter","Echo Form","Hologram","Conserve Battery","Defragment","BootSequence","Amplify","Heatsinks"],"relics":["Cracked Core","Mercury Hourglass","Orichalcum","CaptainsWheel","Matryoshka","Letter Opener","SlaversCollar","TungstenRod","Smiling Mask","Unceasing Top"],"acts_visited":["Exordium","TheCity"],"potions_floor_usage":[24,27],"damage_taken":[{"damage":0.0,"enemies":"Cultist","floor":1.0,"turns":3.0},{"damage":7.0,"enemies":"Jaw Worm","floor":2.0,"turns":4.0},{"damage":0.0,"enemies":"2 Louse","floor":4.0,"turns":2.0},{"damage":19.0,"enemies":"Lagavulin","floor":6.0,"turns":8.0},{"damage":2.0,"enemies":"Lots of Slimes","floor":7.0,"turns":2.0},{"damage":10.0,"enemies":"Gremlin Nob","floor":10.0,"turns":4.0},{"damage":10.0,"enemies":"Large Slime","floor":12.0,"turns":4.0},{"damage":0.0,"enemies":"2 Fungi Beasts","floor":14.0,"turns":3.0},{"damage":10.0,"enemies":"The Guardian","floor":16.0,"turns":13.0},{"damage":19.0,"enemies":"2 Thieves","floor":18.0,"turns":5.0},{"damage":4,"enemies":"Chosen","floor":19,"turns":5},{"damage":3,"enemies":"Centurion and Healer","floor":20,"turns":7},{"damage":31,"enemies":"Book of Stabbing","floor":24,"turns":6},{"damage":5,"enemies":"Snecko","floor":25,"turns":7},{"damage":30,"enemies":"Gremlin Leader","floor":27,"turns":5}],"seed_played":"-7034187363305170689","potions_obtained":[{"floor":1.0,"key":"Strength Potion"},{"floor":2.0,"key":"EssenceOfSteel"},{"floor":10.0,"key":"Block Potion"},{"floor":14.0,"key":"Block Potion"},{"floor":16.0,"key":"SkillPotion"},{"floor":18.0,"key":"SneckoOil"},{"floor":19,"key":"AttackPotion"},{"floor":25,"key":"Weak Potion"}],"is_trial":false,"path_per_floor":["M","M","$","M","?","E","M","R","T","E","R","M","R","M","R","B",null,"M","M","M","?","$","R","E","M","T","E"],"character_chosen":"DEFECT","items_purchased":["Coolheaded","Mercury Hourglass","Defragment","BootSequence"],"campfire_rested":3,"item_purchase_floors":[3,3,22,22],"current_hp_per_floor":[46,39,39,39,39,20,18,39,39,29,29,19,40,40,40,30,61,42,38,35,35,35,56,25,20,20,0,0],"gold":84,"neow_bonus":"TWO_FIFTY_GOLD","is_daily":false,"chose_seed":false,"campfire_upgraded":2,"win_rate":0.0,"timestamp":1613339758,"path_taken":["M","M","$","M","?","E","M","R","T","E","R","M","R","?","R","BOSS","M","M","M","?","$","R","E","?","T","E"],"items_purchased_type":["Card","Relic","Card","Card"],"build_version":"2020-12-22","purchased_purges":2,"victory":false,"max_hp_per_floor":[71,71,71,71,71,71,71,71,71,71,71,71,71,71,71,71,71,71,71,71,71,71,71,71,71,71,71,71],"relic_stats":{"counters":[15,77],"Letter Opener":[57],"Orichalcum":[138],"Smiling Mask":0,"obtain_stats":[{"SlaversCollar":17,"CaptainsWheel":6,"Matryoshka":9,"Letter Opener":10,"Orichalcum":5,"Cracked Core":0,"Smiling Mask":26,"TungstenRod":24,"Unceasing Top":26,"Mercury Hourglass":3},{"SlaversCollar":9,"CaptainsWheel":4,"Matryoshka":5,"Letter Opener":6,"Orichalcum":3,"Cracked Core":0,"Smiling Mask":14,"TungstenRod":13,"Unceasing Top":14,"Mercury Hourglass":2},{"SlaversCollar":42,"CaptainsWheel":17,"Matryoshka":19,"Letter Opener":23,"Orichalcum":9,"Cracked Core":0,"Smiling Mask":72,"TungstenRod":65,"Unceasing Top":72,"Mercury Hourglass":7}],"TungstenRod":6,"Unceasing Top":[0],"Mercury Hourglass":[259]},"card_choices":[{"not_picked":["White Noise","Barrage"],"picked":"Sweeping Beam","floor":1.0},{"not_picked":["Recycle","Storm"],"picked":"Rebound","floor":2.0},{"not_picked":["Double Energy","Storm"],"picked":"Fusion","floor":4.0},{"not_picked":["Fusion","Multi-Cast"],"picked":"Core Surge","floor":6.0},{"not_picked":["Turbo","Storm"],"picked":"Auto Shields","floor":7.0},{"not_picked":["Barrage","Blizzard"],"picked":"Cold Snap","floor":10.0},{"not_picked":["Reinforced Body","Beam Cell"],"picked":"Defragment","floor":12.0},{"not_picked":["Beam Cell","Fusion"],"picked":"Melter","floor":14.0},{"not_picked":["Amplify","Fission"],"picked":"Echo Form","floor":16.0},{"not_picked":["Sweeping Beam","Compile Driver"],"picked":"Hologram","floor":18.0},{"not_picked":["Blizzard","Heatsinks","Beam Cell"],"picked":"SKIP","floor":19},{"not_picked":["Streamline","Cold Snap"],"picked":"Conserve Battery","floor":20},{"not_picked":["Redo","Go for the Eyes"],"picked":"Amplify","floor":24},{"not_picked":["Chaos","Barrage"],"picked":"Heatsinks","floor":25}],"player_experience":1088084,"relics_obtained":[{"floor":6.0,"key":"CaptainsWheel"},{"floor":9.0,"key":"Matryoshka"},{"floor":10.0,"key":"Letter Opener"},{"floor":24,"key":"TungstenRod"},{"floor":26,"key":"Smiling Mask"},{"floor":26,"key":"Unceasing Top"}],"event_choices":[{"damage_healed":0.0,"max_hp_gain":0.0,"max_hp_loss":0.0,"gold_gain":0.0,"event_name":"WeMeetAgain","player_choice":"Gave Potion","floor":5.0,"gold_loss":0.0,"damage_taken":0.0,"relics_obtained":["Orichalcum"]},{"damage_healed":0,"gold_gain":50,"player_choice":"Pray","damage_taken":0,"max_hp_gain":0,"max_hp_loss":0,"event_name":"Golden Shrine","floor":21,"gold_loss":0}],"is_beta":false,"boss_relics":[{"not_picked":["Ectoplasm","Astrolabe"],"picked":"SlaversCollar"}],"items_purged_floors":[3,22],"is_endless":false,"potions_floor_spawned":[1,2,10,14,16,18,19,25],"killed_by":"Gremlin Leader","ascension_level":16}}