{"host":"u1aszu5qu1q3zw6m","time":1613295222,"event":{"mods":["Act Like it!","BaseMod","BetterRewards","Colored Map","Colored Powertips","Downfall","Hermit","Infinite Spire","Jorbs\u0027s Wanderer Trilogy","Marisa????????","Minty Spire (QoL Compilation)","Quick Restart","Replay The Spire","StSLib","The Cursed","The Necromancer"],"gold_per_floor":[109,128,128,140,140,174,174,194,219,233,258,307,307,307,307],"floor_reached":13,"language":"ENG","playtime":838,"items_purged":[],"score":95,"play_id":"80bfffe8-0bd1-45fc-b17f-47e2bfcecb4d","local_time":"20210214043342","is_ascension_mode":false,"campfire_choices":[{"floor":7,"key":"REST"}],"circlet_count":0,"master_deck":["champ:Strike","champ:Strike","champ:Strike","champ:Strike","champ:Defend+1","champ:Defend+1","champ:Defend+1","champ:Execute","champ:Taunt","champ:CalledShot","champ:RisingSlash","champ:Lariat","champ:Haymaker","champ:FancyFootwork","champ:SetATrap","champ:RapidStrikes","champ:Shatter"],"relics":["champ:ChampionCrown","NeowsBlessing","War Paint","Gremlin Food","ReplayTheSpireMod:Lightbulb","Replay:Baseball"],"acts_visited":["Exordium"],"potions_floor_usage":[6,11,11],"damage_taken":[{"damage":0,"enemies":"Jaw Worm","floor":1,"turns":1},{"damage":0,"enemies":"Small Slimes","floor":2,"turns":2},{"damage":0,"enemies":"2 Louse","floor":4,"turns":2},{"damage":47,"enemies":"Gremlin Nob","floor":6,"turns":5},{"damage":16,"enemies":"Lots of Slimes","floor":8,"turns":6},{"damage":33,"enemies":"Exordium Wildlife","floor":10,"turns":5},{"damage":31,"enemies":"Lagavulin","floor":11,"turns":5},{"damage":39,"enemies":"3 Sentries","floor":13,"turns":6}],"seed_played":"-1118440201448769337","potions_obtained":[{"floor":4,"key":"bronze:BurnAndBuffPotion"},{"floor":6,"key":"Dexterity Potion"},{"floor":10,"key":"Energy Potion"}],"is_trial":false,"path_per_floor":["M","M","?","M","?","E","R","M","T","M","E","T","E"],"character_chosen":"THE_CHAMP","items_purchased":[],"campfire_rested":1,"item_purchase_floors":[],"current_hp_per_floor":[90,90,90,90,90,53,80,74,74,71,45,45,6,6,6],"gold":307,"neow_bonus":"THREE_ENEMY_KILL","is_daily":false,"chose_seed":false,"campfire_upgraded":0,"win_rate":0.0,"timestamp":1613295222,"path_taken":["M","M","?","M","?","E","R","M","T","M","E","?","E"],"items_purchased_type":[],"build_version":"2020-12-22","purchased_purges":0,"victory":false,"max_hp_per_floor":[90,90,90,90,90,90,90,90,90,90,90,90,90,90,90],"card_choices":[{"not_picked":["champ:Duel","champ:PerfectedStrike"],"picked":"champ:CalledShot","floor":1},{"not_picked":["champ:Haymaker","champ:RecklessLeap"],"picked":"champ:RisingSlash","floor":2},{"not_picked":["champ:EndlessRage","champ:Backstep"],"picked":"champ:Lariat","floor":4},{"not_picked":["champ:CrookedStrike","champ:Parry"],"picked":"champ:FancyFootwork","floor":6},{"not_picked":["champ:HeartStrike","champ:CrookedStrike"],"picked":"champ:SetATrap","floor":8},{"not_picked":["champ:GladiatorStyle","champ:DefensiveShout"],"picked":"champ:RapidStrikes","floor":10},{"not_picked":["champ:EndlessRage","champ:RecklessLeap"],"picked":"champ:Shatter","floor":11}],"player_experience":190137,"relics_obtained":[{"floor":6,"key":"War Paint"},{"floor":9,"key":"Gremlin Food"},{"floor":11,"key":"ReplayTheSpireMod:Lightbulb"},{"floor":12,"key":"Replay:Baseball"}],"event_choices":[{"damage_healed":0,"gold_gain":0,"cards_transformed":["champ:Defend"],"player_choice":"Change","damage_taken":0,"max_hp_gain":0,"max_hp_loss":0,"event_name":"Living Wall","floor":5,"gold_loss":0,"cards_obtained":["champ:Haymaker"]}],"is_beta":false,"boss_relics":[],"items_purged_floors":[],"is_endless":false,"potions_floor_spawned":[4,6,10],"killed_by":"3 Sentries","ascension_level":0}}