{"host":"dzs26xzxvr8oc34c","time":1613312015,"event":{"mods":["BaseMod","Colored Map","Lobotomy","LobotomyExtend","Minty Spire (QoL Compilation)","StSLib","SuperFastMode","[IsaacMod]ÒÔÈö¼âËþ"],"gold_per_floor":[118,128,142,142,142,177,177,177,177],"floor_reached":8,"language":"ZHS","playtime":294,"items_purged":[],"score":112,"play_id":"c98ce920-bff8-4769-80e8-d8630352c5fc","local_time":"20210214221335","is_ascension_mode":true,"campfire_choices":[{"data":"Clash","floor":7,"key":"SMITH"}],"circlet_count":0,"master_deck":["AscendersBane","Strike_R","Strike_R","Defend_R","Defend_R","Sword Boomerang","Clash+1"],"relics":["Burning Blood","HushsDoor","Chaos","LetterFromLob","Pocketwatch"],"acts_visited":["Exordium"],"potions_floor_usage":[6],"damage_taken":[{"damage":12.0,"enemies":"Cultist","floor":1.0,"turns":4.0},{"damage":19.0,"enemies":"Small Slimes","floor":2.0,"turns":4.0},{"damage":23.0,"enemies":"2 Louse","floor":3.0,"turns":3.0},{"damage":35,"enemies":"Lagavulin","floor":6,"turns":5},{"damage":35,"enemies":"3 Sentries","floor":8,"turns":6}],"seed_played":"8602212851394515761","potions_obtained":[{"floor":3.0,"key":"Fire Potion"}],"is_trial":false,"path_per_floor":["M","M","M","?","?","E","R","E"],"character_chosen":"IRONCLAD","items_purchased":[],"campfire_rested":0,"item_purchase_floors":[],"current_hp_per_floor":[62,49,32,56,56,27,27,0,0],"gold":177,"neow_bonus":"THREE_RARE_CARDS","is_daily":false,"chose_seed":false,"campfire_upgraded":1,"win_rate":0.0,"timestamp":1613312015,"path_taken":["M","M","?","?","?","E","R","E"],"items_purchased_type":[],"build_version":"2020-12-22","purchased_purges":0,"victory":false,"max_hp_per_floor":[75,75,75,75,75,75,75,75,75],"card_choices":[{"not_picked":[],"picked":"EpicFetus","floor":0.0},{"not_picked":["Exhume","Offering"],"picked":"Demon Form","floor":0.0},{"not_picked":["Warcry","Disarm"],"picked":"Dual Wield","floor":1.0},{"not_picked":["Anger","Headbutt"],"picked":"Sword Boomerang","floor":2.0},{"not_picked":["Pommel Strike","Twin Strike"],"picked":"Bomb","floor":3.0},{"not_picked":["Perfected Strike","Shrug It Off"],"picked":"Clash","floor":6}],"player_experience":949088,"relics_obtained":[{"floor":1.0,"key":"LetterFromLob"},{"floor":6,"key":"Pocketwatch"}],"event_choices":[{"damage_healed":0,"gold_gain":0,"player_choice":"Leave","damage_taken":0,"max_hp_gain":0,"max_hp_loss":0,"event_name":"The Cleric","floor":5,"gold_loss":0}],"is_beta":false,"boss_relics":[],"items_purged_floors":[],"is_endless":false,"potions_floor_spawned":[3],"killed_by":"3 Sentries","ascension_level":20}}