{"host":"jaargy6ddac3k57q","time":1613316819,"event":{"mods":["BaseMod","Downfall","Minty Spire (QoL Compilation)","Quick Restart","StSLib","【功能Mod】混沌之环修复补丁"],"gold_per_floor":[109,284,284,304,51,82,116,148,175,208,237,271,299,312,312,416,416,431,3,3,3,18,52,52,52,75,103,103,103,103,130,130,234,234,246,246,275,84,84,84,84,84,84,84,95,121,154,187,187,285,285,301,301,178,190,140,140,169,169,199,210,236,236,250,262,262,357,357,377,327,327,347,223,254,254,280,305,52,67,67,67,85,85,188,188,188,188],"floor_reached":85,"language":"ZHS","playtime":2935,"items_purged":["Slimebound:Equalize+1","Slimebound:TongueLash+1","Slimebound:Schlurp+1"],"score":2276,"play_id":"00a12ed3-fca3-4a28-9c81-c02040d433cf","local_time":"20210214233339","daily_mods":["SealedDeck","Heirloom","Time Dilation","Flight","DeadlyEvents","Elite Swarm"],"is_ascension_mode":false,"campfire_choices":[{"data":"Slimebound:WasteNot","floor":15.0,"key":"SMITH"},{"data":"Slimebound:WasteNot","floor":24.0,"key":"SMITH"},{"data":"Sadistic Nature","floor":25.0,"key":"SMITH"},{"data":"Slimebound:HauntingLick","floor":28.0,"key":"SMITH"},{"data":"Slimebound:ItLooksTasty","floor":29.0,"key":"SMITH"},{"data":"Slimebound:RejuvenatingLick","floor":32.0,"key":"SMITH"},{"data":"Slimebound:HauntingLick","floor":40.0,"key":"SMITH"},{"data":"Slimebound:Nibble","floor":41.0,"key":"SMITH"},{"data":"Slimebound:Schlurp","floor":42.0,"key":"SMITH"},{"data":"Slimebound:Schlurp","floor":44.0,"key":"SMITH"},{"data":"Slimebound:OozeBath","floor":49.0,"key":"SMITH"},{"data":"Slimebound:SamplingLick","floor":57,"key":"SMITH"},{"data":"Slimebound:TongueLash","floor":59,"key":"SMITH"},{"floor":66,"key":"DIG"},{"floor":75,"key":"DIG"},{"data":"Sadistic Nature","floor":80,"key":"SMITH"},{"floor":81,"key":"DIG"},{"floor":83,"key":"DIG"}],"circlet_count":0,"master_deck":["Slimebound:RejuvenatingLick+1","Slimebound:HauntingLick+1","Slimebound:Nibble+1","Slimebound:HauntingLick+1","Slimebound:SamplingLick+1","Slimebound:Schlurp+1","Sadistic Nature+1","Slimebound:WasteNot+1","Slimebound:WasteNot+1","Necronomicurse","Sadistic Nature+1","Slimebound:SamplingLick+1","Slimebound:ComboTackle+1","Slimebound:HauntingLick+1","Impatience+1","Sadistic Nature+1","Slimebound:MegaLick+1"],"relics":["Slimebound:AbsorbEndCombat","Girya","Spirit Poop","Ancient Tea Set","White Beast Statue","Shovel","Oddly Smooth Stone","Slimebound:StickyStick","Mango","Du-Vu Doll","Dream Catcher","Busted Crown","Guardian:GemstoneGun","Necronomicon","Bird Faced Urn","Omamori","champ:DuelingGlove","The Courier","Slimebound:TarBlob","Slimebound:AggressiveSlimeRelic","Strawberry","Letter Opener","Pocketwatch","Nunchaku","Matryoshka","Calipers","Calling Bell","Smiling Mask","Toxic Egg 2","StoneCalendar","Anchor","DollysMirror","Eternal Feather","Astrolabe","Red Mask","Bag of Preparation","Orichalcum","Slimebound:MaxSlimesRelic","Empty Cage"],"acts_visited":["Exordium","TheCity","TheBeyond","Exordium","TheCity","TheBeyond"],"potions_floor_usage":[],"damage_taken":[{"damage":3.0,"enemies":"Jaw Worm","floor":1.0,"turns":2.0},{"damage":0.0,"enemies":"Cultist","floor":4.0,"turns":2.0},{"damage":0.0,"enemies":"Lagavulin","floor":6.0,"turns":2.0},{"damage":0.0,"enemies":"Gremlin Nob","floor":7.0,"turns":2.0},{"damage":0.0,"enemies":"Lagavulin","floor":8.0,"turns":3.0},{"damage":0.0,"enemies":"Gremlin Nob","floor":10.0,"turns":2.0},{"damage":5.0,"enemies":"3 Sentries","floor":11.0,"turns":3.0},{"damage":0.0,"enemies":"Lagavulin","floor":12.0,"turns":2.0},{"damage":2.0,"enemies":"Gremlin Nob","floor":13.0,"turns":3.0},{"damage":0.0,"enemies":"2 Louse","floor":14.0,"turns":1.0},{"damage":28.0,"enemies":"Slime Boss","floor":16.0,"turns":4.0},{"damage":0.0,"enemies":"Chosen","floor":18.0,"turns":2.0},{"damage":3.0,"enemies":"Shell Parasite","floor":22.0,"turns":2.0},{"damage":6.0,"enemies":"Slavers","floor":23.0,"turns":4.0},{"damage":0.0,"enemies":"Gremlin Leader","floor":27.0,"turns":2.0},{"damage":0.0,"enemies":"Slavers","floor":31.0,"turns":2.0},{"damage":0.0,"enemies":"Collector","floor":33.0,"turns":2.0},{"damage":0.0,"enemies":"Orb Walker","floor":35.0,"turns":1.0},{"damage":6.0,"enemies":"Giant Head","floor":37.0,"turns":4.0},{"damage":0.0,"enemies":"3 Shapes","floor":45.0,"turns":1.0},{"damage":0.0,"enemies":"Reptomancer","floor":46.0,"turns":2.0},{"damage":0.0,"enemies":"Nemesis","floor":47.0,"turns":1.0},{"damage":0.0,"enemies":"Giant Head","floor":48.0,"turns":3.0},{"damage":32.0,"enemies":"Time Eater","floor":50.0,"turns":4.0},{"damage":0.0,"enemies":"Jaw Worm","floor":52.0,"turns":1.0},{"damage":0,"enemies":"Cultist","floor":55,"turns":1},{"damage":0,"enemies":"Gremlin Nob","floor":58,"turns":1},{"damage":0,"enemies":"Lagavulin","floor":60,"turns":1},{"damage":0,"enemies":"2 Louse","floor":61,"turns":1},{"damage":0,"enemies":"Gremlin Nob","floor":62,"turns":1},{"damage":0,"enemies":"Large Slime","floor":64,"turns":1},{"damage":0,"enemies":"Exordium Wildlife","floor":65,"turns":1},{"damage":0,"enemies":"Hexaghost","floor":67,"turns":1},{"damage":0,"enemies":"Shell Parasite","floor":69,"turns":1},{"damage":0,"enemies":"3 Byrds","floor":72,"turns":1},{"damage":0,"enemies":"Masked Bandits","floor":74,"turns":1},{"damage":0,"enemies":"Gremlin Leader","floor":76,"turns":1},{"damage":0,"enemies":"Book of Stabbing","floor":77,"turns":1},{"damage":0,"enemies":"Snecko","floor":79,"turns":1},{"damage":0,"enemies":"Snake Plant","floor":82,"turns":1},{"damage":0,"enemies":"Automaton","floor":84,"turns":1}],"seed_played":"-8139567452199790712","potions_obtained":[{"floor":7.0,"key":"bronze:BurnAndBuffPotion"},{"floor":8.0,"key":"SpeedPotion"},{"floor":10.0,"key":"Fire Potion"},{"floor":13.0,"key":"Regen Potion"},{"floor":33.0,"key":"LiquidBronze"},{"floor":35.0,"key":"bronze:BurnAndBuffPotion"},{"floor":50.0,"key":"LiquidMemories"},{"floor":52.0,"key":"Guardian:BlockOnCardUsePotion"},{"floor":58,"key":"Slimebound:ThreeZeroPotion"}],"is_trial":true,"path_per_floor":["M","?","?","M","$","E","E","E","T","E","E","E","E","M","R","B",null,"M","$","?","$","M","E","R","R","T","E","R","R","?","E","R","B",null,"M","T","E","$","?","R","R","R","T","R","M","E","E","E","R","B",null,"M","?","$","M","?","R","E","R","E","M","E","?","M","M","R","B",null,"M","$","?","M","$","?","R","E","E","$","M","R","R","M","R","B",null],"character_chosen":"SLIMEBOUND","items_purchased":["Sadistic Nature","Slimebound:SpikyOuterGoop","Guardian:GemstoneGun","Slimebound:LeechLife","Letter Opener","DollysMirror","Impatience+1","Sadistic Nature","Slimebound:MegaLick+1"],"campfire_rested":0,"item_purchase_floors":[5,5,19,19,38,54,73,78,78],"current_hp_per_floor":[62,62,62,65,65,65,65,65,65,65,76,78,77,79,79,55,79,79,79,63,63,68,73,73,73,73,79,79,79,79,79,79,79,79,79,79,86,86,81,81,81,81,81,81,86,86,86,86,86,86,86,86,86,86,86,86,86,86,86,86,86,86,79,85,86,86,86,86,86,86,86,86,86,86,86,86,86,86,86,86,86,86,86,86,86,86,86],"gold":188,"neow_bonus":"","is_daily":false,"chose_seed":false,"campfire_upgraded":14,"win_rate":0.0,"timestamp":1613316819,"path_taken":["M","?","?","?","$","E","E","E","T","E","E","E","E","?","R","BOSS","M","$","?","?","?","E","R","R","T","E","R","R","?","?","R","BOSS","M","?","?","$","?","R","R","R","T","R","?","E","E","E","R","BOSS","M","?","$","?","?","R","?","R","E","?","?","?","M","?","R","BOSS","M","$","?","?","$","?","R","?","E","$","M","R","R","M","R","BOSS"],"items_purchased_type":["Card","Card","Relic","Card","Relic","Relic","Card","Card","Card"],"build_version":"2020-12-22","purchased_purges":3,"victory":false,"max_hp_per_floor":[65,65,65,65,65,65,65,65,65,65,79,79,79,79,79,79,79,79,79,79,79,79,79,79,79,79,79,79,79,79,79,79,79,79,79,79,86,86,86,86,86,86,86,86,86,86,86,86,86,86,86,86,86,86,86,86,86,86,86,86,86,86,86,86,86,86,86,86,86,86,86,86,86,86,86,86,86,86,86,86,86,86,86,86,86,86,86],"card_choices":[{"not_picked":["Slimebound:SplitMire","Slimebound:ComboTackle"],"picked":"Slimebound:Schlurp","floor":1.0},{"not_picked":["Slimebound:ProtectTheBoss","Slimebound:SlimeSpikes","Slimebound:LeechingTouch"],"picked":"SKIP","floor":4.0},{"not_picked":["Slimebound:OneTwoCombo","Slimebound:SelfFormingGoo"],"picked":"Slimebound:OozeBath","floor":6.0},{"not_picked":["Slimebound:SelfFormingGoo","Slimebound:DuplicatedForm","Slimebound:OozeBath"],"picked":"SKIP","floor":7.0},{"not_picked":["Slimebound:FirmFortitude","Slimebound:Overexert","Slimebound:Teamwork"],"picked":"SKIP","floor":8.0},{"not_picked":["Slimebound:RallyTheTroops","Slimebound:MassRepurpose"],"picked":"Slimebound:WasteNot","floor":10.0},{"not_picked":["Slimebound:MinionMaster","Slimebound:FirmFortitude"],"picked":"Slimebound:WasteNot","floor":11.0},{"not_picked":["Slimebound:Overexert","Slimebound:FirmFortitude","Slimebound:PrepareCrush"],"picked":"SKIP","floor":12.0},{"not_picked":["Slimebound:FirmFortitude","Slimebound:MinionMaster","Slimebound:SelfFormingGoo"],"picked":"SKIP","floor":13.0},{"not_picked":["Slimebound:SplitBruiser","Slimebound:Prepare","Slimebound:SplitLeeching"],"picked":"SKIP","floor":14.0},{"not_picked":["Slimebound:Nibble"],"picked":"SKIP","floor":18.0},{"not_picked":["Slimebound:Prepare+1"],"picked":"SKIP","floor":22.0},{"not_picked":["Slimebound:MinionMaster"],"picked":"SKIP","floor":23.0},{"not_picked":["Slimebound:DouseInSlime"],"picked":"SKIP","floor":27.0},{"not_picked":["Slimebound:OneTwoCombo"],"picked":"SKIP","floor":31.0},{"not_picked":["Slimebound:Equalize+1"],"picked":"SKIP","floor":35.0},{"not_picked":["Slimebound:DuplicatedForm"],"picked":"SKIP","floor":37.0},{"not_picked":["Slimebound:SplitBruiser"],"picked":"SKIP","floor":45.0},{"not_picked":["Slimebound:SlimeSlap"],"picked":"SKIP","floor":46.0},{"not_picked":["Slimebound:Overexert"],"picked":"SKIP","floor":47.0},{"not_picked":["Slimebound:FirmFortitude"],"picked":"SKIP","floor":48.0},{"not_picked":["Slimebound:LeechingTouch"],"picked":"SKIP","floor":52.0},{"not_picked":[],"picked":"Slimebound:SamplingLick+1","floor":55},{"not_picked":["Slimebound:MassRepurpose+1"],"picked":"SKIP","floor":58},{"not_picked":["Slimebound:MassFeed"],"picked":"SKIP","floor":60},{"not_picked":["Slimebound:SplitLeeching+1"],"picked":"SKIP","floor":61},{"not_picked":["Slimebound:OozeBath+1"],"picked":"SKIP","floor":62},{"not_picked":["Slimebound:LeechEnergy"],"picked":"SKIP","floor":64},{"not_picked":["Slimebound:ComboTackle"],"picked":"SKIP","floor":65},{"not_picked":["Slimebound:Repurpose+1"],"picked":"SKIP","floor":69},{"not_picked":["Slimebound:ViciousTackle"],"picked":"SKIP","floor":72},{"not_picked":["Slimebound:LeechLife"],"picked":"SKIP","floor":76},{"not_picked":["Slimebound:RallyTheTroops"],"picked":"SKIP","floor":77},{"not_picked":[],"picked":"Slimebound:Schlurp+1","floor":79},{"not_picked":["Slimebound:LeechingTouch"],"picked":"SKIP","floor":82}],"player_experience":24013,"relics_obtained":[{"floor":6.0,"key":"Ancient Tea Set"},{"floor":7.0,"key":"White Beast Statue"},{"floor":8.0,"key":"Shovel"},{"floor":9.0,"key":"Oddly Smooth Stone"},{"floor":10.0,"key":"Slimebound:StickyStick"},{"floor":11.0,"key":"Mango"},{"floor":12.0,"key":"Du-Vu Doll"},{"floor":13.0,"key":"Dream Catcher"},{"floor":20.0,"key":"Necronomicon"},{"floor":23.0,"key":"Bird Faced Urn"},{"floor":26.0,"key":"Omamori"},{"floor":27.0,"key":"champ:DuelingGlove"},{"floor":31.0,"key":"The Courier"},{"floor":36.0,"key":"Slimebound:AggressiveSlimeRelic"},{"floor":37.0,"key":"Strawberry"},{"floor":43.0,"key":"Pocketwatch"},{"floor":46.0,"key":"Nunchaku"},{"floor":47.0,"key":"Matryoshka"},{"floor":48.0,"key":"Calipers"},{"floor":51.0,"key":"Smiling Mask"},{"floor":51.0,"key":"Toxic Egg 2"},{"floor":51.0,"key":"StoneCalendar"},{"floor":66,"key":"Eternal Feather"},{"floor":74,"key":"Red Mask"},{"floor":75,"key":"Bag of Preparation"},{"floor":81,"key":"Orichalcum"},{"floor":83,"key":"Slimebound:MaxSlimesRelic"}],"event_choices":[{"damage_healed":0.0,"max_hp_gain":0.0,"max_hp_loss":0.0,"gold_gain":175.0,"event_name":"Liars Game","player_choice":"AGREE","floor":2.0,"gold_loss":0.0,"damage_taken":0.0,"cards_obtained":["Doubt"]},{"cards_removed":["Doubt"],"damage_healed":0.0,"max_hp_gain":0.0,"max_hp_loss":0.0,"gold_gain":0.0,"event_name":"Bonfire Elementals","player_choice":"Offered Curse","floor":3.0,"gold_loss":0.0,"damage_taken":0.0,"relics_obtained":["Spirit Poop"]},{"damage_healed":0.0,"max_hp_gain":0.0,"max_hp_loss":0.0,"gold_gain":0.0,"event_name":"Cursed Tome","player_choice":"Obtained Book","floor":20.0,"gold_loss":0.0,"damage_taken":16.0},{"damage_healed":0.0,"max_hp_gain":0.0,"max_hp_loss":0.0,"gold_gain":0.0,"event_name":"SensoryStone","player_choice":"Memory 2","floor":39.0,"gold_loss":0.0,"damage_taken":5.0},{"damage_healed":0.0,"max_hp_gain":0.0,"max_hp_loss":0.0,"gold_gain":0.0,"event_name":"Big Fish","player_choice":"Box","floor":53.0,"gold_loss":0.0,"damage_taken":0.0,"relics_obtained":["Anchor"],"cards_obtained":["Regret"]},{"cards_removed":["Slimebound:SpikyOuterGoop"],"damage_healed":0,"gold_gain":0,"player_choice":"Card Removal","damage_taken":0,"max_hp_gain":0,"max_hp_loss":0,"event_name":"The Cleric","floor":56,"gold_loss":50},{"cards_removed":["Slimebound:LeechingTouch"],"damage_healed":0,"gold_gain":0,"player_choice":"Card Removal","damage_taken":7,"max_hp_gain":0,"max_hp_loss":0,"event_name":"Golden Wing","floor":63,"gold_loss":0},{"damage_healed":0,"gold_gain":0,"player_choice":"Ignored","damage_taken":0,"max_hp_gain":0,"max_hp_loss":0,"event_name":"Ghosts","floor":71,"gold_loss":0},{"damage_healed":0,"gold_gain":0,"player_choice":"Fought Bandits","damage_taken":0,"max_hp_gain":0,"max_hp_loss":0,"event_name":"Masked Bandits","floor":74,"gold_loss":0}],"is_beta":false,"boss_relics":[{"not_picked":["Ectoplasm","Astrolabe"],"picked":"Busted Crown"},{"not_picked":["Velvet Choker","Tiny House"],"picked":"Slimebound:TarBlob"},{"not_picked":["Philosopher\u0027s Stone","Snecko Eye"],"picked":"Calling Bell"},{"not_picked":["Runic Pyramid","Velvet Choker"],"picked":"Astrolabe"},{"not_picked":["sneckomod:SneckoTalon","Philosopher\u0027s Stone"],"picked":"Empty Cage"}],"items_purged_floors":[70,73,78],"is_endless":true,"potions_floor_spawned":[7,8,10,11,12,13,14,16,18,22,23,27,31,33,35,37,45,46,47,48,50,52,55,58,60,61,62,64,65,67,69,72,74,76,77,79,82,84],"ascension_level":0}}