{"host":"ty2cix8xj6r3ad26","time":1613310724,"event":{"mods":["AchievementEnabler","BaseMod","BetterRewards","Minty Spire (QoL Compilation)","Quick Restart","StSLib","SuperFastMode"],"gold_per_floor":[119,119,137,157,107,107,132,132,132,161,172,172,172,197,197,326,326,345,345,160,160,175,175,206,242,288,288,306,306,306,354,354,354,354],"floor_reached":33,"language":"ENG","playtime":2472,"items_purged":["Strike_B","Defend_B"],"score":778,"play_id":"69a0b409-5d17-48a6-91ca-2e2e6f7769be","local_time":"20210214155204","is_ascension_mode":true,"campfire_choices":[{"data":"Doom and Gloom","floor":6,"key":"SMITH"},{"data":"Zap","floor":8,"key":"SMITH"},{"data":"Dualcast","floor":13,"key":"SMITH"},{"data":"Compile Driver","floor":15,"key":"SMITH"},{"data":"Creative AI","floor":23,"key":"SMITH"},{"data":"Storm","floor":27,"key":"SMITH"},{"data":"Defend_B","floor":29,"key":"SMITH"},{"data":"Self Repair","floor":32,"key":"SMITH"}],"circlet_count":0,"master_deck":["AscendersBane","Defend_B","Defend_B+1","Zap+1","Dualcast+1","Doom and Gloom+1","Consume+1","Hologram+1","Steam+1","Compile Driver+1","Coolheaded+1","Redo+1","Creative AI+1","Storm+1","Conserve Battery+1","Self Repair+1","Fusion+1"],"relics":["Cracked Core","Torii","Sling","Toxic Egg 2","FossilizedHelix","Ginger","Thread and Needle","Golden Idol","Empty Cage","Gambling Chip","WingedGreaves","StrikeDummy","Potion Belt","CeramicFish"],"acts_visited":["Exordium","TheCity"],"potions_floor_usage":[7,14,24,31,31],"damage_taken":[{"damage":2,"enemies":"Jaw Worm","floor":1,"turns":3},{"damage":7,"enemies":"Small Slimes","floor":3,"turns":3},{"damage":7,"enemies":"2 Louse","floor":4,"turns":2},{"damage":8,"enemies":"Gremlin Nob","floor":7,"turns":4},{"damage":0,"enemies":"Lagavulin","floor":10,"turns":5},{"damage":0,"enemies":"Exordium Thugs","floor":11,"turns":4},{"damage":0,"enemies":"2 Fungi Beasts","floor":14,"turns":2},{"damage":0,"enemies":"Hexaghost","floor":16,"turns":8},{"damage":0,"enemies":"Spheric Guardian","floor":18,"turns":6},{"damage":0,"enemies":"2 Thieves","floor":22,"turns":3},{"damage":7,"enemies":"Slavers","floor":24,"turns":4},{"damage":37,"enemies":"Book of Stabbing","floor":25,"turns":7},{"damage":0,"enemies":"Sentry and Sphere","floor":28,"turns":4},{"damage":15,"enemies":"Slavers","floor":31,"turns":4},{"damage":46,"enemies":"Automaton","floor":33,"turns":6}],"seed_played":"3511446231193703766","potions_obtained":[{"floor":4,"key":"Block Potion"},{"floor":10,"key":"SteroidPotion"},{"floor":24,"key":"SteroidPotion"},{"floor":28,"key":"SteroidPotion"}],"is_trial":false,"path_per_floor":["M","?","M","M","?","R","E","R","T","E","M","?","R","M","R","B",null,"M","?","$","?","M","R","E","E","T","R","M","R","?","E","R","B"],"character_chosen":"DEFECT","items_purchased":["Torii","Doom and Gloom","Sling","Toxic Egg 2","Storm","Block Potion"],"campfire_rested":0,"item_purchase_floors":[0,0,0,0,20,20],"current_hp_per_floor":[42,35,28,21,21,21,13,13,13,13,13,13,13,13,13,13,55,55,55,55,69,69,69,62,25,25,25,25,25,25,10,10,0,0],"gold":354,"neow_bonus":"","is_daily":false,"chose_seed":false,"campfire_upgraded":8,"win_rate":0.0,"timestamp":1613310724,"path_taken":["M","?","M","M","?","R","E","R","T","E","M","?","R","?","R","BOSS","M","?","$","?","M","R","E","E","T","R","?","R","?","E","R","BOSS"],"items_purchased_type":["Relic","Card","Relic","Relic","Card","Potion"],"build_version":"2020-12-22","purchased_purges":2,"victory":false,"max_hp_per_floor":[75,75,75,75,75,75,75,75,75,75,75,69,69,69,69,69,69,69,69,69,69,69,69,69,69,69,69,69,69,69,69,69,69,69],"card_choices":[{"not_picked":["Recycle+1","Rebound"],"picked":"Consume+1","floor":1},{"not_picked":["Streamline","Lockon"],"picked":"Hologram+1","floor":3},{"not_picked":["Cold Snap","Leap+1"],"picked":"Steam+1","floor":4},{"not_picked":["Sunder","Thunder Strike"],"picked":"Compile Driver","floor":7},{"not_picked":["Redo+1","Static Discharge"],"picked":"Coolheaded+1","floor":10},{"not_picked":["Loop","Double Energy+1","Heatsinks"],"picked":"SKIP","floor":11},{"not_picked":["Loop","Double Energy+1","Heatsinks"],"picked":"SKIP","floor":11},{"not_picked":["Loop","Double Energy+1","Heatsinks"],"picked":"SKIP","floor":11},{"not_picked":["Steam Power+1","Ball Lightning"],"picked":"Redo+1","floor":14},{"not_picked":["Reboot+1","Amplify+1"],"picked":"Creative AI","floor":16},{"not_picked":["Consume+1","Leap+1","Compile Driver"],"picked":"SKIP","floor":18},{"not_picked":["Loop","Barrage"],"picked":"Conserve Battery+1","floor":22},{"not_picked":["Compile Driver","Storm","Rebound"],"picked":"SKIP","floor":24},{"not_picked":["Double Energy+1","Steam+1","FTL"],"picked":"SKIP","floor":25},{"not_picked":["Coolheaded+1","Darkness+1","Rebound"],"picked":"SKIP","floor":28},{"not_picked":["Ball Lightning","Turbo+1"],"picked":"Fusion+1","floor":31}],"player_experience":564105,"relics_obtained":[{"floor":7,"key":"FossilizedHelix"},{"floor":9,"key":"Ginger"},{"floor":10,"key":"Thread and Needle"},{"floor":24,"key":"WingedGreaves"},{"floor":25,"key":"StrikeDummy"},{"floor":26,"key":"Potion Belt"},{"floor":31,"key":"CeramicFish"}],"event_choices":[{"cards_removed":["Strike_B"],"damage_healed":0,"gold_gain":0,"player_choice":"Card Removal","damage_taken":7,"max_hp_gain":0,"max_hp_loss":0,"event_name":"Golden Wing","floor":2,"gold_loss":0},{"cards_removed":["Defend_B"],"damage_healed":0,"gold_gain":0,"player_choice":"Card Removal","damage_taken":0,"max_hp_gain":0,"max_hp_loss":0,"event_name":"The Cleric","floor":5,"gold_loss":50},{"damage_healed":0,"gold_gain":0,"player_choice":"Lose Max HP","damage_taken":0,"relics_obtained":["Golden Idol"],"max_hp_gain":0,"max_hp_loss":6,"event_name":"Golden Idol","floor":12,"gold_loss":0},{"damage_healed":0,"gold_gain":0,"player_choice":"Opened","damage_taken":0,"relics_obtained":["Gambling Chip"],"max_hp_gain":0,"max_hp_loss":0,"event_name":"The Mausoleum","floor":19,"gold_loss":0},{"damage_healed":14,"gold_gain":0,"player_choice":"Full Heal","damage_taken":0,"max_hp_gain":0,"max_hp_loss":0,"event_name":"Wheel of Change","floor":21,"gold_loss":0},{"damage_healed":0,"gold_gain":0,"player_choice":"Read","damage_taken":0,"max_hp_gain":0,"max_hp_loss":0,"event_name":"The Library","floor":30,"gold_loss":0,"cards_obtained":["Self Repair"]}],"is_beta":false,"boss_relics":[{"not_picked":["Runic Dome","Nuclear Battery"],"picked":"Empty Cage"}],"items_purged_floors":[0,20],"is_endless":false,"potions_floor_spawned":[4,10,24,28],"killed_by":"Automaton","ascension_level":12}}