{"host":"lktusdb9orijgc6z","time":1613307676,"event":{"mods":["BaseMod","Bestiary","Colored Map","Colored Powertips","Filter the Spire","Minty Spire (QoL Compilation)","Permanent Neow","Quick Restart","Relic Stats","StSLib","everything is the same but u backflip on backflip","slay the spire mod where everything is the same but ironclad has a cowboy hat"],"gold_per_floor":[112,187,207,207,226,226,261,261,337,337,56,84,8,22,22,101,101,116,135,146,146,146,178,193,224,224,224,224,258,5,17,17,17,17],"floor_reached":33,"language":"ENG","playtime":1294,"items_purged":[],"score":626,"play_id":"b791cfba-f493-4d2f-b029-3e9aed138239","local_time":"20210214140116","is_ascension_mode":true,"campfire_choices":[{"floor":6.0,"key":"REST"},{"floor":8.0,"key":"REST"},{"data":"Tempest","floor":10.0,"key":"SMITH"},{"floor":15.0,"key":"REST"},{"data":"Hologram","floor":27.0,"key":"SMITH"},{"data":"Defragment","floor":32,"key":"SMITH"}],"circlet_count":0,"master_deck":["AscendersBane","Strike_B+1","Strike_B+1","Strike_B+1","Strike_B+1","Defend_B+1","Defend_B+1","Defend_B+1","Defend_B+1","Zap","Dualcast","Tempest+1","Rebound","Auto Shields","Cold Snap","Doom and Gloom","Barrage","Thunder Strike","Go for the Eyes","Reinforced Body","Capacitor","Sunder+1","Hologram+1","Chill","Reinforced Body","Defragment+1"],"relics":["Snecko Eye","Bronze Scales","Omamori","Matryoshka","Toy Ornithopter","InkBottle","Calling Bell","Oddly Smooth Stone","Darkstone Periapt","CaptainsWheel","Calipers","Shuriken","Boot","Meat on the Bone","Thread and Needle","Bag of Marbles"],"acts_visited":["Exordium","TheCity"],"potions_floor_usage":[33,33],"damage_taken":[{"damage":4.0,"enemies":"2 Louse","floor":1.0,"turns":4.0},{"damage":7.0,"enemies":"Jaw Worm","floor":3.0,"turns":2.0},{"damage":8.0,"enemies":"Small Slimes","floor":5.0,"turns":3.0},{"damage":35.0,"enemies":"3 Sentries","floor":7.0,"turns":5.0},{"damage":34.0,"enemies":"Lagavulin","floor":12.0,"turns":7.0},{"damage":2.0,"enemies":"3 Louse","floor":14.0,"turns":2.0},{"damage":19.0,"enemies":"The Guardian","floor":16.0,"turns":10.0},{"damage":26.0,"enemies":"2 Thieves","floor":18.0,"turns":3.0},{"damage":6.0,"enemies":"Chosen","floor":19.0,"turns":4.0},{"damage":6.0,"enemies":"3 Cultists","floor":20.0,"turns":5.0},{"damage":16.0,"enemies":"Book of Stabbing","floor":23.0,"turns":5.0},{"damage":2.0,"enemies":"Cultist and Chosen","floor":24.0,"turns":4.0},{"damage":16.0,"enemies":"Gremlin Leader","floor":25.0,"turns":4.0},{"damage":5,"enemies":"Slavers","floor":29,"turns":2},{"damage":0,"enemies":"Sentry and Sphere","floor":31,"turns":4},{"damage":47,"enemies":"Collector","floor":33,"turns":8}],"seed_played":"3188668671212716851","potions_obtained":[{"floor":3.0,"key":"PowerPotion"},{"floor":14.0,"key":"SneckoOil"},{"floor":23.0,"key":"Dexterity Potion"},{"floor":24.0,"key":"EssenceOfSteel"},{"floor":25.0,"key":"LiquidMemories"},{"floor":29,"key":"DuplicationPotion"}],"is_trial":false,"path_per_floor":["M","?","M","?","M","R","E","R","T","R","$","E","$","M","R","B",null,"M","M","M","?","?","E","M","E","T","R","?","E","$","M","R","B"],"character_chosen":"DEFECT","items_purchased":["AttackPotion","SteroidPotion","Toy Ornithopter","Doom and Gloom","Reinforced Body","Bag of Marbles"],"campfire_rested":3,"item_purchase_floors":[11,11,11,13,30,30],"current_hp_per_floor":[60,49,42,31,23,44,9,30,30,30,30,6,6,4,25,6,55,29,23,17,31,31,15,18,12,12,12,12,19,19,31,31,0,0],"gold":17,"neow_bonus":"BOSS_RELIC","is_daily":false,"chose_seed":false,"campfire_upgraded":3,"win_rate":0.0,"timestamp":1613307676,"path_taken":["M","?","M","?","M","R","E","R","T","R","$","E","?","M","R","BOSS","M","M","M","?","?","E","M","E","T","R","?","E","$","M","R","BOSS"],"items_purchased_type":["Potion","Potion","Relic","Card","Card","Relic"],"build_version":"2020-12-22","purchased_purges":0,"victory":false,"max_hp_per_floor":[71,71,71,71,71,71,71,71,71,71,71,71,71,71,71,71,71,71,71,71,71,71,71,71,71,71,71,71,71,71,71,71,71,71],"relic_stats":{"Darkstone Periapt":0,"counters":[16,72],"Shuriken":[3],"Bronze Scales":[179],"Snecko Eye":[111,101,128,119],"Boot":[16],"obtain_stats":[{"Darkstone Periapt":17,"Calipers":23,"Oddly Smooth Stone":17,"Thread and Needle":29,"Omamori":7,"Boot":26,"Calling Bell":17,"CaptainsWheel":17,"Matryoshka":9,"Shuriken":25,"Bronze Scales":4,"Snecko Eye":0,"Bag of Marbles":30,"Cracked Core":0,"Toy Ornithopter":11,"InkBottle":12,"Meat on the Bone":26},{"Darkstone Periapt":7,"Calipers":11,"Oddly Smooth Stone":7,"Thread and Needle":14,"Omamori":4,"Boot":13,"Calling Bell":7,"CaptainsWheel":7,"Matryoshka":4,"Shuriken":13,"Bronze Scales":2,"Snecko Eye":0,"Bag of Marbles":14,"Cracked Core":0,"Toy Ornithopter":4,"InkBottle":5,"Meat on the Bone":13},{"Darkstone Periapt":33,"Calipers":50,"Oddly Smooth Stone":33,"Thread and Needle":60,"Omamori":14,"Boot":58,"Calling Bell":33,"CaptainsWheel":33,"Matryoshka":14,"Shuriken":58,"Bronze Scales":6,"Snecko Eye":0,"Bag of Marbles":60,"Cracked Core":0,"Toy Ornithopter":14,"InkBottle":21,"Meat on the Bone":58}],"Toy Ornithopter":35,"InkBottle":[14],"Meat on the Bone":24},"card_choices":[{"not_picked":["Compile Driver","Redo"],"picked":"Tempest","floor":1.0},{"not_picked":["Gash","Stack","Heatsinks"],"picked":"SKIP","floor":3.0},{"not_picked":["Redo","Coolheaded"],"picked":"Rebound","floor":5.0},{"not_picked":["Gash","Coolheaded"],"picked":"Auto Shields","floor":7.0},{"not_picked":["BootSequence","Gash"],"picked":"Cold Snap","floor":12.0},{"not_picked":["Conserve Battery","Compile Driver"],"picked":"Barrage","floor":14.0},{"not_picked":["Buffer","Fission"],"picked":"Thunder Strike","floor":16.0},{"not_picked":["Redo","Streamline+1"],"picked":"Go for the Eyes","floor":18.0},{"not_picked":["Turbo","FTL"],"picked":"Reinforced Body","floor":19.0},{"not_picked":["Redo","Conserve Battery"],"picked":"Capacitor","floor":20.0},{"not_picked":["Darkness","Leap","Go for the Eyes"],"picked":"SKIP","floor":23.0},{"not_picked":["Consume","Force Field"],"picked":"Sunder+1","floor":24.0},{"not_picked":["Turbo","Seek"],"picked":"Hologram","floor":25.0},{"not_picked":["Skim","Conserve Battery"],"picked":"Chill","floor":29},{"not_picked":["Barrage","Leap"],"picked":"Defragment","floor":31}],"player_experience":788930,"relics_obtained":[{"floor":7.0,"key":"Omamori"},{"floor":9.0,"key":"Matryoshka"},{"floor":12.0,"key":"InkBottle"},{"floor":17.0,"key":"Oddly Smooth Stone"},{"floor":17.0,"key":"Darkstone Periapt"},{"floor":17.0,"key":"CaptainsWheel"},{"floor":23.0,"key":"Calipers"},{"floor":25.0,"key":"Shuriken"},{"floor":26.0,"key":"Boot"},{"floor":26.0,"key":"Meat on the Bone"},{"floor":29,"key":"Thread and Needle"}],"event_choices":[{"damage_healed":0.0,"max_hp_gain":0.0,"max_hp_loss":0.0,"gold_gain":75.0,"event_name":"World of Goop","player_choice":"Gather Gold","floor":2.0,"gold_loss":0.0,"damage_taken":11.0},{"damage_healed":0.0,"max_hp_gain":0.0,"max_hp_loss":0.0,"gold_gain":0.0,"event_name":"Scrap Ooze","player_choice":"Success","floor":4.0,"gold_loss":0.0,"damage_taken":11.0,"relics_obtained":["Bronze Scales"]},{"damage_healed":14.0,"max_hp_gain":0.0,"max_hp_loss":0.0,"gold_gain":0.0,"event_name":"The Library","player_choice":"Heal","floor":21.0,"gold_loss":0.0,"damage_taken":0.0},{"damage_healed":0.0,"max_hp_gain":0.0,"max_hp_loss":0.0,"gold_gain":0.0,"event_name":"Back to Basics","player_choice":"Simplicity","floor":22.0,"gold_loss":0.0,"damage_taken":0.0,"cards_upgraded":["Strike_B","Strike_B","Strike_B","Strike_B","Defend_B","Defend_B","Defend_B","Defend_B"]},{"damage_healed":0.0,"max_hp_gain":0.0,"max_hp_loss":0.0,"gold_gain":0.0,"event_name":"Cursed Tome","player_choice":"Ignored","floor":28.0,"gold_loss":0.0,"damage_taken":0.0}],"is_beta":false,"boss_relics":[{"not_picked":["Ectoplasm","SlaversCollar"],"picked":"Calling Bell"}],"items_purged_floors":[],"is_endless":false,"potions_floor_spawned":[3,14,23,24,25,29,31],"killed_by":"Collector","ascension_level":20}}