{"host":"7m635teefjn47zxe","time":1613322312,"event":{"mods":["BaseMod","Colored Map","Minty Spire (QoL Compilation)","Permanent Neow","Relic Stats","StSLib","everything is the same but u backflip on backflip"],"gold_per_floor":[111,111,134,147,166,200,220,220,247,287,287,362,537,191,191,310,310,324,324,348,105,119,119,155,180,180,198,234,234,31,31,31,31,31],"floor_reached":33,"language":"ENG","playtime":1206,"items_purged":["Doubt","Strike_R","Strike_R"],"score":457,"play_id":"b3410c61-f64b-498d-8c65-2d4df3a19f95","local_time":"20210214180512","is_ascension_mode":true,"campfire_choices":[{"data":"Inflame","floor":8,"key":"SMITH"},{"data":"Shrug It Off","floor":11,"key":"SMITH"},{"data":"Inflame","floor":15,"key":"SMITH"},{"floor":23,"key":"REST"},{"data":"True Grit","floor":29,"key":"SMITH"},{"data":"True Grit","floor":32,"key":"SMITH"}],"circlet_count":0,"master_deck":["AscendersBane","Strike_R","Strike_R","Strike_R","Defend_R","Defend_R","Defend_R","Defend_R","Bash","Clothesline","Headbutt","Anger","Inflame+1","Shrug It Off+1","Sword Boomerang+1","Inflame+1","Sword Boomerang","Reaper","Disarm+1","Whirlwind","Cleave+1","True Grit+1","Rampage","True Grit+1","Fire Breathing","Power Through"],"relics":["Burning Blood","Oddly Smooth Stone","Golden Idol","Ancient Tea Set","Art of War","Regal Pillow","MealTicket","Lantern","Mark of Pain","Vajra","Tiny Chest","Pen Nib","Singing Bowl"],"acts_visited":["Exordium","TheCity"],"potions_floor_usage":[10,12,25,28],"damage_taken":[{"damage":14,"enemies":"Small Slimes","floor":1,"turns":4},{"damage":5,"enemies":"2 Louse","floor":3,"turns":4},{"damage":0,"enemies":"Cultist","floor":4,"turns":3},{"damage":4,"enemies":"Red Slaver","floor":5,"turns":4},{"damage":29,"enemies":"Lagavulin","floor":6,"turns":8},{"damage":4,"enemies":"Exordium Wildlife","floor":7,"turns":5},{"damage":14,"enemies":"Gremlin Nob","floor":10,"turns":4},{"damage":6,"enemies":"Gremlin Nob","floor":12,"turns":3},{"damage":24,"enemies":"Hexaghost","floor":16,"turns":8},{"damage":38,"enemies":"3 Byrds","floor":18,"turns":5},{"damage":27,"enemies":"2 Thieves","floor":20,"turns":3},{"damage":24,"enemies":"Snake Plant","floor":22,"turns":2},{"damage":24,"enemies":"Book of Stabbing","floor":24,"turns":5},{"damage":8,"enemies":"Cultist and Chosen","floor":25,"turns":5},{"damage":4,"enemies":"3 Cultists","floor":27,"turns":5},{"damage":43,"enemies":"Slavers","floor":28,"turns":4},{"damage":58,"enemies":"Automaton","floor":33,"turns":6}],"seed_played":"-3276040063719787929","potions_obtained":[{"floor":5,"key":"Explosive Potion"},{"floor":6,"key":"Block Potion"},{"floor":10,"key":"AttackPotion"},{"floor":16,"key":"LiquidBronze"},{"floor":24,"key":"Regen Potion"},{"floor":25,"key":"Ancient Potion"},{"floor":28,"key":"LiquidMemories"}],"is_trial":false,"path_per_floor":["M","?","M","M","M","E","M","R","T","E","R","?","?","$","R","B",null,"M","?","M","$","M","R","E","M","T","M","E","R","$","?","R","B"],"character_chosen":"IRONCLAD","items_purchased":["Inflame","Sword Boomerang","Lantern","Vajra","Fire Breathing"],"campfire_rested":1,"item_purchase_floors":[14,14,14,21,30],"current_hp_per_floor":[64,64,65,71,73,50,52,52,52,44,44,44,44,59,59,41,66,53,53,32,47,29,66,48,71,71,74,39,39,54,54,54,0,0],"gold":31,"neow_bonus":"RANDOM_COMMON_RELIC","is_daily":false,"chose_seed":false,"campfire_upgraded":5,"win_rate":0.0,"timestamp":1613322312,"path_taken":["M","?","M","M","M","E","M","R","T","E","R","?","?","$","R","BOSS","M","?","M","$","?","R","E","M","T","M","E","R","?","?","R","BOSS"],"items_purchased_type":["Card","Card","Relic","Relic","Card"],"build_version":"2020-12-22","purchased_purges":3,"victory":false,"max_hp_per_floor":[80,74,74,74,74,74,74,74,74,74,74,74,74,74,74,74,74,74,74,74,74,74,74,74,74,74,74,76,76,76,76,76,76,76],"relic_stats":{"Regal Pillow":15,"Singing Bowl":2,"counters":[17,78],"Golden Idol":112,"MealTicket":45,"Tiny Chest":0,"Pen Nib":[2],"Art of War":[2],"obtain_stats":[{"Regal Pillow":10,"Lantern":14,"Singing Bowl":28,"Golden Idol":2,"Oddly Smooth Stone":0,"Vajra":21,"Pen Nib":26,"Ancient Tea Set":6,"Burning Blood":0,"MealTicket":12,"Tiny Chest":24,"Mark of Pain":17,"Art of War":9},{"Regal Pillow":7,"Lantern":8,"Singing Bowl":16,"Golden Idol":1,"Oddly Smooth Stone":0,"Vajra":11,"Pen Nib":14,"Ancient Tea Set":5,"Burning Blood":0,"MealTicket":7,"Tiny Chest":13,"Mark of Pain":9,"Art of War":6},{"Regal Pillow":32,"Lantern":35,"Singing Bowl":72,"Golden Idol":4,"Oddly Smooth Stone":0,"Vajra":51,"Pen Nib":63,"Ancient Tea Set":23,"Burning Blood":0,"MealTicket":32,"Tiny Chest":58,"Mark of Pain":43,"Art of War":28}],"Burning Blood":94},"card_choices":[{"not_picked":["Twin Strike","Shrug It Off"],"picked":"Clothesline","floor":1},{"not_picked":["Perfected Strike","Dual Wield","Iron Wave"],"picked":"SKIP","floor":3},{"not_picked":["Dropkick","Warcry"],"picked":"Headbutt","floor":4},{"not_picked":["Combust","Headbutt"],"picked":"Anger","floor":5},{"not_picked":["Body Slam","Clash","Heavy Blade"],"picked":"SKIP","floor":6},{"not_picked":["Cleave","Iron Wave"],"picked":"Inflame","floor":7},{"not_picked":["Havoc","Berserk"],"picked":"Shrug It Off","floor":10},{"not_picked":["Iron Wave","Carnage"],"picked":"Sword Boomerang","floor":12},{"not_picked":["Juggernaut","Offering"],"picked":"Reaper","floor":16},{"not_picked":["Perfected Strike+1","Twin Strike"],"picked":"Disarm+1","floor":18},{"not_picked":["Havoc","Warcry"],"picked":"Whirlwind","floor":20},{"not_picked":["Sever Soul+1","True Grit"],"picked":"Cleave+1","floor":22},{"not_picked":["Clash","Juggernaut"],"picked":"True Grit","floor":24},{"not_picked":["Clothesline","Wild Strike"],"picked":"Rampage","floor":25},{"not_picked":["Shrug It Off","Anger"],"picked":"True Grit","floor":27},{"not_picked":["Pommel Strike","Iron Wave","Bludgeon"],"picked":"Singing Bowl","floor":28}],"player_experience":184145,"relics_obtained":[{"floor":6,"key":"Ancient Tea Set"},{"floor":9,"key":"Art of War"},{"floor":10,"key":"Regal Pillow"},{"floor":24,"key":"Tiny Chest"},{"floor":26,"key":"Pen Nib"},{"floor":28,"key":"Singing Bowl"}],"event_choices":[{"damage_healed":0,"gold_gain":0,"player_choice":"Lose Max HP","damage_taken":0,"relics_obtained":["Golden Idol"],"max_hp_gain":0,"max_hp_loss":6,"event_name":"Golden Idol","floor":2,"gold_loss":0},{"damage_healed":0,"gold_gain":0,"player_choice":"Searched \u00272\u0027 times","damage_taken":0,"relics_obtained":["MealTicket"],"max_hp_gain":0,"max_hp_loss":0,"event_name":"Dead Adventurer","floor":12,"gold_loss":0},{"damage_healed":0,"gold_gain":175,"player_choice":"AGREE","damage_taken":0,"max_hp_gain":0,"max_hp_loss":0,"event_name":"Liars Game","floor":13,"gold_loss":0,"cards_obtained":["Doubt"]},{"damage_healed":0,"gold_gain":0,"player_choice":"Forge","damage_taken":0,"max_hp_gain":0,"max_hp_loss":0,"event_name":"Accursed Blacksmith","floor":19,"gold_loss":0,"cards_upgraded":["Sword Boomerang"]},{"damage_healed":0,"gold_gain":0,"player_choice":"Read","damage_taken":0,"max_hp_gain":0,"max_hp_loss":0,"event_name":"The Library","floor":31,"gold_loss":0,"cards_obtained":["Power Through"]}],"is_beta":false,"boss_relics":[{"not_picked":["Snecko Eye","Runic Dome"],"picked":"Mark of Pain"}],"items_purged_floors":[14,21,30],"is_endless":false,"potions_floor_spawned":[5,6,10,16,20,24,25,28],"killed_by":"Automaton","ascension_level":11}}