{"host":"qgvpd00zvzorrg7j","time":1613262427,"event":{"mods":["BaseMod","Colored Map","Downfall","Minty Spire (QoL Compilation)","Quick Restart","StSLib"],"gold_per_floor":[112,112,37,50,50,50,70,70,70,70,89,89,117,117,117,221,221,237,254,154,171,171,171,205,219,219,229,246,161,111,111,111,213,263,276,145,145,145,156,182,55,55,82,111,123,137,152,23,23,23],"floor_reached":51,"language":"ENG","playtime":2152,"items_purged":["Guardian:Defend_Guardian","Guardian:Strike_Guardian","Guardian:Defend_Guardian","Guardian:Defend_Guardian","Guardian:Strike_Guardian+1","Guardian:Strike_Guardian+1"],"score":759,"play_id":"7df3cc8d-26ae-4e9b-aa85-6561e7650bfc","local_time":"20210213192707","is_ascension_mode":true,"campfire_choices":[{"data":"Guardian:BodySlam","floor":6,"key":"SMITH"},{"data":"Guardian:TwinSlam","floor":8,"key":"SMITH"},{"data":"Guardian:ExploitGems","floor":12,"key":"SMITH"},{"data":"Guardian:CurlUp","floor":15,"key":"SMITH"},{"data":"Guardian:PiercingHide","floor":23,"key":"SMITH"},{"data":"Guardian:StasisStrike","floor":32,"key":"SMITH"},{"data":"Guardian:Incinerate","floor":42,"key":"SMITH"},{"floor":49,"key":"RECALL"}],"circlet_count":0,"master_deck":["Guardian:Defend_Guardian+1","Guardian:CurlUp+1","Guardian:TwinSlam+1","Guardian:BodySlam+1","Guardian:ExploitGems+1","Guardian:PiercingHide+1","Guardian:PrimingBeam+1","Guardian:PiercingHide+1","Guardian:StasisStrike+1","Guardian:Gem_Orange","Guardian:BodySlam+1","Guardian:Incinerate+1","Guardian:Gem_White"],"relics":["Guardian:ModeShifter","NeowsBlessing","Matryoshka","Toy Ornithopter","Pantograph","Bag of Marbles","Coffee Dripper","Whetstone","Smiling Mask","Mummified Hand","StoneCalendar","Tiny House","Blue Candle","Letter Opener","Guardian:SackOfGems","Bottled Flame"],"acts_visited":["Exordium","TheCity","TheBeyond"],"potions_floor_usage":[13,16,28,33,33,45,47,50],"damage_taken":[{"damage":0.0,"enemies":"Small Slimes","floor":1.0,"turns":1.0},{"damage":0,"enemies":"Cultist","floor":4,"turns":1},{"damage":0,"enemies":"2 Louse","floor":7,"turns":1},{"damage":3,"enemies":"Blue Slaver","floor":11,"turns":4},{"damage":9,"enemies":"3 Sentries","floor":13,"turns":7},{"damage":77,"enemies":"Slime Boss","floor":16,"turns":21},{"damage":4,"enemies":"Chosen","floor":18,"turns":6},{"damage":0,"enemies":"3 Byrds","floor":19,"turns":5},{"damage":15,"enemies":"Snake Plant","floor":21,"turns":2},{"damage":8,"enemies":"Slavers","floor":24,"turns":6},{"damage":2,"enemies":"Centurion and Healer","floor":25,"turns":4},{"damage":0,"enemies":"Sentry and Sphere","floor":27,"turns":5},{"damage":0,"enemies":"Snecko","floor":28,"turns":5},{"damage":21,"enemies":"Automaton","floor":33,"turns":8},{"damage":2,"enemies":"3 Darklings","floor":35,"turns":6},{"damage":9,"enemies":"3 Shapes","floor":39,"turns":5},{"damage":17,"enemies":"Reptomancer","floor":40,"turns":6},{"damage":33,"enemies":"Nemesis","floor":44,"turns":7},{"damage":0,"enemies":"Spire Growth","floor":45,"turns":2},{"damage":7,"enemies":"Jaw Worm Horde","floor":46,"turns":3},{"damage":0,"enemies":"Writhing Mass","floor":47,"turns":3},{"damage":46,"enemies":"Time Eater","floor":50,"turns":7}],"seed_played":"-599617855622554416","potions_obtained":[{"floor":2,"key":"SmokeBomb"},{"floor":2,"key":"Guardian:StasisDiscoveryPotion"},{"floor":2,"key":"DistilledChaos"},{"floor":13,"key":"GamblersBrew"},{"floor":21,"key":"Regen Potion"},{"floor":25,"key":"Block Potion"},{"floor":28,"key":"Strength Potion"},{"floor":33,"key":"Swift Potion"},{"floor":34,"key":"SpeedPotion"},{"floor":39,"key":"hexamod:SoulburnPotion"},{"floor":46,"key":"Block Potion"},{"floor":47,"key":"BlessingOfTheForge"}],"is_trial":false,"path_per_floor":["M","?","$","M","?","R","M","R","T","$","M","R","E","T","R","B",null,"M","M","$","M","?","R","E","M","T","M","M","?","$","?","R","B",null,"M","$","?","?","M","E","$","R","T","E","M","M","M","$","R","B",null],"character_chosen":"GUARDIAN","items_purchased":["Guardian:Gem_White","Guardian:Gem_Yellow","Guardian:Gem_White"],"campfire_rested":0,"item_purchase_floors":[36,41,48],"current_hp_per_floor":[80,80,80,80,80,80,80,80,80,80,77,77,68,68,68,3,80,76,76,76,61,80,80,72,70,70,70,80,80,80,80,80,59,85,83,83,78,78,69,52,52,52,52,19,24,17,22,22,22,6],"gold":23,"neow_bonus":"THREE_ENEMY_KILL","is_daily":false,"chose_seed":false,"campfire_upgraded":7,"win_rate":0.0,"timestamp":1613262427,"path_taken":["M","?","$","?","?","R","M","R","T","$","M","R","E","?","R","BOSS","M","M","$","M","?","R","E","M","T","?","M","?","$","?","R","BOSS","M","$","?","?","M","E","$","R","T","E","M","M","?","$","R","BOSS"],"items_purchased_type":["Card","Card","Card"],"build_version":"2020-12-22","purchased_purges":6,"victory":true,"max_hp_per_floor":[80,80,80,80,80,80,80,80,80,80,80,80,80,80,80,80,80,80,80,80,80,80,80,80,80,80,80,80,80,80,80,80,80,85,85,85,85,85,85,85,85,85,85,85,85,85,85,85,85,85],"card_choices":[{"not_picked":["Guardian:PiercingHide","Guardian:Repulse","Guardian:CrystalBeam"],"picked":"SKIP","floor":1},{"not_picked":["Guardian:TimeCapacitor","Guardian:VentSteam"],"picked":"Guardian:BodySlam","floor":4},{"not_picked":["Guardian:Incinerate","Guardian:TemporalShield"],"picked":"Guardian:Gem_Green","floor":7},{"not_picked":["Guardian:Repulse","Guardian:Suspension"],"picked":"Guardian:ExploitGems","floor":11},{"not_picked":["Guardian:SpikerProtocol","Guardian:Incinerate"],"picked":"Guardian:PiercingHide","floor":13},{"not_picked":["Guardian:StasisField","Guardian:FastForward"],"picked":"Guardian:Gem_Orange","floor":16},{"not_picked":["Guardian:Recover","Guardian:TimeCapacitor"],"picked":"Guardian:PrimingBeam+1","floor":18},{"not_picked":["Guardian:Gem_Cyan","Guardian:VentSteam+1","Guardian:PiercingHide"],"picked":"SKIP","floor":19},{"not_picked":["Guardian:Incinerate+1","Guardian:RefractedBeam"],"picked":"Guardian:PiercingHide+1","floor":21},{"not_picked":["Guardian:RollAttack","Guardian:TemporalStrike"],"picked":"Guardian:StasisStrike","floor":24},{"not_picked":["Guardian:PiercingHide+1","Guardian:WalkerClaw","Guardian:Incinerate+1"],"picked":"SKIP","floor":25},{"not_picked":["Guardian:Incinerate","Guardian:Emergency","Guardian:BronzeArmor"],"picked":"SKIP","floor":27},{"not_picked":["Guardian:TemporalStrike","Guardian:PrimingBeam+1","Guardian:HyperBeam_Guardian"],"picked":"SKIP","floor":28},{"not_picked":["Guardian:AncientConstruct","Guardian:Gem_Synthetic"],"picked":"Guardian:Gem_Orange","floor":33},{"not_picked":["Guardian:ShieldCharger+1","Guardian:RollAttack"],"picked":"Guardian:BodySlam+1","floor":35},{"not_picked":["Guardian:RollAttack","Guardian:Gem_Cyan","Guardian:AncientConstruct"],"picked":"SKIP","floor":39},{"not_picked":["Guardian:RollAttack+1","Guardian:Recover+1"],"picked":"Guardian:Incinerate","floor":40},{"not_picked":["Guardian:BodySlam+1","Guardian:TemporalShield+1","Guardian:RollAttack"],"picked":"SKIP","floor":44},{"not_picked":["Guardian:Incinerate","Guardian:Repulse+1","Guardian:Gem_Blue"],"picked":"SKIP","floor":45},{"not_picked":["Guardian:Incinerate+1","Guardian:VentSteam","Guardian:Gem_Red"],"picked":"SKIP","floor":46},{"not_picked":["Guardian:PolyBeam","Guardian:Gem_Synthetic","Guardian:Planning"],"picked":"SKIP","floor":47}],"player_experience":649551,"relics_obtained":[{"floor":9,"key":"Matryoshka"},{"floor":13,"key":"Toy Ornithopter"},{"floor":14,"key":"Pantograph"},{"floor":14,"key":"Bag of Marbles"},{"floor":24,"key":"Whetstone"},{"floor":26,"key":"Smiling Mask"},{"floor":26,"key":"Mummified Hand"},{"floor":40,"key":"Guardian:SackOfGems"},{"floor":44,"key":"Bottled Flame"}],"event_choices":[{"damage_healed":0,"gold_gain":0,"player_choice":"Got Potions","damage_taken":0,"max_hp_gain":0,"max_hp_loss":0,"event_name":"Lab","floor":2,"gold_loss":0},{"cards_removed":["Guardian:Strike_Guardian"],"damage_healed":0,"gold_gain":0,"player_choice":"Forget","damage_taken":0,"max_hp_gain":0,"max_hp_loss":0,"event_name":"Living Wall","floor":5,"gold_loss":0},{"damage_healed":19,"gold_gain":0,"player_choice":"Full Heal","damage_taken":0,"max_hp_gain":0,"max_hp_loss":0,"event_name":"Wheel of Change","floor":22,"gold_loss":0},{"damage_healed":0,"gold_gain":0,"player_choice":"Obtained Relic","damage_taken":0,"relics_obtained":["StoneCalendar"],"max_hp_gain":0,"max_hp_loss":0,"event_name":"Addict","floor":29,"gold_loss":85},{"damage_healed":0,"gold_gain":0,"player_choice":"Ignored","damage_taken":0,"max_hp_gain":0,"max_hp_loss":0,"event_name":"Vampires","floor":31,"gold_loss":0},{"damage_healed":0,"gold_gain":0,"player_choice":"Gave Potion","damage_taken":0,"relics_obtained":["Letter Opener"],"max_hp_gain":0,"max_hp_loss":0,"event_name":"WeMeetAgain","floor":38,"gold_loss":0}],"is_beta":false,"boss_relics":[{"not_picked":["Cursed Key","Fusion Hammer"],"picked":"Coffee Dripper"},{"not_picked":["SlaversCollar","bronze:MakeshiftBattery"],"picked":"Tiny House"}],"items_purged_floors":[3,20,30,36,41,48],"is_endless":false,"potions_floor_spawned":[4,7,13,21,24,25,28,33,39,40,46,47],"ascension_level":1}}