{"host":"kwyq3wo3fj8d4s27","time":1613334380,"event":{"mods":["AchievementEnabler","BaseMod","Colored Map","Highlight Path","Minty Spire (QoL Compilation)","StSLib"],"gold_per_floor":[112,112,112,125,125,125,159,801,801,1406,1421,1421,1421,1457,1457,1580,1580,1594,1217,1292,949,949,949,746,770,793,824,824,864,882,882,882,1010,1010,1024,1038,1062,14,14,52,115,136,136,148,180,62,86,86,86,86],"floor_reached":51,"language":"ENG","playtime":2099,"items_purged":["Strike_B","Strike_B","Defend_B","Defend_B","Defend_B","Lockon+1"],"score":961,"play_id":"d2638c3a-cc3f-4669-9dce-85924fbe8bea","local_time":"20210214122620","is_ascension_mode":true,"campfire_choices":[{"data":"Capacitor","floor":6,"key":"SMITH"},{"data":"Dualcast","floor":13,"key":"SMITH"},{"data":"Redo","floor":15,"key":"SMITH"},{"data":"Zap","floor":23,"key":"SMITH"},{"data":"Conserve Battery","floor":32,"key":"SMITH"},{"data":"Madness","floor":44,"key":"SMITH"},{"floor":49,"key":"RECALL"}],"circlet_count":0,"master_deck":["Dualcast+1","Glacier+1","Capacitor+1","Redo+1","Defragment+1","Creative AI+1","Conserve Battery+1","Echo Form+1","Defragment+1","Echo Form+1","Hologram+1","Defragment+1","Storm+1","Defragment+1","Madness+1","Madness+1","Capacitor+1"],"relics":["Cracked Core","Juzu Bracelet","Golden Idol","Bottled Lightning","Cauldron","CaptainsWheel","Frozen Egg 2","Molten Egg 2","HornCleat","Regal Pillow","Membership Card","Strawberry","Black Star","Anchor","Shuriken","Chemical X","DollysMirror","Bronze Scales","Meat on the Bone","Eternal Feather","Centennial Puzzle","Potion Belt","Toy Ornithopter","Darkstone Periapt","Dream Catcher","The Courier","Torii","Coffee Dripper","Lantern","Oddly Smooth Stone","Nunchaku","Pantograph","StoneCalendar","Ornamental Fan","HandDrill","Ancient Tea Set","Bird Faced Urn","Bag of Preparation","Sundial","Happy Flower","War Paint","Ice Cream","MawBank","Question Card"],"acts_visited":["Exordium","TheCity","TheBeyond"],"potions_floor_usage":[27],"damage_taken":[{"damage":2,"enemies":"Small Slimes","floor":1,"turns":4},{"damage":0,"enemies":"2 Louse","floor":4,"turns":3},{"damage":30,"enemies":"3 Sentries","floor":7,"turns":10},{"damage":7,"enemies":"Jaw Worm","floor":11,"turns":4},{"damage":62,"enemies":"Gremlin Nob","floor":14,"turns":7},{"damage":10,"enemies":"The Guardian","floor":16,"turns":11},{"damage":23,"enemies":"Chosen","floor":18,"turns":6},{"damage":4,"enemies":"3 Byrds","floor":25,"turns":3},{"damage":41,"enemies":"Gremlin Leader","floor":27,"turns":6},{"damage":58,"enemies":"Slavers","floor":29,"turns":5},{"damage":0,"enemies":"Snecko","floor":30,"turns":6},{"damage":6,"enemies":"Champ","floor":33,"turns":6},{"damage":10,"enemies":"3 Darklings","floor":35,"turns":6},{"damage":0,"enemies":"3 Shapes","floor":36,"turns":5},{"damage":0,"enemies":"Maw","floor":37,"turns":4},{"damage":9,"enemies":"Reptomancer","floor":40,"turns":5},{"damage":15,"enemies":"Mind Bloom Boss Battle","floor":41,"turns":4},{"damage":17,"enemies":"Writhing Mass","floor":42,"turns":3},{"damage":0,"enemies":"Transient","floor":45,"turns":5},{"damage":16,"enemies":"Maw","floor":47,"turns":4},{"damage":14,"enemies":"Awakened One","floor":50,"turns":6}],"seed_played":"-970354633802930886","potions_obtained":[{"floor":1,"key":"SteroidPotion"},{"floor":7,"key":"SpeedPotion"},{"floor":8,"key":"PotionOfCapacity"},{"floor":27,"key":"Fruit Juice"},{"floor":33,"key":"FocusPotion"},{"floor":40,"key":"ColorlessPotion"}],"is_trial":false,"path_per_floor":["M","?","?","M","?","R","E","$","T","$","M","?","R","E","R","B",null,"M","$","?","$","T","R","$","M","T","E","T","E","M","?","R","B",null,"M","M","M","$","?","E","?","M","T","R","M","$","M","?","R","B",null],"character_chosen":"DEFECT","items_purchased":["Cauldron","CaptainsWheel","Frozen Egg 2","Defragment+1","Creative AI+1","Conserve Battery","HornCleat","Regal Pillow","Membership Card","FairyPotion","Defragment+1","Anchor","Shuriken","Chemical X","DollysMirror","Bronze Scales","Meat on the Bone","Centennial Puzzle","Lockon+1","Defragment+1","Lantern","Oddly Smooth Stone","Nunchaku","Pantograph","StoneCalendar","Ornamental Fan","HandDrill","Ancient Tea Set","Bird Faced Urn","Bag of Preparation","Sundial","Question Card","Capacitor+1"],"campfire_rested":0,"item_purchase_floors":[8,8,8,8,10,10,10,10,10,10,19,19,19,19,21,21,21,24,24,38,38,38,38,38,38,38,38,38,38,38,38,46,46],"current_hp_per_floor":[73,78,58,58,58,58,28,28,28,28,80,73,73,18,18,77,87,64,64,56,56,56,62,62,58,58,39,39,46,58,58,64,58,92,82,82,82,82,70,85,92,91,91,92,92,92,92,92,92,92],"gold":86,"neow_bonus":"RANDOM_COMMON_RELIC","is_daily":false,"chose_seed":false,"campfire_upgraded":6,"win_rate":0.0,"timestamp":1613334380,"path_taken":["M","?","?","M","?","R","E","$","T","$","M","?","R","E","R","BOSS","M","$","?","$","?","R","?","M","T","E","?","E","M","?","R","BOSS","M","M","M","$","?","E","?","M","T","R","M","$","M","?","R","BOSS"],"items_purchased_type":["Relic","Relic","Relic","Card","Card","Card","Relic","Relic","Relic","Potion","Card","Relic","Relic","Relic","Relic","Relic","Relic","Relic","Card","Card","Relic","Relic","Relic","Relic","Relic","Relic","Relic","Relic","Relic","Relic","Relic","Relic","Card"],"build_version":"2020-12-22","purchased_purges":6,"victory":true,"max_hp_per_floor":[75,80,80,80,80,80,80,80,80,80,80,80,80,87,87,87,87,87,87,87,87,87,87,87,87,87,92,92,92,92,92,92,92,92,92,92,92,92,92,92,92,92,92,92,92,92,92,92,92,92],"card_choices":[{"not_picked":["BootSequence","Compile Driver"],"picked":"Glacier","floor":1},{"not_picked":["Sweeping Beam","Undo"],"picked":"Capacitor","floor":4},{"not_picked":["Stack","Hologram"],"picked":"Redo","floor":7},{"not_picked":["Hologram","Sweeping Beam+1","Hello World+1"],"picked":"SKIP","floor":11},{"not_picked":["Go for the Eyes+1","Compile Driver+1","Reprogram"],"picked":"SKIP","floor":14},{"not_picked":["Creative AI+1","Machine Learning+1"],"picked":"Echo Form+1","floor":16},{"not_picked":["Hologram","Auto Shields+1","Barrage+1"],"picked":"SKIP","floor":18},{"not_picked":["Stack","Redo","Barrage+1"],"picked":"SKIP","floor":25},{"not_picked":["Conserve Battery","White Noise","Sweeping Beam+1"],"picked":"SKIP","floor":27},{"not_picked":["Rebound+1","Fusion"],"picked":"Hologram+1","floor":29},{"not_picked":["Steam Power","Conserve Battery"],"picked":"Defragment+1","floor":30},{"not_picked":["Cold Snap+1","Hello World+1","Steam"],"picked":"SKIP","floor":35},{"not_picked":["Conserve Battery","Steam Power"],"picked":"Storm+1","floor":36},{"not_picked":["Streamline+1","Gash+1","Scrape+1"],"picked":"SKIP","floor":37},{"not_picked":["Go for the Eyes+1","Barrage+1","Leap+1"],"picked":"SKIP","floor":40},{"not_picked":["Sweeping Beam+1","Steam+1","Hologram+1"],"picked":"SKIP","floor":42},{"not_picked":["Leap+1","Genetic Algorithm+1","Redo"],"picked":"SKIP","floor":45},{"not_picked":["Redo+1","Fusion+1","Steam Power","Skim+1"],"picked":"SKIP","floor":47}],"player_experience":25904,"relics_obtained":[{"floor":7,"key":"Bottled Lightning"},{"floor":9,"key":"Molten Egg 2"},{"floor":14,"key":"Strawberry"},{"floor":22,"key":"Eternal Feather"},{"floor":26,"key":"Potion Belt"},{"floor":27,"key":"Toy Ornithopter"},{"floor":27,"key":"Darkstone Periapt"},{"floor":28,"key":"Dream Catcher"},{"floor":29,"key":"The Courier"},{"floor":29,"key":"Torii"},{"floor":40,"key":"Happy Flower"},{"floor":40,"key":"War Paint"},{"floor":41,"key":"Ice Cream"},{"floor":43,"key":"MawBank"}],"event_choices":[{"damage_healed":0,"gold_gain":0,"player_choice":"Donut","damage_taken":0,"max_hp_gain":5,"max_hp_loss":0,"event_name":"Big Fish","floor":2,"gold_loss":0},{"damage_healed":0,"gold_gain":0,"player_choice":"Take Damage","damage_taken":20,"relics_obtained":["Golden Idol"],"max_hp_gain":0,"max_hp_loss":0,"event_name":"Golden Idol","floor":3,"gold_loss":0},{"cards_removed":["Strike_B"],"damage_healed":0,"gold_gain":0,"player_choice":"Forget","damage_taken":0,"max_hp_gain":0,"max_hp_loss":0,"event_name":"Living Wall","floor":5,"gold_loss":0},{"cards_removed":["Strike_B"],"damage_healed":0,"gold_gain":0,"player_choice":"Card Removal","damage_taken":7,"max_hp_gain":0,"max_hp_loss":0,"event_name":"Golden Wing","floor":12,"gold_loss":0},{"damage_healed":0,"gold_gain":75,"player_choice":"Touch","damage_taken":8,"max_hp_gain":0,"max_hp_loss":0,"event_name":"FaceTrader","floor":20,"gold_loss":0},{"cards_removed":["Defend_B"],"damage_healed":0,"gold_gain":0,"player_choice":"Elegance","damage_taken":0,"max_hp_gain":0,"max_hp_loss":0,"event_name":"Back to Basics","floor":31,"gold_loss":0},{"damage_healed":0,"gold_gain":0,"player_choice":"Embrace Madness","damage_taken":12,"max_hp_gain":0,"max_hp_loss":0,"event_name":"Winding Halls","floor":39,"gold_loss":0,"cards_obtained":["Madness","Madness"]},{"damage_healed":0,"gold_gain":0,"player_choice":"Fight","damage_taken":0,"max_hp_gain":0,"max_hp_loss":0,"event_name":"MindBloom","floor":41,"gold_loss":0},{"cards_removed":["Zap"],"damage_healed":0,"gold_gain":0,"player_choice":"Purged","damage_taken":0,"max_hp_gain":0,"max_hp_loss":0,"event_name":"Purifier","floor":48,"gold_loss":0}],"is_beta":false,"boss_relics":[{"not_picked":["Pandora\u0027s Box","Nuclear Battery"],"picked":"Black Star"},{"not_picked":["Velvet Choker","Astrolabe"],"picked":"Coffee Dripper"}],"items_purged_floors":[8,10,19,21,24,38],"is_endless":false,"potions_floor_spawned":[1,7,11,27,33,40,41,42,45,47],"ascension_level":2}}