{"host":"soyfmymeou4emntr","time":1613261945,"event":{"mods":["BaseMod","Minty Spire (QoL Compilation)","Permanent Neow","Relic Sorter","Relic Stats","StSLib"],"gold_per_floor":[118,128,278,26,101,101,128,128,128,128,3,28,28,94,94,171,171,181,32,82,95,113,113,140,105,105,115,133,183,18,18,18],"floor_reached":31,"language":"ENG","playtime":2285,"items_purged":["Doubt","Strike_B","Strike_B"],"score":572,"play_id":"c797e40a-7012-4dd6-94c1-70c872617e48","local_time":"20210213171905","is_ascension_mode":true,"campfire_choices":[{"data":"Loop","floor":6.0,"key":"SMITH"},{"floor":10.0,"key":"REST"},{"data":"Defragment","floor":13.0,"key":"SMITH"},{"data":"Loop","floor":15.0,"key":"SMITH"},{"floor":23.0,"key":"REST"}],"circlet_count":0,"master_deck":["AscendersBane","Strike_B+1","Strike_B+1","Defend_B+1","Defend_B+1","Defend_B+1","Defend_B+1","Zap","Dualcast","Coolheaded","Barrage","Coolheaded","Loop+1","Defragment+1","Undo","Loop+1","Fission","Darkness","Cold Snap+1","Capacitor","Turbo+1","Leap+1","White Noise","BootSequence","Self Repair"],"relics":["Cracked Core","Membership Card","Akabeko","SsserpentHead","Bottled Tornado","Emotion Chip","Sozu","Bag of Preparation","Bird Faced Urn","StoneCalendar","MutagenicStrength","DataDisk"],"acts_visited":["Exordium","TheCity"],"potions_floor_usage":[31],"damage_taken":[{"damage":2.0,"enemies":"2 Louse","floor":1.0,"turns":3.0},{"damage":0.0,"enemies":"Small Slimes","floor":2.0,"turns":3.0},{"damage":20.0,"enemies":"Gremlin Nob","floor":7.0,"turns":5.0},{"damage":10.0,"enemies":"3 Sentries","floor":12.0,"turns":10.0},{"damage":0.0,"enemies":"Cultist","floor":14.0,"turns":2.0},{"damage":24.0,"enemies":"Slime Boss","floor":16.0,"turns":8.0},{"damage":18.0,"enemies":"Spheric Guardian","floor":18.0,"turns":5.0},{"damage":7.0,"enemies":"2 Thieves","floor":21.0,"turns":4.0},{"damage":7.0,"enemies":"Snake Plant","floor":22.0,"turns":3.0},{"damage":38.0,"enemies":"Slavers","floor":24.0,"turns":9.0},{"damage":4.0,"enemies":"3 Cultists","floor":27.0,"turns":4.0},{"damage":15,"enemies":"Snecko","floor":28,"turns":7},{"damage":28,"enemies":"Shelled Parasite and Fungi","floor":31,"turns":3}],"seed_played":"3278757255295527599","potions_obtained":[{"floor":1.0,"key":"SpeedPotion"},{"floor":2.0,"key":"GamblersBrew"},{"floor":16.0,"key":"FocusPotion"}],"is_trial":false,"path_per_floor":["M","M","?","$","?","R","E","?","T","R","$","E","R","M","R","B",null,"M","$","?","M","M","R","E","?","T","M","M","?","$","M"],"character_chosen":"DEFECT","items_purchased":["Membership Card","Loop","Defragment","EssenceOfDarkness","Bag of Preparation","DataDisk","BootSequence","Self Repair"],"campfire_rested":2,"item_purchase_floors":[4,4,11,11,19,30,30,30],"current_hp_per_floor":[62,62,62,62,51,51,31,31,31,52,52,42,42,42,42,18,58,40,40,40,33,26,47,9,9,9,13,6,6,6,0,0],"gold":18,"neow_bonus":"THREE_CARDS","is_daily":false,"chose_seed":false,"campfire_upgraded":3,"win_rate":0.0,"timestamp":1613261945,"path_taken":["M","M","?","$","?","R","E","?","T","R","$","E","R","?","R","BOSS","M","$","?","M","M","R","E","?","T","M","M","?","$","M"],"items_purchased_type":["Relic","Card","Card","Potion","Relic","Relic","Card","Card"],"build_version":"2020-12-22","purchased_purges":3,"victory":false,"max_hp_per_floor":[71,71,71,71,71,71,71,71,71,71,71,71,71,71,71,71,71,71,71,71,71,71,71,71,71,71,71,71,71,71,71,71],"relic_stats":{"Sozu":2,"SsserpentHead":200,"Emotion Chip":[29,12,11,6,0],"counters":[13,64],"Bird Faced Urn":[26],"StoneCalendar":[16],"Bag of Preparation":[12],"obtain_stats":[{"Sozu":17,"SsserpentHead":8,"Emotion Chip":12,"DataDisk":30,"Bird Faced Urn":24,"MutagenicStrength":29,"StoneCalendar":25,"Bag of Preparation":19,"Membership Card":4,"Bottled Tornado":9,"Cracked Core":0,"Akabeko":7},{"Sozu":6,"SsserpentHead":3,"Emotion Chip":4,"DataDisk":12,"Bird Faced Urn":10,"MutagenicStrength":12,"StoneCalendar":10,"Bag of Preparation":7,"Membership Card":2,"Bottled Tornado":3,"Cracked Core":0,"Akabeko":3},{"Sozu":30,"SsserpentHead":11,"Emotion Chip":21,"DataDisk":61,"Bird Faced Urn":50,"MutagenicStrength":61,"StoneCalendar":50,"Bag of Preparation":35,"Membership Card":6,"Bottled Tornado":11,"Cracked Core":0,"Akabeko":11}]},"card_choices":[{"not_picked":["Rebound","Beam Cell"],"picked":"Coolheaded","floor":0.0},{"not_picked":["Force Field","Beam Cell"],"picked":"Barrage","floor":1.0},{"not_picked":["Stack","Double Energy"],"picked":"Coolheaded","floor":2.0},{"not_picked":["Stack","Chaos","Rebound"],"picked":"SKIP","floor":7.0},{"not_picked":["Sweeping Beam","Ball Lightning"],"picked":"Undo","floor":12.0},{"not_picked":["Sweeping Beam","Scrape"],"picked":"Loop","floor":14.0},{"not_picked":["Hyperbeam","Amplify"],"picked":"Fission","floor":16.0},{"not_picked":["Rip and Tear","Go for the Eyes"],"picked":"Darkness","floor":18.0},{"not_picked":["Aggregate","Heatsinks"],"picked":"Cold Snap+1","floor":21.0},{"not_picked":["Stack","Fusion"],"picked":"Capacitor","floor":22.0},{"not_picked":["Conserve Battery","Stack"],"picked":"Turbo+1","floor":24.0},{"not_picked":["Gash","Steam+1"],"picked":"Leap+1","floor":27.0},{"not_picked":["Tempest","Conserve Battery"],"picked":"White Noise","floor":28}],"player_experience":3287031,"relics_obtained":[{"floor":7.0,"key":"Akabeko"},{"floor":9.0,"key":"Bottled Tornado"},{"floor":12.0,"key":"Emotion Chip"},{"floor":24.0,"key":"Bird Faced Urn"}],"event_choices":[{"damage_healed":0.0,"max_hp_gain":0.0,"max_hp_loss":0.0,"gold_gain":150.0,"event_name":"Liars Game","player_choice":"AGREE","floor":3.0,"gold_loss":0.0,"damage_taken":0.0,"cards_obtained":["Doubt"]},{"damage_healed":0.0,"max_hp_gain":0.0,"max_hp_loss":0.0,"gold_gain":75.0,"event_name":"World of Goop","player_choice":"Gather Gold","floor":5.0,"gold_loss":0.0,"damage_taken":11.0},{"damage_healed":0.0,"max_hp_gain":0.0,"max_hp_loss":0.0,"gold_gain":0.0,"event_name":"FaceTrader","player_choice":"Trade","floor":8.0,"gold_loss":0.0,"damage_taken":0.0,"relics_obtained":["SsserpentHead"]},{"damage_healed":0.0,"max_hp_gain":0.0,"max_hp_loss":0.0,"gold_gain":0.0,"event_name":"Back to Basics","player_choice":"Simplicity","floor":20.0,"gold_loss":0.0,"damage_taken":0.0,"cards_upgraded":["Strike_B","Strike_B","Defend_B","Defend_B","Defend_B","Defend_B"]},{"damage_healed":0.0,"max_hp_gain":0.0,"max_hp_loss":0.0,"gold_gain":0.0,"event_name":"Addict","player_choice":"Obtained Relic","floor":25.0,"gold_loss":85.0,"damage_taken":0.0,"relics_obtained":["StoneCalendar"]},{"damage_healed":0,"gold_gain":0,"player_choice":"Inject Mutagens","damage_taken":0,"relics_obtained":["MutagenicStrength"],"max_hp_gain":0,"max_hp_loss":0,"event_name":"Drug Dealer","floor":29,"gold_loss":0}],"is_beta":false,"boss_relics":[{"not_picked":["Snecko Eye","Philosopher\u0027s Stone"],"picked":"Sozu"}],"items_purged_floors":[4,11,19],"is_endless":false,"potions_floor_spawned":[1,2,16,18,22],"killed_by":"Shelled Parasite and Fungi","ascension_level":20}}