{"host":"8rqsnaeml9gxb0kp","time":1613278129,"event":{"mods":["AchievementEnabler","BaseMod","Dark Map","Minty Spire (QoL Compilation)","Relic Stats","Replay The Spire","StSLib","slay the spire mod where everything is the same but ironclad has a cowboy hat"],"gold_per_floor":[110,35,45,59,73,73,73,100,100,100,118,118,144,144,144,240,240,259,275,285,308,321,321,341,341,341,214,228,253,220,220,220,317,317,333,348,167,167,217,217,243,243,243,243,256,268,282,314,314,314,314],"floor_reached":50,"language":"ENG","playtime":4089,"items_purged":["Replay:Hysterical Blindness"],"score":602,"play_id":"8734c536-4889-409a-a1f7-f5cb7c72de31","local_time":"20210213204849","is_ascension_mode":false,"campfire_choices":[{"data":"Bash","floor":6.0,"key":"SMITH"},{"data":"Demon Form","floor":10.0,"key":"SMITH"},{"data":"Cleave","floor":12.0,"key":"SMITH"},{"floor":15.0,"key":"REST"},{"data":"Berserk","floor":23.0,"key":"SMITH"},{"data":"True Grit","floor":25.0,"key":"SMITH"},{"data":"Demon Form","floor":32.0,"key":"SMITH"},{"data":"Limit Break","floor":40.0,"key":"SMITH"},{"floor":42,"key":"REST"},{"floor":49,"key":"REST"}],"circlet_count":0,"master_deck":["Bash+1","Headbutt","Cleave+1","Thunderclap","Demon Form+1","Clothesline+1","Inflame","Double Tap+1","Sword Boomerang","Wild Strike","Reaper","Berserk+1","Shockwave+1","Massacre","Ghostly Armor","True Grit+1","Flame Barrier","Heavy Blade","Clothesline","Run Through","True Grit+1","Power Through","Shrug It Off","Shrug It Off","Demon Form+1","Pommel Strike+1","Double Tap","Flame Barrier","Limit Break+1","Flex+1","Sword Boomerang+1","ReplayTheSpireMod:Limb From Limb","Heavy Blade+1","Heavy Blade+1","Pot Of Greed","Pot Of Greed","Pot Of Greed","Bludgeon","Clothesline+1","Pot Of Greed","Parasite","Heavy Blade+1","ReplayTheSpireMod:Splinters"],"relics":["Burning Blood","Magic Flower","Peace Pipe","Thread and Needle","Matryoshka","Pandora\u0027s Box","Bag of Preparation","Ancient Tea Set","War Paint","Blue Candle","Charon\u0027s Ashes","Velvet Choker","Blue Doll","Du-Vu Doll","Bronze Scales","Grinning Jar","Unceasing Top"],"acts_visited":["Exordium","TheCity","TheBeyond"],"potions_floor_usage":[41,47],"damage_taken":[{"damage":6.0,"enemies":"Cultist","floor":1.0,"turns":3.0},{"damage":11.0,"enemies":"Jaw Worm","floor":3.0,"turns":4.0},{"damage":0.0,"enemies":"2 Louse","floor":4.0,"turns":2.0},{"damage":12.0,"enemies":"2 Fungi Beasts","floor":5.0,"turns":3.0},{"damage":31.0,"enemies":"Lagavulin","floor":8.0,"turns":6.0},{"damage":20.0,"enemies":"Exordium Wildlife","floor":11.0,"turns":4.0},{"damage":5.0,"enemies":"3 Sentries","floor":13.0,"turns":4.0},{"damage":45.0,"enemies":"The Guardian","floor":16.0,"turns":9.0},{"damage":25.0,"enemies":"Spheric Guardian","floor":18.0,"turns":5.0},{"damage":19.0,"enemies":"2 Thieves","floor":19.0,"turns":4.0},{"damage":24.0,"enemies":"Cultist and Chosen","floor":20.0,"turns":5.0},{"damage":24.0,"enemies":"3 Cultists","floor":22.0,"turns":4.0},{"damage":7.0,"enemies":"Snecko","floor":24.0,"turns":3.0},{"damage":0.0,"enemies":"Cultist and Chosen","floor":28.0,"turns":4.0},{"damage":25.0,"enemies":"Slavers","floor":29.0,"turns":8.0},{"damage":68.0,"enemies":"Automaton","floor":33.0,"turns":13.0},{"damage":10.0,"enemies":"Orb Walker","floor":35.0,"turns":4.0},{"damage":22.0,"enemies":"3 Darklings","floor":36.0,"turns":5.0},{"damage":0.0,"enemies":"Mind Bloom Boss Battle","floor":39.0,"turns":3.0},{"damage":60,"enemies":"Reptomancer","floor":41,"turns":5},{"damage":45,"enemies":"Transient","floor":45,"turns":5},{"damage":26,"enemies":"Maw","floor":46,"turns":9},{"damage":11,"enemies":"Writhing Mass","floor":47,"turns":8},{"damage":70,"enemies":"Replay:Hell Engine","floor":50,"turns":7}],"seed_played":"8392259490738280426","potions_obtained":[{"floor":1.0,"key":"DistilledChaos"},{"floor":3.0,"key":"Ancient Potion"},{"floor":8.0,"key":"Languid Potion"},{"floor":19.0,"key":"Energy Potion"},{"floor":22.0,"key":"EssenceOfSteel"},{"floor":24.0,"key":"BloodPotion"},{"floor":28.0,"key":"Block Potion"},{"floor":36.0,"key":"Venom Potion"},{"floor":45,"key":"Toxic Potion"},{"floor":46,"key":"ColorlessPotion"}],"is_trial":false,"path_per_floor":["M","$","M","M","M","R","?","E","T","R","M","R","E","?","R","B",null,"M","M","M","T","M","R","M","R","T","$","M","E","$","?","R","B",null,"M","M","$","?","?","R","E","R","T","?","M","M","M","?","R","B"],"character_chosen":"IRONCLAD","items_purchased":["Power Through","Shrug It Off","Pommel Strike+1","Blue Doll","ReplayTheSpireMod:Limb From Limb"],"campfire_rested":3,"item_purchase_floors":[27,27,30,37,37],"current_hp_per_floor":[80,80,78,80,77,77,77,55,55,55,44,44,48,48,72,36,80,70,60,45,45,73,73,75,75,75,75,80,80,80,80,80,21,80,80,67,67,67,80,80,53,77,77,77,41,38,36,36,60,0,0],"gold":314,"neow_bonus":"ONE_RARE_RELIC","is_daily":false,"chose_seed":false,"campfire_upgraded":7,"win_rate":0.0,"timestamp":1613278129,"path_taken":["M","$","M","M","M","R","?","E","T","R","?","R","E","?","R","BOSS","M","M","M","?","?","R","M","R","T","$","M","E","$","?","R","BOSS","M","M","$","?","?","R","E","R","T","?","M","?","M","?","R","BOSS"],"items_purchased_type":["Card","Card","Card","Relic","Card"],"build_version":"2020-12-22","purchased_purges":1,"victory":false,"max_hp_per_floor":[80,80,80,80,80,80,80,80,80,80,80,80,80,80,80,80,80,80,80,80,80,80,80,80,80,80,80,80,80,80,80,80,80,80,80,80,80,80,80,80,80,80,80,80,80,80,80,80,80,80,80],"relic_stats":{"Peace Pipe":0,"counters":[24,127],"Blue Candle":[1],"Bronze Scales":[86],"Magic Flower":[84],"Pandora\u0027s Box":["Sword Boomerang","Wild Strike","Reaper","Berserk","Shockwave","Wild Strike","Massacre","Ghostly Armor","True Grit"],"Charon\u0027s Ashes":[106],"Bag of Preparation":[26],"War Paint":["Double Tap","Shockwave"],"obtain_stats":[{"Blue Candle":26,"Magic Flower":0,"Velvet Choker":34,"Thread and Needle":9,"Blue Doll":37,"Charon\u0027s Ashes":29,"Bag of Preparation":21,"War Paint":26,"Ancient Tea Set":21,"Burning Blood":0,"Peace Pipe":8,"Du-Vu Doll":39,"Matryoshka":13,"Bronze Scales":41,"Pandora\u0027s Box":17,"Grinning Jar":43,"Unceasing Top":48},{"Blue Candle":13,"Magic Flower":0,"Velvet Choker":16,"Thread and Needle":5,"Blue Doll":18,"Charon\u0027s Ashes":15,"Bag of Preparation":11,"War Paint":13,"Ancient Tea Set":11,"Burning Blood":0,"Peace Pipe":5,"Du-Vu Doll":19,"Matryoshka":7,"Bronze Scales":20,"Pandora\u0027s Box":8,"Grinning Jar":20,"Unceasing Top":23},{"Blue Candle":56,"Magic Flower":0,"Velvet Choker":81,"Thread and Needle":18,"Blue Doll":90,"Charon\u0027s Ashes":68,"Bag of Preparation":49,"War Paint":56,"Ancient Tea Set":49,"Burning Blood":0,"Peace Pipe":18,"Du-Vu Doll":93,"Matryoshka":26,"Bronze Scales":98,"Pandora\u0027s Box":35,"Grinning Jar":98,"Unceasing Top":120}],"Burning Blood":166,"Unceasing Top":[1]},"card_choices":[{"not_picked":["Twin Strike","Dark Embrace"],"picked":"Headbutt","floor":1.0},{"not_picked":["Intimidate","Reckless Charge"],"picked":"ReplayTheSpireMod:Strike From Hell","floor":3.0},{"not_picked":["True Grit","ReplayTheSpireMod:Muscle Training"],"picked":"Cleave","floor":4.0},{"not_picked":["Sever Soul","Replay:Undeath\u0027s Touch"],"picked":"Thunderclap","floor":5.0},{"not_picked":["Brutality","Anger"],"picked":"Demon Form","floor":8.0},{"not_picked":["Sever Soul","Iron Wave"],"picked":"Clothesline","floor":11.0},{"not_picked":["Flex","Body Slam"],"picked":"Inflame","floor":13.0},{"not_picked":["Feed","Demon Form"],"picked":"Double Tap","floor":16.0},{"not_picked":["Havoc+1","Disarm"],"picked":"Flame Barrier","floor":18.0},{"not_picked":["Twin Strike","Clash"],"picked":"Heavy Blade","floor":19.0},{"not_picked":["Searing Blow","ReplayTheSpireMod:Strike From Hell"],"picked":"Clothesline","floor":20.0},{"not_picked":["Rupture","Clash"],"picked":"Run Through","floor":22.0},{"not_picked":["Replay:Undeath\u0027s Touch","Body Slam+1"],"picked":"True Grit+1","floor":24.0},{"not_picked":["True Grit","Run Through"],"picked":"Shrug It Off","floor":28.0},{"not_picked":["Disarm","Warcry"],"picked":"Demon Form","floor":29.0},{"not_picked":["Exhume","Brutality"],"picked":"Limit Break","floor":33.0},{"not_picked":["ReplayTheSpireMod:Strike From Hell+1","Headbutt"],"picked":"Flex+1","floor":35.0},{"not_picked":["Run Through+1","Brutality"],"picked":"Sword Boomerang+1","floor":36.0},{"not_picked":["Armaments","Run Through+1"],"picked":"Heavy Blade+1","floor":39.0},{"not_picked":["Shockwave","Uppercut"],"picked":"Heavy Blade+1","floor":41},{"not_picked":["Run Through+1","Combust+1","Rupture"],"picked":"SKIP","floor":45},{"not_picked":["Shrug It Off","Thunderclap+1"],"picked":"Clothesline+1","floor":46},{"not_picked":["Twin Strike","Corruption"],"picked":"Heavy Blade+1","floor":47}],"player_experience":219354,"relics_obtained":[{"floor":8.0,"key":"Peace Pipe"},{"floor":9.0,"key":"Thread and Needle"},{"floor":13.0,"key":"Matryoshka"},{"floor":21.0,"key":"Bag of Preparation"},{"floor":21.0,"key":"Ancient Tea Set"},{"floor":26.0,"key":"War Paint"},{"floor":26.0,"key":"Blue Candle"},{"floor":29.0,"key":"Charon\u0027s Ashes"},{"floor":39.0,"key":"Du-Vu Doll"},{"floor":41,"key":"Bronze Scales"},{"floor":43,"key":"Grinning Jar"},{"floor":48,"key":"Unceasing Top"}],"event_choices":[{"damage_healed":0.0,"max_hp_gain":0.0,"max_hp_loss":0.0,"gold_gain":0.0,"event_name":"NoteForYourself","player_choice":"Ignored","floor":7.0,"gold_loss":0.0,"damage_taken":0.0},{"damage_healed":0.0,"max_hp_gain":0.0,"max_hp_loss":0.0,"gold_gain":0.0,"event_name":"Upgrade Shrine","player_choice":"Upgraded","floor":14.0,"gold_loss":0.0,"damage_taken":0.0,"cards_upgraded":["Clothesline"]},{"damage_healed":0.0,"max_hp_gain":0.0,"max_hp_loss":0.0,"gold_gain":0.0,"cards_transformed":["ReplayTheSpireMod:Strike From Hell","Wild Strike"],"event_name":"Drug Dealer","player_choice":"Became Test Subject","floor":31.0,"gold_loss":0.0,"damage_taken":0.0,"cards_obtained":["Double Tap","Flame Barrier"]},{"damage_healed":0.0,"max_hp_gain":0.0,"max_hp_loss":0.0,"gold_gain":0.0,"event_name":"Tomb of Lord Red Mask","player_choice":"Ignored","floor":38.0,"gold_loss":0.0,"damage_taken":0.0},{"damage_healed":0.0,"max_hp_gain":0.0,"max_hp_loss":0.0,"gold_gain":0.0,"event_name":"MindBloom","player_choice":"Fight","floor":39.0,"gold_loss":0.0,"damage_taken":0.0},{"damage_healed":0,"gold_gain":0,"player_choice":"1 cards matched","damage_taken":0,"max_hp_gain":0,"max_hp_loss":0,"event_name":"Match and Keep!","floor":44,"gold_loss":0,"cards_obtained":["Bludgeon"]}],"is_beta":false,"boss_relics":[{"not_picked":["Coffee Dripper","Cursed Key"],"picked":"Pandora\u0027s Box"},{"not_picked":["Busted Crown","SacredBark"],"picked":"Velvet Choker"}],"items_purged_floors":[2],"is_endless":false,"potions_floor_spawned":[1,3,8,19,22,24,28,36,45,46],"killed_by":"Replay:Hell Engine","ascension_level":0}}