{"host":"mr1ctipv0dcr6y8g","time":1613338680,"event":{"mods":["BaseMod","Beaked The Cultist","DeckTracker","Downfall","Energized Spire","Minty Spire (QoL Compilation)","READ ME - Guardian Mod","Shop Mod","StSLib","The Construct"],"gold_per_floor":[114,114,189,15,31,31,59,59,59,79,91,16,50,50,50,152,152,171,351,44,58,58,85,85,102,102,102,135,161,161,176,176,275,275,290,290,62,79,95,95,122,133,158,158,158,187,187,187,187,187,187,187,87,121,121],"floor_reached":56,"language":"ENG","playtime":3531,"items_purged":["Guardian:Strike_Guardian","Guardian:CurlUp"],"score":1193,"play_id":"000b849b-baaa-4c14-918f-f3821afdc0eb","local_time":"20210214143800","daily_mods":["Heirloom","Time Dilation","Flight","downfall:Jewelcrafting"],"is_ascension_mode":false,"campfire_choices":[{"data":"Guardian:ShieldSpikes","floor":6.0,"key":"SMITH"},{"floor":8.0,"key":"REST"},{"floor":15.0,"key":"REST"},{"floor":24,"key":"REST"},{"floor":30,"key":"REST"},{"data":"Guardian:SentryBeam","floor":32,"key":"SMITH"},{"data":"beaked:AwakenedForm","floor":40,"key":"SMITH"},{"data":"Guardian:FierceBash","floor":47,"key":"SMITH"},{"floor":49,"key":"RECALL"},{"data":"Guardian:Emergency","floor":52,"key":"SMITH"}],"circlet_count":0,"master_deck":["Guardian:Defend_Guardian","Guardian:Defend_Guardian","Guardian:Defend_Guardian","Guardian:Defend_Guardian","Guardian:TwinSlam","Guardian:ExploitGems","Guardian:ExploitGems","Guardian:Planning","Guardian:ShieldSpikes+1","Guardian:BaubleBeam","Guardian:Incinerate+1","Guardian:GemFire","beaked:AwakenedForm+1","Guardian:Reroute+1","Guardian:ArmoredProtocol","Guardian:PrismaticBeam+1","Guardian:ExploitGems","Guardian:SentryBeam+1","Guardian:GatlingBeam","Guardian:ShieldCharger+1","Guardian:StasisEngine+1","Guardian:FastForward+1","Guardian:Incinerate+1","Guardian:Suspension+1","Guardian:CrystalBeam","Guardian:ChargeCore","Guardian:FierceBash+1","Guardian:Emergency+1","Guardian:Clone"],"relics":["Guardian:ModeShifter","Guardian:PickAxe","Lizard Tail","ClockworkSouvenir","Sundial","Omamori","Slimebound:StickyStick","beaked:SacredDeck","Guardian:BottledStasis","Strawberry","sneckomod:BlankCard","Frozen Egg 2","Pear","Pantograph","Astrolabe","Guardian:PickAxe","Whetstone","Meat on the Bone","Bird Faced Urn"],"acts_visited":["Exordium","TheCity","TheBeyond","TheEnding"],"potions_floor_usage":[22,29,38,39,48,55],"damage_taken":[{"damage":1.0,"enemies":"Jaw Worm","floor":1.0,"turns":5.0},{"damage":0.0,"enemies":"Small Slimes","floor":5.0,"turns":3.0},{"damage":30.0,"enemies":"3 Sentries","floor":7.0,"turns":12.0},{"damage":1.0,"enemies":"Cultist","floor":10.0,"turns":3.0},{"damage":0.0,"enemies":"Blue Slaver","floor":11.0,"turns":4.0},{"damage":38.0,"enemies":"Gremlin Nob","floor":13.0,"turns":6.0},{"damage":14,"enemies":"Hexaghost","floor":16,"turns":7},{"damage":13,"enemies":"3 Byrds","floor":18,"turns":5},{"damage":6,"enemies":"Chosen","floor":21,"turns":5},{"damage":0,"enemies":"3 Cultists","floor":22,"turns":2},{"damage":22,"enemies":"Slavers","floor":23,"turns":3},{"damage":5,"enemies":"Centurion and Healer","floor":25,"turns":5},{"damage":12,"enemies":"Book of Stabbing","floor":28,"turns":2},{"damage":22,"enemies":"Slavers","floor":29,"turns":4},{"damage":0,"enemies":"Sentry and Sphere","floor":31,"turns":3},{"damage":49,"enemies":"Collector","floor":33,"turns":14},{"damage":10,"enemies":"3 Darklings","floor":35,"turns":3},{"damage":7,"enemies":"3 Shapes","floor":38,"turns":2},{"damage":16,"enemies":"Transient","floor":39,"turns":5},{"damage":0,"enemies":"Spire Growth","floor":42,"turns":3},{"damage":20,"enemies":"Nemesis","floor":46,"turns":5},{"damage":0,"enemies":"Writhing Mass","floor":48,"turns":1},{"damage":54,"enemies":"Time Eater","floor":50,"turns":8},{"damage":38,"enemies":"Shield and Spear","floor":54,"turns":3},{"damage":38,"enemies":"The Heart","floor":55,"turns":6}],"seed_played":"-803686408422283731","potions_obtained":[{"floor":13.0,"key":"SmokeBomb"},{"floor":16,"key":"sneckomod:MuddlingPotion"},{"floor":18,"key":"champ:CounterPotion"},{"floor":28,"key":"Weak Potion"},{"floor":29,"key":"Strength Potion"},{"floor":33,"key":"Block Potion"},{"floor":35,"key":"Slimebound:ThreeZeroPotion"},{"floor":39,"key":"SmokeBomb"}],"is_trial":true,"path_per_floor":["M","?","?","$","M","R","E","R","T","M","M","$","E","$","R","B",null,"M","?","$","M","M","E","R","M","T","?","E","E","R","M","R","B",null,"M","?","$","M","M","R","T","M","T","?","?","E","R","M","R","B",null,"R","$","E","B",null],"character_chosen":"GUARDIAN","items_purchased":["ClockworkSouvenir","Guardian:Planning","Guardian:BottledStasis","Strawberry","Guardian:PickAxe","Guardian:Gem_Green","Guardian:CrystalBeam"],"campfire_rested":4,"item_purchase_floors":[4,4,20,20,37,37,37],"current_hp_per_floor":[79,73,62,62,62,62,32,56,56,55,55,55,17,17,41,27,80,67,48,55,49,49,27,53,48,48,48,46,24,53,53,53,29,97,87,92,92,85,69,69,69,69,69,69,69,49,49,49,49,32,92,92,92,54,47],"gold":121,"neow_bonus":"","is_daily":false,"chose_seed":false,"campfire_upgraded":5,"win_rate":0.0,"timestamp":1613338680,"path_taken":["M","?","?","$","M","R","E","R","T","M","M","$","E","?","R","BOSS","M","?","$","?","M","E","R","M","T","?","E","E","R","?","R","BOSS","M","?","$","M","?","R","?","M","T","?","?","E","R","M","R","BOSS","R","$","E","BOSS"],"items_purchased_type":["Relic","Card","Relic","Relic","Relic","Card","Card"],"build_version":"2020-12-22","purchased_purges":2,"victory":true,"max_hp_per_floor":[80,80,80,80,80,80,80,80,80,80,80,80,80,80,80,80,80,80,80,87,87,87,87,87,87,87,87,97,97,97,97,97,97,97,97,97,97,97,97,97,97,97,97,97,92,92,92,92,92,92,92,92,92,92,92],"card_choices":[{"not_picked":["Guardian:Incinerate","Guardian:Gem_Lightblue"],"picked":"Guardian:Suspension","floor":1.0},{"not_picked":["Guardian:ArmoredProtocol","Guardian:Gem_Green"],"picked":"Guardian:ShieldSpikes","floor":5.0},{"not_picked":["Guardian:PiercingHide","Guardian:ShieldSpikes"],"picked":"Guardian:BaubleBeam","floor":7.0},{"not_picked":["Guardian:ChargeCore","Guardian:Gem_Blue"],"picked":"Guardian:Incinerate","floor":10.0},{"not_picked":["Guardian:FloatingOrbs","Guardian:Emergency"],"picked":"Guardian:Gem_Red","floor":11.0},{"not_picked":["Guardian:Reroute","Guardian:Gem_Purple"],"picked":"Guardian:Gem_Red","floor":13.0},{"not_picked":["Guardian:SphericShield","Guardian:StasisEngine"],"picked":"Guardian:GemFire","floor":16},{"not_picked":["Guardian:Gem_Lightblue","Guardian:GuardianWhirl+1"],"picked":"Guardian:Reroute","floor":18},{"not_picked":["Guardian:BodySlam","Guardian:RefractedBeam"],"picked":"Guardian:ArmoredProtocol","floor":21},{"not_picked":["Guardian:Gem_Cyan","Guardian:CrystalBeam+1"],"picked":"Guardian:PrismaticBeam+1","floor":23},{"not_picked":["Guardian:VentSteam","Guardian:Gem_Lightblue","Guardian:Gem_Cyan"],"picked":"SKIP","floor":25},{"not_picked":["Guardian:ShieldCharger","Guardian:Gem_Cyan"],"picked":"Guardian:SentryBeam","floor":28},{"not_picked":["Guardian:CrystalBeam","Guardian:Gem_Lightblue"],"picked":"Guardian:GatlingBeam","floor":29},{"not_picked":["Guardian:Gem_Red","Guardian:TemporalShield"],"picked":"Guardian:ShieldCharger+1","floor":31},{"not_picked":["Guardian:FastForward","Guardian:StasisField"],"picked":"Guardian:StasisEngine+1","floor":33},{"not_picked":["Guardian:Harden+1","Guardian:RollAttack+1","Guardian:Recover+1"],"picked":"SKIP","floor":35},{"not_picked":["Guardian:Gem_White","Guardian:Recover+1"],"picked":"Guardian:Gem_Green","floor":38},{"not_picked":["Guardian:TimeBomb+1","Guardian:TemporalStrike"],"picked":"Guardian:ChargeCore","floor":39},{"not_picked":["Guardian:ChargeCore+1","Guardian:Gem_Crimson"],"picked":"Guardian:FierceBash","floor":42},{"not_picked":["Guardian:Reroute","Guardian:BodySlam+1"],"picked":"Guardian:Emergency","floor":46},{"not_picked":["Guardian:Gem_Lightblue","Guardian:Gem_Red"],"picked":"Guardian:Clone","floor":54}],"player_experience":1739962,"relics_obtained":[{"floor":7.0,"key":"Sundial"},{"floor":9.0,"key":"Omamori"},{"floor":13.0,"key":"Slimebound:StickyStick"},{"floor":23,"key":"sneckomod:BlankCard"},{"floor":26,"key":"Frozen Egg 2"},{"floor":28,"key":"Pear"},{"floor":29,"key":"Pantograph"},{"floor":43,"key":"Whetstone"},{"floor":46,"key":"Meat on the Bone"},{"floor":54,"key":"Bird Faced Urn"}],"event_choices":[{"damage_healed":0.0,"max_hp_gain":0.0,"max_hp_loss":0.0,"gold_gain":75.0,"event_name":"World of Goop","player_choice":"Gather Gold","floor":3.0,"gold_loss":0.0,"damage_taken":11.0},{"damage_healed":0,"gold_gain":180,"player_choice":"GOLD GOLD ","damage_taken":19,"max_hp_gain":0,"max_hp_loss":0,"event_name":"Knowing Skull","floor":19,"potions_obtained":[],"gold_loss":0,"cards_obtained":[]},{"damage_healed":0,"gold_gain":0,"player_choice":"Copied","damage_taken":0,"max_hp_gain":0,"max_hp_loss":0,"event_name":"Duplicator","floor":27,"gold_loss":0,"cards_obtained":["Guardian:ExploitGems"]},{"cards_removed":["Guardian:Suspension"],"damage_healed":5,"gold_gain":0,"player_choice":"Offered Common","damage_taken":0,"max_hp_gain":0,"max_hp_loss":0,"event_name":"Bonfire Elementals","floor":36,"gold_loss":0},{"cards_removed":["Guardian:Suspension"],"damage_healed":5,"gold_gain":0,"player_choice":"Offered Special","damage_taken":0,"max_hp_gain":0,"max_hp_loss":0,"event_name":"Bonfire Elementals","floor":36,"gold_loss":0},{"damage_healed":0,"gold_gain":0,"player_choice":"Ignored","damage_taken":0,"max_hp_gain":0,"max_hp_loss":0,"event_name":"Tomb of Lord Red Mask","floor":44,"gold_loss":0},{"damage_healed":0,"gold_gain":0,"player_choice":"Max HP","damage_taken":0,"max_hp_gain":0,"max_hp_loss":5,"event_name":"Winding Halls","floor":45,"gold_loss":0}],"is_beta":false,"boss_relics":[{"not_picked":["sneckomod:SneckoTalon","Velvet Choker"],"picked":"beaked:SacredDeck"},{"not_picked":["energizedSpire:StickyHand","Runic Dome"],"picked":"Astrolabe"}],"items_purged_floors":[12,53],"is_endless":false,"potions_floor_spawned":[13,16,18,28,29,31,33,35,39,48],"ascension_level":0}}