{"host":"rmsq46plbpwfbxcc","time":1613305765,"event":{"mods":["AchievementEnabler","BaseMod","Colored Map","Colored Powertips","DeckTracker","KOR Keyword Fix","Minty Spire (QoL Compilation)","Permanent Neow","Quick Restart","SuperFastMode"],"gold_per_floor":[119,69,69,88,100,100,112,112,139,174,184,210,210,223,223,325,325,335,347,400,400,411,411,429,461,461,461,461],"floor_reached":27,"language":"KOR","playtime":724,"items_purged":[],"score":331,"play_id":"f2d1aa6d-4340-44f3-9b2e-26736035ff3e","local_time":"20210214212925","is_ascension_mode":true,"campfire_choices":[{"data":"Neutralize","floor":6,"key":"SMITH"},{"data":"Terror","floor":8,"key":"SMITH"},{"data":"Dash","floor":15,"key":"SMITH"},{"data":"Well Laid Plans","floor":23,"key":"SMITH"}],"circlet_count":0,"master_deck":["Strike_G","Strike_G","Strike_G","Defend_G+1","Defend_G+1","Defend_G","Survivor","Neutralize+1","CurseOfTheBell","Backstab","Terror+1","PiercingWail","Dash+1","Tactician","Burst","Masterful Stab+1","Backstab+1","Unload+1","Escape Plan+1","Well Laid Plans+1","Backflip"],"relics":["Calling Bell","Tiny Chest","Mummified Hand","Torii","Akabeko","War Paint","Ginger","Pear","Astrolabe","Boot","Bag of Marbles","StoneCalendar"],"acts_visited":["Exordium","TheCity"],"potions_floor_usage":[10,16,16,19,22,24],"damage_taken":[{"damage":1,"enemies":"2 Louse","floor":1,"turns":3},{"damage":0,"enemies":"Jaw Worm","floor":4,"turns":5},{"damage":1,"enemies":"Small Slimes","floor":5,"turns":5},{"damage":0,"enemies":"2 Fungi Beasts","floor":7,"turns":3},{"damage":24,"enemies":"Gremlin Nob","floor":10,"turns":4},{"damage":0,"enemies":"Large Slime","floor":11,"turns":4},{"damage":15,"enemies":"3 Sentries","floor":12,"turns":13},{"damage":0,"enemies":"3 Louse","floor":14,"turns":3},{"damage":1,"enemies":"The Guardian","floor":16,"turns":15},{"damage":0,"enemies":"3 Byrds","floor":18,"turns":5},{"damage":1,"enemies":"Shell Parasite","floor":19,"turns":3},{"damage":3,"enemies":"Snake Plant","floor":22,"turns":2},{"damage":28,"enemies":"Snecko","floor":24,"turns":5},{"damage":22,"enemies":"Slavers","floor":25,"turns":7},{"damage":28,"enemies":"Gremlin Leader","floor":27,"turns":4}],"seed_played":"-2912568089987220907","potions_obtained":[{"floor":4,"key":"SkillPotion"},{"floor":7,"key":"EntropicBrew"},{"floor":11,"key":"Dexterity Potion"},{"floor":16,"key":"Weak Potion"},{"floor":19,"key":"SpeedPotion"}],"is_trial":false,"path_per_floor":["M","?","?","M","M","R","M","R","T","E","M","E","T","M","R","B",null,"M","M","T","?","M","R","M","E","T","E"],"character_chosen":"THE_SILENT","items_purchased":[],"campfire_rested":0,"item_purchase_floors":[],"current_hp_per_floor":[69,69,74,74,73,73,73,73,73,49,49,34,44,44,44,43,75,75,74,74,74,71,71,43,21,21,0,0],"gold":461,"neow_bonus":"BOSS_RELIC","is_daily":false,"chose_seed":false,"campfire_upgraded":4,"win_rate":0.0,"timestamp":1613305765,"path_taken":["M","?","?","M","M","R","M","R","T","E","M","E","?","M","R","BOSS","M","M","?","?","M","R","M","E","T","E"],"items_purchased_type":[],"build_version":"2020-12-22","purchased_purges":0,"victory":false,"max_hp_per_floor":[70,70,75,75,75,75,75,75,75,75,75,75,85,85,85,85,85,85,85,85,85,85,85,85,85,85,85,85],"card_choices":[{"not_picked":["Tactician","Quick Slash","Prepared"],"picked":"SKIP","floor":1},{"not_picked":["Deflect","Bane","Dagger Throw"],"picked":"SKIP","floor":4},{"not_picked":["Eviscerate","Slice"],"picked":"Backstab","floor":5},{"not_picked":["Backflip","Tools of the Trade"],"picked":"Terror","floor":7},{"not_picked":["Underhanded Strike","Dagger Throw","Outmaneuver"],"picked":"SKIP","floor":10},{"not_picked":["Quick Slash","Escape Plan"],"picked":"PiercingWail","floor":11},{"not_picked":["Backflip","Quick Slash"],"picked":"Dash","floor":12},{"not_picked":["Deadly Poison","Dagger Throw"],"picked":"Tactician","floor":14},{"not_picked":["Venomology","Tools of the Trade"],"picked":"Burst","floor":16},{"not_picked":["Prepared","Well Laid Plans"],"picked":"Escape Plan+1","floor":18},{"not_picked":["Reflex","PiercingWail+1"],"picked":"Well Laid Plans","floor":19},{"not_picked":["Outmaneuver","Acrobatics"],"picked":"Backflip","floor":22},{"not_picked":["Dagger Spray","Deflect","Poisoned Stab"],"picked":"SKIP","floor":24},{"not_picked":["Prepared+1","Dagger Spray","Unload"],"picked":"SKIP","floor":25}],"player_experience":641884,"relics_obtained":[{"floor":0,"key":"Tiny Chest"},{"floor":0,"key":"Mummified Hand"},{"floor":0,"key":"Torii"},{"floor":9,"key":"Akabeko"},{"floor":10,"key":"War Paint"},{"floor":12,"key":"Ginger"},{"floor":13,"key":"Pear"},{"floor":20,"key":"Boot"},{"floor":25,"key":"Bag of Marbles"},{"floor":26,"key":"StoneCalendar"}],"event_choices":[{"cards_removed":["Defend_G"],"damage_healed":0,"gold_gain":0,"player_choice":"Card Removal","damage_taken":0,"max_hp_gain":0,"max_hp_loss":0,"event_name":"The Cleric","floor":2,"gold_loss":50},{"damage_healed":0,"gold_gain":0,"player_choice":"Donut","damage_taken":0,"max_hp_gain":5,"max_hp_loss":0,"event_name":"Big Fish","floor":3,"gold_loss":0},{"damage_healed":0,"gold_gain":0,"player_choice":"Ignored","damage_taken":0,"max_hp_gain":0,"max_hp_loss":0,"event_name":"Vampires","floor":21,"gold_loss":0}],"is_beta":false,"boss_relics":[{"not_picked":["Ectoplasm","Runic Dome"],"picked":"Astrolabe"}],"items_purged_floors":[],"is_endless":false,"potions_floor_spawned":[4,7,11,16,18,19],"killed_by":"Gremlin Leader","ascension_level":5}}