{"host":"0awa854l6bexpjrv","time":1613279644,"event":{"mods":["BaseMod","Block Reminder","Colored Map","Colored Powertips","Downfall","Highlight Path","Minty Spire (QoL Compilation)","Quick Restart","Rare Cards Sparkle","StSLib","SuperFastMode"],"gold_per_floor":[110,110,110,37,37,64,83,83,83,8,8,8,27,27,27,123,123,139,149,167,167,167,167],"floor_reached":22,"language":"ENG","playtime":725,"items_purged":["Strike_G"],"score":238,"play_id":"5c59ffaa-cdec-4a1f-8eca-81458a596ced","local_time":"20210213211404","is_ascension_mode":true,"campfire_choices":[{"floor":8.0,"key":"REST"},{"data":"Corpse Explosion","floor":12.0,"key":"SMITH"},{"floor":15.0,"key":"REST"}],"circlet_count":0,"master_deck":["Strike_G+1","Defend_G","Defend_G","Defend_G","Defend_G","Defend_G","Survivor+1","Neutralize","Leg Sweep+1","Corpse Explosion+1","Blur","Riddle With Holes","Acrobatics","Adrenaline","Prepared+1","Noxious Fumes","Concentrate","Blade Dance","Skewer"],"relics":["Ring of the Serpent","NeowsBlessing","InkBottle","Blue Candle","Matryoshka"],"acts_visited":["Exordium","TheCity"],"potions_floor_usage":[],"damage_taken":[{"damage":0.0,"enemies":"2 Louse","floor":1.0,"turns":1.0},{"damage":10.0,"enemies":"3 Sentries","floor":6.0,"turns":2.0},{"damage":0.0,"enemies":"Small Slimes","floor":7.0,"turns":1.0},{"damage":7.0,"enemies":"Jaw Worm","floor":13.0,"turns":5.0},{"damage":25.0,"enemies":"The Guardian","floor":16.0,"turns":11.0},{"damage":2.0,"enemies":"Chosen","floor":18.0,"turns":6.0},{"damage":27,"enemies":"3 Byrds","floor":19,"turns":4},{"damage":32,"enemies":"3 Cultists","floor":20,"turns":4}],"seed_played":"-6888711166828358574","potions_obtained":[{"floor":1.0,"key":"SmokeBomb"},{"floor":6.0,"key":"Energy Potion"},{"floor":16.0,"key":"Regen Potion"}],"is_trial":false,"path_per_floor":["M","?","?","$","?","E","M","R","T","$","$","R","M","?","R","B",null,"M","M","M","?","?"],"character_chosen":"THE_SILENT","items_purchased":["Corpse Explosion"],"campfire_rested":2,"item_purchase_floors":[4],"current_hp_per_floor":[70,67,60,60,46,36,36,57,57,57,57,57,50,50,70,45,70,68,41,9,9,0,0],"gold":167,"neow_bonus":"THREE_ENEMY_KILL","is_daily":false,"chose_seed":false,"campfire_upgraded":1,"win_rate":0.0,"timestamp":1613279644,"path_taken":["M","?","?","$","?","E","M","R","T","?","$","R","M","?","R","BOSS","M","M","?","?","?"],"items_purchased_type":["Card"],"build_version":"2020-12-22","purchased_purges":1,"victory":false,"max_hp_per_floor":[70,70,70,70,70,70,70,70,70,70,70,70,70,70,70,70,70,70,70,70,70,70,70],"card_choices":[{"not_picked":["Underhanded Strike","Acrobatics"],"picked":"Leg Sweep","floor":1.0},{"not_picked":["Predator","Quick Slash"],"picked":"Blur","floor":6.0},{"not_picked":["Backflip","Dagger Spray"],"picked":"Riddle With Holes","floor":7.0},{"not_picked":["Dodge and Roll","Prepared"],"picked":"Acrobatics","floor":13.0},{"not_picked":["Burst","Die Die Die"],"picked":"Adrenaline","floor":16.0},{"not_picked":["Outmaneuver+1","Cloak And Dagger"],"picked":"Prepared+1","floor":18.0},{"not_picked":["Dodge and Roll","Heel Hook"],"picked":"Noxious Fumes","floor":19},{"not_picked":["Cloak And Dagger","Slice"],"picked":"Concentrate","floor":20}],"player_experience":770886,"relics_obtained":[{"floor":6.0,"key":"Blue Candle"},{"floor":9.0,"key":"Matryoshka"}],"event_choices":[{"damage_healed":0.0,"max_hp_gain":0.0,"max_hp_loss":0.0,"gold_gain":0.0,"event_name":"Scrap Ooze","player_choice":"Success","floor":2.0,"gold_loss":0.0,"damage_taken":3.0,"relics_obtained":["InkBottle"]},{"cards_removed":["Strike_G"],"damage_healed":0.0,"max_hp_gain":0.0,"max_hp_loss":0.0,"gold_gain":0.0,"event_name":"Golden Wing","player_choice":"Card Removal","floor":3.0,"gold_loss":0.0,"damage_taken":7.0},{"damage_healed":0.0,"max_hp_gain":0.0,"max_hp_loss":0.0,"gold_gain":0.0,"event_name":"Shining Light","player_choice":"Entered Light","floor":5.0,"gold_loss":0.0,"damage_taken":14.0,"cards_upgraded":["Survivor","Strike_G"]},{"damage_healed":0.0,"max_hp_gain":0.0,"max_hp_loss":0.0,"gold_gain":0.0,"event_name":"Accursed Blacksmith","player_choice":"Forge","floor":14.0,"gold_loss":0.0,"damage_taken":0.0,"cards_upgraded":["Leg Sweep"]},{"damage_healed":0,"gold_gain":0,"cards_transformed":["Strike_G","Strike_G"],"player_choice":"Became Test Subject","damage_taken":0,"max_hp_gain":0,"max_hp_loss":0,"event_name":"Drug Dealer","floor":21,"gold_loss":0,"cards_obtained":["Blade Dance","Skewer"]}],"is_beta":false,"boss_relics":[{"not_picked":["Coffee Dripper","Calling Bell"],"picked":"Ring of the Serpent"}],"items_purged_floors":[10],"is_endless":false,"potions_floor_spawned":[1,6,16],"ascension_level":3}}