{"host":"166mvycy0az0i7z6","time":1613295333,"event":{"mods":["AchievementEnabler","Aspiration","Astrologer","Bard","BaseMod","Beaked The Cultist","Bestiary","Better Altar","Better Third Choice","BetterRewards","Challenge The Spire","Conspire","DeckTracker","Downfall","Fox Events","Halation","Hermit","Hubris","Minty Spire (QoL Compilation)","Relic Filter","Relic Stats","Reliquary","Replay The Spire","Shop Mod","StSLib","The Sage","TheVacant"],"gold_per_floor":[115,129,129,55,55,73,104,117,169,169,169,204,204,218,218,319,319,332,346,366,366,383,383,383],"floor_reached":23,"language":"ENG","playtime":1225,"items_purged":[],"score":203,"play_id":"b82563b4-8a1d-4fa8-8213-1934433e3af5","local_time":"20210214203533","is_ascension_mode":false,"campfire_choices":[{"data":"theVacant:Rejection","floor":10,"key":"SMITH"},{"data":"theVacant:Hex","floor":13,"key":"SMITH"},{"data":"theVacant:CursedBlast","floor":15,"key":"SMITH"}],"circlet_count":0,"master_deck":["theVacant:VacantStarterStrike","theVacant:VacantStarterStrike","theVacant:VacantStarterStrike","theVacant:VacantStarterStrike","theVacant:VacantStarterDefend","theVacant:VacantStarterDefend","theVacant:VacantStarterDefend","theVacant:VacantStarterDefend","theVacant:Release","theVacant:Crunch","theVacant:ShutAway","theVacant:Jab","theVacant:Hex+1","theVacant:CursedBlast+1","theVacant:Rejection+1","theVacant:FranticBlow","theVacant:Jab","theVacant:Voidstone","theVacant:PitOfDespair+1","theVacant:SpiritOrb","theVacant:OnSecondThought","theVacant:Barrage+1"],"relics":["theVacant:BrassGoblet","reliquary:SilkGlove","halation:AfternoonTea","reliquary:Knoch","reliquary:KinkedSpring","Centennial Puzzle"],"acts_visited":["Exordium","TheCity"],"potions_floor_usage":[16,16,16,19],"damage_taken":[{"damage":0,"enemies":"Small Slimes","floor":1,"turns":3},{"damage":4,"enemies":"conspire:RoseBush","floor":2,"turns":5},{"damage":0,"enemies":"Cultist","floor":6,"turns":2},{"damage":8,"enemies":"Gremlin Nob","floor":7,"turns":3},{"damage":9,"enemies":"Blue Slaver","floor":8,"turns":4},{"damage":2,"enemies":"Replay:BlueRogue","floor":12,"turns":3},{"damage":20,"enemies":"Gremlin Gang","floor":14,"turns":5},{"damage":23,"enemies":"The Guardian","floor":16,"turns":6},{"damage":15,"enemies":"2 Thieves","floor":18,"turns":2},{"damage":15,"enemies":"Chosen","floor":19,"turns":5},{"damage":14,"enemies":"Shelled Parasite and Fungi","floor":20,"turns":3},{"damage":33,"enemies":"Snecko","floor":22,"turns":5},{"damage":17,"enemies":"conspire:Head Lice","floor":23,"turns":2}],"seed_played":"8899898361387775774","potions_obtained":[{"floor":7,"key":"EssenceOfSteel"},{"floor":8,"key":"Elixir"},{"floor":12,"key":"SteroidPotion"},{"floor":14,"key":"Reflective Coating"},{"floor":18,"key":"Explosive Potion"}],"is_trial":false,"path_per_floor":["M","M","?","$","?","M","E","M","T","R","?","E","R","M","R","B",null,"M","M","M","?","M","E"],"character_chosen":"THE_VACANT","items_purchased":["theVacant:Hex"],"campfire_rested":0,"item_purchase_floors":[4],"current_hp_per_floor":[88,84,89,89,89,89,81,72,72,72,93,91,91,71,71,48,93,78,63,49,49,16,0,0],"gold":383,"neow_bonus":"TEN_PERCENT_HP_BONUS","is_daily":false,"chose_seed":false,"campfire_upgraded":3,"win_rate":0.0,"timestamp":1613295333,"path_taken":["M","M","?","$","?","M","E","?","T","R","?","E","R","?","R","BOSS","M","M","M","?","?","E"],"items_purchased_type":["Card"],"build_version":"2020-12-22","purchased_purges":0,"victory":false,"max_hp_per_floor":[88,88,93,93,93,93,93,93,93,93,93,93,93,93,93,93,93,93,93,93,93,93,93,93],"relic_stats":{"Centennial Puzzle":[6],"counters":[13,48],"obtain_stats":[{"reliquary:KinkedSpring":17,"Centennial Puzzle":21,"theVacant:BrassGoblet":0,"reliquary:SilkGlove":7,"halation:AfternoonTea":9,"reliquary:Knoch":12},{"reliquary:KinkedSpring":8,"Centennial Puzzle":11,"theVacant:BrassGoblet":0,"reliquary:SilkGlove":4,"halation:AfternoonTea":5,"reliquary:Knoch":6},{"reliquary:KinkedSpring":31,"Centennial Puzzle":41,"theVacant:BrassGoblet":0,"reliquary:SilkGlove":13,"halation:AfternoonTea":17,"reliquary:Knoch":20}]},"card_choices":[{"not_picked":["theVacant:Cower","theVacant:Reconnect"],"picked":"theVacant:ShutAway","floor":1},{"not_picked":["theVacant:Thoughtseize","theVacant:Unearth"],"picked":"theVacant:Jab","floor":2},{"not_picked":["theVacant:Carve","theVacant:Cower"],"picked":"theVacant:CursedBlast","floor":6},{"not_picked":["theVacant:Fortify","theVacant:Return"],"picked":"theVacant:Sneeze","floor":7},{"not_picked":["theVacant:Enrage","theVacant:CleanseSoul"],"picked":"theVacant:Rejection","floor":8},{"not_picked":["theVacant:Cower","theVacant:CursedBlast"],"picked":"theVacant:FranticBlow","floor":12},{"not_picked":["theVacant:Spinshield","theVacant:FranticBlow"],"picked":"theVacant:Jab","floor":14},{"not_picked":["theVacant:FromNothing","theVacant:MindBreak"],"picked":"theVacant:Voidstone","floor":16},{"not_picked":["theVacant:Gloom+1","theVacant:Whip"],"picked":"theVacant:PitOfDespair+1","floor":18},{"not_picked":["theVacant:FranticBlow","theVacant:Fling+1"],"picked":"theVacant:SpiritOrb","floor":19},{"not_picked":["theVacant:CursedBlast","theVacant:EyePoke"],"picked":"theVacant:OnSecondThought","floor":20},{"not_picked":["theVacant:Yeet","theVacant:Carve+1"],"picked":"theVacant:Barrage+1","floor":22}],"player_experience":126558,"relics_obtained":[{"floor":7,"key":"reliquary:SilkGlove"},{"floor":9,"key":"halation:AfternoonTea"},{"floor":12,"key":"reliquary:Knoch"},{"floor":21,"key":"Centennial Puzzle"}],"event_choices":[{"damage_healed":0,"gold_gain":0,"player_choice":"Donut","damage_taken":0,"max_hp_gain":5,"max_hp_loss":0,"event_name":"Big Fish","floor":3,"gold_loss":0},{"damage_healed":0,"gold_gain":0,"player_choice":"Ignored","damage_taken":0,"max_hp_gain":0,"max_hp_loss":0,"event_name":"Purifier","floor":5,"gold_loss":0},{"cards_removed":["theVacant:Sneeze"],"damage_healed":21,"gold_gain":0,"player_choice":"Offered Uncommon","damage_taken":0,"max_hp_gain":0,"max_hp_loss":0,"event_name":"Bonfire Elementals","floor":11,"gold_loss":0},{"damage_healed":0,"gold_gain":0,"player_choice":"Relic","damage_taken":0,"max_hp_gain":0,"max_hp_loss":0,"event_name":"Wheel of Change","floor":21,"gold_loss":0}],"is_beta":false,"boss_relics":[{"not_picked":["Honey Jar","conspire:SlowCooker"],"picked":"reliquary:KinkedSpring"}],"items_purged_floors":[],"is_endless":false,"potions_floor_spawned":[7,8,12,14,18],"killed_by":"conspire:Head Lice","ascension_level":0}}