{"host":"yg1n0qads92lo9wl","time":1613307968,"event":{"mods":["BaseMod","Downfall","Luminous","Minty Spire (QoL Compilation)","StSLib","Warlord Emblem"],"gold_per_floor":[99,112,287,298,314,349,649,649,711,711,724,724,751,805,821,821,821,821],"floor_reached":16,"language":"ZHS","playtime":4882,"items_purged":[],"score":121,"play_id":"0d2ac9ba-d4f9-4aa1-a25c-d188661a63fb","local_time":"20210214210608","is_ascension_mode":true,"campfire_choices":[{"data":"champ:Taunt","floor":1.0,"key":"SMITH"},{"floor":10.0,"key":"REST"},{"data":"champ:HeartStrike","floor":12.0,"key":"SMITH"}],"circlet_count":0,"master_deck":["champ:Strike","champ:Strike","champ:Strike","champ:Defend","champ:Defend","champ:Defend","champ:Taunt+1","champ:AdrenalArmor+1","champ:RapidStrikes+1","champ:FanOfKnives+1","champ:BerserkersShout","Doubt","champ:HeartStrike+1","champ:GutPunch","champ:DefensiveShout","champ:PreciseThrust","champ:Shatter"],"relics":["Astrolabe","Calipers","Old Coin","Blue Candle","MealTicket","Question Card","Bag of Marbles"],"acts_visited":["Exordium"],"potions_floor_usage":[16,16],"damage_taken":[{"damage":20.0,"enemies":"Jaw Worm","floor":2.0,"turns":5.0},{"damage":25.0,"enemies":"Small Slimes","floor":4.0,"turns":3.0},{"damage":20.0,"enemies":"2 Louse","floor":5.0,"turns":2.0},{"damage":49.0,"enemies":"Gremlin Nob","floor":6.0,"turns":5.0},{"damage":52.0,"enemies":"Lagavulin Event","floor":9.0,"turns":5.0},{"damage":18.0,"enemies":"downfall:LooterAlt","floor":11.0,"turns":2.0},{"damage":34.0,"enemies":"3 Sentries","floor":13.0,"turns":5.0},{"damage":27.0,"enemies":"2 Fungi Beasts","floor":15.0,"turns":3.0},{"damage":66,"enemies":"DF_ARCHETYPE_STREAMLINE","floor":16,"turns":6}],"seed_played":"5188078322849277004","potions_obtained":[{"floor":2.0,"key":"bronze:BurnAndBuffPotion"},{"floor":4.0,"key":"champ:UltimateStancePotion"},{"floor":9.0,"key":"SteroidPotion"}],"is_trial":false,"path_per_floor":["R","M","?","M","M","E","T","?","?","R","M","R","E","T","M","B"],"character_chosen":"THE_CHAMP","items_purchased":[],"campfire_rested":1,"item_purchase_floors":[],"current_hp_per_floor":[90,90,90,90,90,66,66,61,34,61,58,58,54,54,52,0,0,0],"gold":821,"neow_bonus":"BOSS_RELIC","is_daily":false,"chose_seed":false,"campfire_upgraded":2,"win_rate":0.0,"timestamp":1613307968,"path_taken":["R","M","?","M","M","E","T","?","?","R","M","R","E","?","M","BOSS"],"items_purchased_type":[],"build_version":"2020-12-22","purchased_purges":0,"victory":false,"max_hp_per_floor":[90,90,90,90,90,90,90,90,90,90,90,90,90,90,90,90,90,90],"card_choices":[{"not_picked":["champ:Haymaker","champ:TornadoPunch"],"picked":"champ:BerserkersShout","floor":2.0},{"not_picked":["champ:ShieldWall","champ:StanceDance"],"picked":"champ:HeartStrike","floor":4.0},{"not_picked":["champ:GladiatorStyle","champ:Encircle","champ:EnGarde"],"picked":"SKIP","floor":5.0},{"not_picked":["champ:SkillfulDodge","champ:BringItOn"],"picked":"champ:GutPunch","floor":6.0},{"not_picked":["champ:FanOfKnives","champ:Endure"],"picked":"champ:DefensiveShout","floor":9.0},{"not_picked":["champ:TripleStrike","champ:StanceDance"],"picked":"champ:PreciseThrust","floor":11.0},{"not_picked":["champ:FalseCounter","champ:ShieldSlam","champ:BringItOn"],"picked":"SKIP","floor":13.0},{"not_picked":["champ:GladiatorStyle","champ:TornadoPunch","champ:FlashCut"],"picked":"champ:Shatter","floor":15.0}],"player_experience":536600,"relics_obtained":[{"floor":6.0,"key":"Calipers"},{"floor":7.0,"key":"Old Coin"},{"floor":9.0,"key":"MealTicket"},{"floor":13.0,"key":"Question Card"},{"floor":14.0,"key":"Bag of Marbles"}],"event_choices":[],"is_beta":false,"boss_relics":[],"items_purged_floors":[],"is_endless":false,"potions_floor_spawned":[2,4,9],"killed_by":"DF_ARCHETYPE_STREAMLINE","ascension_level":2}}