{"host":"7j2n82b2zha9fuyn","time":1613270693,"event":{"mods":["BaseMod","Block Reminder","Minty Spire (QoL Compilation)","StSLib"],"gold_per_floor":[366,86,101,117,117,117,148,162,187,187,204,216,251,263,275,362,374,401,428,440,452,477,489,501,501],"floor_reached":24,"language":"ENG","playtime":2672,"items_purged":["Strike_B"],"score":406,"play_id":"e48fe242-be73-4c05-a1a3-f89ba7f8b148","local_time":"20210213194453","is_ascension_mode":true,"campfire_choices":[{"data":"Sweeping Beam","floor":6.0,"key":"SMITH"},{"data":"Zap","floor":10.0,"key":"SMITH"},{"data":"Defragment","floor":15.0,"key":"SMITH"},{"floor":23.0,"key":"REST"}],"circlet_count":0,"master_deck":["AscendersBane","Strike_B","Strike_B","Defend_B","Defend_B","Zap+1","Dualcast","Cold Snap+1","Glacier","Gash","Sweeping Beam+1","Echo Form","Defragment+1","Gash","Streamline","All For One","Storm+1","Biased Cognition+1","Reprogram+1","Gash","J.A.X.","Decay","Compile Driver+1"],"relics":["Cracked Core","Runic Capacitor","DataDisk","Akabeko","MawBank","Astrolabe"],"acts_visited":["Exordium","TheCity"],"potions_floor_usage":[24],"damage_taken":[{"damage":0.0,"enemies":"2 Louse","floor":1.0,"turns":2.0},{"damage":0.0,"enemies":"Cultist","floor":3.0,"turns":4.0},{"damage":2.0,"enemies":"Jaw Worm","floor":4.0,"turns":3.0},{"damage":12.0,"enemies":"Lagavulin","floor":7.0,"turns":9.0},{"damage":0.0,"enemies":"Looter","floor":8.0,"turns":3.0},{"damage":0.0,"enemies":"Large Slime","floor":11.0,"turns":4.0},{"damage":0.0,"enemies":"3 Louse","floor":12.0,"turns":1.0},{"damage":10.0,"enemies":"3 Sentries","floor":13.0,"turns":6.0},{"damage":28.0,"enemies":"Slime Boss","floor":16.0,"turns":7.0},{"damage":11.0,"enemies":"Spheric Guardian","floor":18.0,"turns":4.0},{"damage":13.0,"enemies":"Shell Parasite","floor":19.0,"turns":3.0},{"damage":2.0,"enemies":"Snecko","floor":22.0,"turns":2.0},{"damage":47,"enemies":"Slavers","floor":24,"turns":2}],"seed_played":"-7189572289974718011","potions_obtained":[{"floor":1.0,"key":"Dexterity Potion"},{"floor":3.0,"key":"SkillPotion"},{"floor":18.0,"key":"Block Potion"},{"floor":22.0,"key":"FearPotion"}],"is_trial":false,"path_per_floor":["M","$","M","M","?","R","E","M","T","R","M","M","E","$","R","B",null,"M","M","?","?","M","R","E"],"character_chosen":"DEFECT","items_purchased":["Runic Capacitor","Glacier"],"campfire_rested":1,"item_purchase_floors":[2,2],"current_hp_per_floor":[64,64,64,62,62,62,50,50,50,50,50,50,40,40,40,12,51,40,27,27,27,25,44,0,0],"gold":501,"neow_bonus":"TWO_FIFTY_GOLD","is_daily":false,"chose_seed":false,"campfire_upgraded":3,"win_rate":0.0,"timestamp":1613270693,"path_taken":["M","$","M","M","?","R","E","M","T","R","?","M","E","$","R","BOSS","M","M","?","?","M","R","E"],"items_purchased_type":["Relic","Card"],"build_version":"2020-12-22","purchased_purges":1,"victory":false,"max_hp_per_floor":[64,64,64,64,64,64,64,64,64,64,64,64,64,64,64,64,64,64,64,64,64,64,64,64,64],"card_choices":[{"not_picked":["Static Discharge","Rebound"],"picked":"Cold Snap","floor":1.0},{"not_picked":["Turbo","Go for the Eyes"],"picked":"Gash","floor":3.0},{"not_picked":["Redo","Hologram"],"picked":"Sweeping Beam","floor":4.0},{"not_picked":["Streamline","Fission"],"picked":"Echo Form","floor":7.0},{"not_picked":["Auto Shields","Go for the Eyes","Redo"],"picked":"SKIP","floor":8.0},{"not_picked":["Fusion","White Noise"],"picked":"Defragment","floor":11.0},{"not_picked":["Barrage","Conserve Battery"],"picked":"Gash","floor":12.0},{"not_picked":["Sweeping Beam","Go for the Eyes"],"picked":"Streamline","floor":13.0},{"not_picked":["Machine Learning","Biased Cognition"],"picked":"All For One","floor":16.0},{"not_picked":["Rip and Tear","Turbo"],"picked":"Gash","floor":18.0},{"not_picked":["Recycle+1","Ball Lightning","Redo"],"picked":"SKIP","floor":19.0},{"not_picked":["Stack","Rebound"],"picked":"Compile Driver+1","floor":22.0}],"player_experience":2042852,"relics_obtained":[{"floor":7.0,"key":"DataDisk"},{"floor":9.0,"key":"Akabeko"},{"floor":13.0,"key":"MawBank"}],"event_choices":[{"damage_healed":0.0,"max_hp_gain":0.0,"max_hp_loss":0.0,"gold_gain":0.0,"event_name":"Upgrade Shrine","player_choice":"Upgraded","floor":5.0,"gold_loss":0.0,"damage_taken":0.0,"cards_upgraded":["Cold Snap"]},{"damage_healed":0.0,"max_hp_gain":0.0,"max_hp_loss":0.0,"gold_gain":0.0,"event_name":"Drug Dealer","player_choice":"Obtain J.A.X.","floor":20.0,"gold_loss":0.0,"damage_taken":0.0,"cards_obtained":["J.A.X."]},{"damage_healed":0.0,"max_hp_gain":0.0,"max_hp_loss":0.0,"gold_gain":0.0,"event_name":"Forgotten Altar","player_choice":"Smashed Altar","floor":21.0,"gold_loss":0.0,"damage_taken":0.0,"cards_obtained":["Decay"]}],"is_beta":false,"boss_relics":[{"not_picked":["Velvet Choker","Tiny House"],"picked":"Astrolabe"}],"items_purged_floors":[2],"is_endless":false,"potions_floor_spawned":[1,3,7,18,22],"killed_by":"Slavers","ascension_level":19}}