{"host":"ockkdcgl3b18tfz9","time":1613319114,"event":{"mods":["2.2 Compatiblity","BaseMod","Better Skull","Better Third Choice","BetterRewards","Hermit","Minty Spire (QoL Compilation)","Quick Restart","Spicy Shops","StSLib"],"gold_per_floor":[113,113,5,5,18,18,47,197,197,224,274,284,309,321,89,89,89],"floor_reached":16,"language":"ENG","playtime":239,"items_purged":["Doubt"],"score":253,"play_id":"82a988d9-4e9e-45a8-bab6-1fffad39b7da","local_time":"20210214231154","is_ascension_mode":true,"campfire_choices":[{"data":"Defragment","floor":6.0,"key":"SMITH"},{"data":"Zap","floor":9.0,"key":"SMITH"}],"circlet_count":0,"master_deck":["AscendersBane","Strike_B","Strike_B","Strike_B","Defend_B","Defend_B","Defend_B","Defend_B","Zap+1","Dualcast","Coolheaded","Defragment+1","Conserve Battery","Undo","Ball Lightning","Compile Driver","Capacitor","Rebound","Static Discharge","Self Repair","Leap"],"relics":["Cracked Core","NeowsBlessing","Oddly Smooth Stone","DataDisk","Centennial Puzzle","Lantern"],"acts_visited":["Exordium"],"potions_floor_usage":[16],"damage_taken":[{"damage":0.0,"enemies":"2 Louse","floor":1.0,"turns":1.0},{"damage":0.0,"enemies":"Cultist","floor":5.0,"turns":1.0},{"damage":0.0,"enemies":"Lagavulin","floor":7.0,"turns":1.0},{"damage":22.0,"enemies":"3 Sentries","floor":10.0,"turns":8.0},{"damage":0.0,"enemies":"Jaw Worm","floor":12.0,"turns":3.0},{"damage":5.0,"enemies":"2 Fungi Beasts","floor":14.0,"turns":3.0},{"damage":60,"enemies":"Gremlin Nob","floor":16,"turns":4}],"seed_played":"585279605030224846","potions_obtained":[{"floor":10.0,"key":"Swift Potion"}],"is_trial":false,"path_per_floor":["M","?","$","?","M","R","E","?","R","E","T","M","T","M","$","E"],"character_chosen":"DEFECT","items_purchased":["Defragment","Conserve Battery","Self Repair","Leap"],"campfire_rested":0,"item_purchase_floors":[3,3,15,15],"current_hp_per_floor":[64,57,57,57,57,57,57,57,57,35,35,35,35,30,30,0,0],"gold":89,"neow_bonus":"THREE_ENEMY_KILL","is_daily":false,"chose_seed":false,"campfire_upgraded":2,"win_rate":0.0,"timestamp":1613319114,"path_taken":["M","?","$","?","?","R","E","?","R","E","T","M","?","M","$","E"],"items_purchased_type":["Card","Card","Card","Card"],"build_version":"2020-12-22","purchased_purges":1,"victory":false,"max_hp_per_floor":[71,71,71,71,71,71,71,71,71,71,71,71,71,71,71,71,71],"card_choices":[{"not_picked":["Streamline","Compile Driver"],"picked":"Coolheaded","floor":1.0},{"not_picked":["Streamline","Cold Snap"],"picked":"Ball Lightning","floor":5.0},{"not_picked":["Chaos","Beam Cell"],"picked":"Compile Driver","floor":7.0},{"not_picked":["Hello World","Steam"],"picked":"Capacitor","floor":10.0},{"not_picked":["Capacitor","Beam Cell"],"picked":"Rebound","floor":12.0},{"not_picked":["Sweeping Beam","Go for the Eyes"],"picked":"Static Discharge","floor":14.0}],"player_experience":378628,"relics_obtained":[{"floor":7.0,"key":"Oddly Smooth Stone"},{"floor":10.0,"key":"DataDisk"},{"floor":11.0,"key":"Centennial Puzzle"},{"floor":13.0,"key":"Lantern"}],"event_choices":[{"cards_removed":["Strike_B"],"damage_healed":0.0,"max_hp_gain":0.0,"max_hp_loss":0.0,"gold_gain":0.0,"event_name":"Golden Wing","player_choice":"Card Removal","floor":2.0,"gold_loss":0.0,"damage_taken":7.0},{"damage_healed":0.0,"max_hp_gain":0.0,"max_hp_loss":0.0,"gold_gain":0.0,"event_name":"Match and Keep!","player_choice":"1 cards matched","floor":4.0,"gold_loss":0.0,"damage_taken":0.0,"cards_obtained":["Undo"]},{"damage_healed":0.0,"max_hp_gain":0.0,"max_hp_loss":0.0,"gold_gain":150.0,"event_name":"betterThird:BetterSerpent","player_choice":"AGREE","floor":8.0,"gold_loss":0.0,"damage_taken":47.0}],"is_beta":false,"boss_relics":[],"items_purged_floors":[15],"is_endless":false,"potions_floor_spawned":[10],"killed_by":"Gremlin Nob","ascension_level":18}}