{"host":"2pmmafybkq7zb6na","time":1613283905,"event":{"mods":["AchievementEnabler","BaseMod","Colored Map","Highlight Path","Keyboard Shortcuts","Minty Spire (QoL Compilation)","Quick Restart","StSLib","SuperFastMode"],"gold_per_floor":[111,125,125,125,50,50,78,95,95,109,139,159,172,192,192,294,294,305,316,336,355,370,469,5,5,5,5,30,30,30,48,48,153,153,167,113,113,165,10,10,45,45,70,102,112,141,209,225,225,225,225,225,33,62,62],"floor_reached":56,"language":"KOR","playtime":2505,"items_purged":["Strike_G","Strike_G","Noxious Fumes"],"score":1420,"play_id":"d86ac484-13bb-4bf8-af47-5fd83a32ad49","local_time":"20210214152505","is_ascension_mode":true,"campfire_choices":[{"data":"Glass Knife","floor":6.0,"key":"SMITH"},{"floor":15.0,"key":"REST"},{"floor":25.0,"key":"REST"},{"data":"Calculated Gamble","floor":27.0,"key":"SMITH"},{"data":"Prepared","floor":29.0,"key":"SMITH"},{"data":"Blade Dance","floor":32.0,"key":"SMITH"},{"data":"Blade Dance","floor":40.0,"key":"SMITH"},{"data":"Night Terror","floor":42.0,"key":"SMITH"},{"floor":49.0,"key":"RECALL"},{"data":"Accuracy","floor":52.0,"key":"SMITH"}],"circlet_count":0,"master_deck":["Defend_G","Defend_G","Survivor","Neutralize","Glass Knife+1","Acrobatics","Calculated Gamble+1","Accuracy+1","Prepared+1","Malaise","Blade Dance+1","A Thousand Cuts","PiercingWail","Phantasmal Killer","Reflex","Terror","Blade Dance+1","PiercingWail","Concentrate","Night Terror+1","Cloak And Dagger+1","Underhanded Strike+1","Panache","Flechettes+1","Tactician+1","Blur+1"],"relics":["Ring of the Snake","Kunai","Molten Egg 2","Eternal Feather","Runic Pyramid","Tough Bandages","CaptainsWheel","Ice Cream","Empty Cage","Girya","Oddly Smooth Stone","Toxic Egg 2","Darkstone Periapt","Vajra","HornCleat","Mummified Hand"],"acts_visited":["Exordium","TheCity","TheBeyond","TheEnding"],"potions_floor_usage":[55,55,55,55,55],"damage_taken":[{"damage":0.0,"enemies":"Jaw Worm","floor":1.0,"turns":2.0},{"damage":0.0,"enemies":"2 Louse","floor":2.0,"turns":2.0},{"damage":24.0,"enemies":"Gremlin Nob","floor":7.0,"turns":5.0},{"damage":0.0,"enemies":"Cultist","floor":8.0,"turns":3.0},{"damage":0.0,"enemies":"2 Fungi Beasts","floor":10.0,"turns":2.0},{"damage":18.0,"enemies":"3 Sentries","floor":11.0,"turns":8.0},{"damage":2.0,"enemies":"3 Louse","floor":12.0,"turns":4.0},{"damage":0.0,"enemies":"Exordium Wildlife","floor":13.0,"turns":4.0},{"damage":0.0,"enemies":"Blue Slaver","floor":14.0,"turns":1.0},{"damage":14.0,"enemies":"Hexaghost","floor":16.0,"turns":10.0},{"damage":6.0,"enemies":"Chosen","floor":18.0,"turns":4.0},{"damage":22.0,"enemies":"2 Thieves","floor":19.0,"turns":4.0},{"damage":9.0,"enemies":"Snake Plant","floor":20.0,"turns":6.0},{"damage":2.0,"enemies":"Centurion and Healer","floor":21.0,"turns":6.0},{"damage":6.0,"enemies":"Shelled Parasite and Fungi","floor":22.0,"turns":4.0},{"damage":7.0,"enemies":"Book of Stabbing","floor":28.0,"turns":7.0},{"damage":0.0,"enemies":"Snake Plant","floor":31.0,"turns":3.0},{"damage":3.0,"enemies":"Automaton","floor":33.0,"turns":6.0},{"damage":0.0,"enemies":"Orb Walker","floor":35.0,"turns":3.0},{"damage":0.0,"enemies":"2 Orb Walkers","floor":38.0,"turns":4.0},{"damage":24.0,"enemies":"Nemesis","floor":41.0,"turns":7.0},{"damage":0.0,"enemies":"Reptomancer","floor":44.0,"turns":5.0},{"damage":0.0,"enemies":"3 Darklings","floor":45.0,"turns":3.0},{"damage":0.0,"enemies":"Nemesis","floor":46.0,"turns":3.0},{"damage":0.0,"enemies":"Maw","floor":48.0,"turns":5.0},{"damage":32.0,"enemies":"Time Eater","floor":50.0,"turns":7.0},{"damage":7.0,"enemies":"Shield and Spear","floor":54.0,"turns":5.0},{"damage":0,"enemies":"The Heart","floor":55,"turns":8}],"seed_played":"-5041176163479846593","potions_obtained":[{"floor":10.0,"key":"EntropicBrew"},{"floor":11.0,"key":"BlessingOfTheForge"},{"floor":12.0,"key":"FearPotion"},{"floor":13.0,"key":"CultistPotion"},{"floor":16.0,"key":"LiquidMemories"},{"floor":18.0,"key":"Energy Potion"},{"floor":22.0,"key":"ColorlessPotion"},{"floor":28.0,"key":"DistilledChaos"},{"floor":35.0,"key":"Poison Potion"},{"floor":44.0,"key":"Poison Potion"},{"floor":46.0,"key":"SpeedPotion"}],"is_trial":false,"path_per_floor":["M","M","?","?","$","R","E","M","T","M","E","M","M","M","R","B",null,"M","M","M","M","M","?","$","R","T","R","E","R","?","M","R","B",null,"M","$","?","?","$","R","E","R","T","E","M","E","T","M","R","B",null,"R","$","E","B",null],"character_chosen":"THE_SILENT","items_purchased":["Tough Bandages","Terror","Underhanded Strike+1","Oddly Smooth Stone","Blur+1"],"campfire_rested":2,"item_purchase_floors":[24,24,36,39,53],"current_hp_per_floor":[63,63,56,56,56,56,32,32,32,32,14,12,12,12,39,25,63,57,35,26,24,18,18,18,48,48,60,53,63,63,63,63,60,63,63,63,63,63,63,63,39,51,51,51,51,51,51,51,63,31,63,63,63,56,56],"gold":62,"neow_bonus":"THREE_RARE_CARDS","is_daily":false,"chose_seed":false,"campfire_upgraded":7,"win_rate":0.0,"timestamp":1613283905,"path_taken":["M","M","?","?","$","R","E","M","T","M","E","M","?","M","R","BOSS","M","M","M","M","M","?","$","R","T","R","E","R","?","M","R","BOSS","M","$","?","?","?","R","E","R","T","E","M","E","?","?","R","BOSS","R","$","E","BOSS"],"items_purchased_type":["Relic","Card","Card","Relic","Card"],"build_version":"2020-12-22","purchased_purges":3,"victory":true,"max_hp_per_floor":[63,63,63,63,63,63,63,63,63,63,63,63,63,63,63,63,63,63,63,63,63,63,63,63,63,63,63,63,63,63,63,63,63,63,63,63,63,63,63,63,63,63,63,63,63,63,63,63,63,63,63,63,63,63,63],"card_choices":[{"not_picked":["Unload","Malaise"],"picked":"Glass Knife","floor":0.0},{"not_picked":["Outmaneuver","Poisoned Stab"],"picked":"Noxious Fumes","floor":1.0},{"not_picked":["Deadly Poison","Poisoned Stab"],"picked":"Acrobatics","floor":2.0},{"not_picked":["Slice","Riddle With Holes"],"picked":"Calculated Gamble","floor":7.0},{"not_picked":["Bane","Poisoned Stab"],"picked":"Accuracy","floor":8.0},{"not_picked":["Underhanded Strike+1","Dagger Throw+1"],"picked":"Prepared","floor":10.0},{"not_picked":["Outmaneuver","Backflip"],"picked":"Malaise","floor":11.0},{"not_picked":["Acrobatics","Concentrate","Sucker Punch+1"],"picked":"SKIP","floor":12.0},{"not_picked":["Underhanded Strike+1","Accuracy"],"picked":"Blade Dance","floor":13.0},{"not_picked":["Dagger Throw+1","Deflect","Concentrate"],"picked":"SKIP","floor":14.0},{"not_picked":["Malaise","Corpse Explosion"],"picked":"A Thousand Cuts","floor":16.0},{"not_picked":["Prepared+1","Flying Knee+1","Noxious Fumes+1"],"picked":"SKIP","floor":18.0},{"not_picked":["Eviscerate+1","Dodge and Roll+1"],"picked":"PiercingWail","floor":19.0},{"not_picked":["Quick Slash+1","Flying Knee+1"],"picked":"Phantasmal Killer","floor":20.0},{"not_picked":["Calculated Gamble","Noxious Fumes"],"picked":"Reflex","floor":21.0},{"not_picked":["All Out Attack+1","Dagger Spray+1","Acrobatics"],"picked":"SKIP","floor":22.0},{"not_picked":["Deadly Poison","Slice+1"],"picked":"Blade Dance","floor":28.0},{"not_picked":["Dash+1","Poisoned Stab+1","Dodge and Roll"],"picked":"SKIP","floor":31.0},{"not_picked":["Glass Knife+1","Die Die Die+1"],"picked":"Night Terror","floor":33.0},{"not_picked":["Dagger Throw+1","Dodge and Roll"],"picked":"Cloak And Dagger+1","floor":35.0},{"not_picked":["Madness","Dark Shackles"],"picked":"Panache","floor":37.0},{"not_picked":["Riddle With Holes+1","PiercingWail+1","Caltrops+1"],"picked":"SKIP","floor":41.0},{"not_picked":["Prepared+1","Dagger Throw+1","Dagger Spray+1"],"picked":"SKIP","floor":44.0},{"not_picked":["Expertise+1","Underhanded Strike+1","Predator+1"],"picked":"SKIP","floor":45.0},{"not_picked":["Bouncing Flask+1","Sucker Punch+1"],"picked":"Flechettes+1","floor":46.0},{"not_picked":["Well Laid Plans+1","Finisher+1"],"picked":"Tactician+1","floor":48.0},{"not_picked":["Dash+1","Deflect+1","Deadly Poison+1"],"picked":"SKIP","floor":54.0}],"player_experience":143018,"relics_obtained":[{"floor":7.0,"key":"Kunai"},{"floor":9.0,"key":"Molten Egg 2"},{"floor":11.0,"key":"Eternal Feather"},{"floor":26.0,"key":"CaptainsWheel"},{"floor":28.0,"key":"Ice Cream"},{"floor":38.0,"key":"Girya"},{"floor":41.0,"key":"Toxic Egg 2"},{"floor":44.0,"key":"Darkstone Periapt"},{"floor":46.0,"key":"Vajra"},{"floor":47.0,"key":"HornCleat"},{"floor":54.0,"key":"Mummified Hand"}],"event_choices":[{"cards_removed":["Strike_G"],"damage_healed":0.0,"max_hp_gain":0.0,"max_hp_loss":0.0,"gold_gain":0.0,"event_name":"Golden Wing","player_choice":"Card Removal","floor":3.0,"gold_loss":0.0,"damage_taken":7.0},{"cards_removed":["Strike_G"],"damage_healed":0.0,"max_hp_gain":0.0,"max_hp_loss":0.0,"gold_gain":0.0,"event_name":"Purifier","player_choice":"Purged","floor":4.0,"gold_loss":0.0,"damage_taken":0.0},{"damage_healed":0.0,"max_hp_gain":0.0,"max_hp_loss":0.0,"gold_gain":99.0,"event_name":"Nest","player_choice":"Stole From Cult","floor":23.0,"gold_loss":0.0,"damage_taken":0.0},{"damage_healed":0.0,"max_hp_gain":0.0,"max_hp_loss":0.0,"gold_gain":0.0,"cards_transformed":["Strike_G","Defend_G"],"event_name":"Drug Dealer","player_choice":"Became Test Subject","floor":30.0,"gold_loss":0.0,"damage_taken":0.0,"cards_obtained":["PiercingWail","Concentrate"]},{"damage_healed":0.0,"max_hp_gain":0.0,"max_hp_loss":0.0,"gold_gain":0.0,"event_name":"SensoryStone","player_choice":"Memory 1","floor":37.0,"gold_loss":0.0,"damage_taken":0.0},{"damage_healed":0.0,"max_hp_gain":0.0,"max_hp_loss":0.0,"gold_gain":0.0,"event_name":"Mysterious Sphere","player_choice":"Fight","floor":38.0,"gold_loss":0.0,"damage_taken":0.0}],"is_beta":false,"boss_relics":[{"not_picked":["Velvet Choker","Tiny House"],"picked":"Runic Pyramid"},{"not_picked":["Ring of the Serpent","Fusion Hammer"],"picked":"Empty Cage"}],"items_purged_floors":[5,24,53],"is_endless":false,"potions_floor_spawned":[10,11,12,13,16,18,22,28,35,44,46,48],"ascension_level":1}}