{"host":"bgyhjzqafgkxdxsh","time":1613276341,"event":{"mods":["BaseMod","Colored Map","Minty Spire (QoL Compilation)","Relic Stats","StSLib","everything is the same but u backflip on backflip"],"gold_per_floor":[114,114,134,149,199,199,218,218,218,275,275,308,308,308,308],"floor_reached":14,"language":"ENG","playtime":449,"items_purged":[],"score":154,"play_id":"3e460228-145b-411e-90fc-87ba56c69a48","local_time":"20210214141901","is_ascension_mode":true,"campfire_choices":[{"data":"Prepared","floor":6,"key":"SMITH"},{"data":"Neutralize","floor":8,"key":"SMITH"},{"data":"1","floor":11,"key":"LIFT"}],"circlet_count":0,"master_deck":["AscendersBane","Strike_G","Strike_G","Strike_G","Strike_G","Strike_G","Defend_G","Defend_G","Defend_G","Defend_G","Defend_G+1","Survivor+1","Neutralize+1","Leg Sweep","Underhanded Strike","Prepared+1","Acrobatics","Dagger Spray"],"relics":["Ring of the Snake","Girya","Prayer Wheel"],"acts_visited":["Exordium"],"potions_floor_usage":[14,14],"damage_taken":[{"damage":0,"enemies":"2 Louse","floor":1,"turns":4},{"damage":6,"enemies":"Cultist","floor":3,"turns":5},{"damage":9,"enemies":"Small Slimes","floor":4,"turns":4},{"damage":8,"enemies":"Blue Slaver","floor":7,"turns":6},{"damage":10,"enemies":"Lagavulin","floor":12,"turns":9},{"damage":14,"enemies":"3 Sentries","floor":14,"turns":4}],"seed_played":"2439047081822749493","potions_obtained":[{"floor":0,"key":"Energy Potion"},{"floor":0,"key":"Weak Potion"}],"is_trial":false,"path_per_floor":["M","?","M","M","?","R","M","R","T","?","R","E","?","E"],"character_chosen":"THE_SILENT","items_purchased":[],"campfire_rested":0,"item_purchase_floors":[],"current_hp_per_floor":[59,39,33,24,24,24,16,16,16,16,16,6,6,0,0],"gold":308,"neow_bonus":"THREE_SMALL_POTIONS","is_daily":false,"chose_seed":false,"campfire_upgraded":2,"win_rate":0.0,"timestamp":1613276341,"path_taken":["M","?","M","M","?","R","?","R","T","?","R","E","?","E"],"items_purchased_type":[],"build_version":"2020-12-22","purchased_purges":0,"victory":false,"max_hp_per_floor":[66,66,66,66,66,66,66,66,66,66,66,66,66,66,66],"relic_stats":{"counters":[6,32],"Prayer Wheel":0,"obtain_stats":[{"Girya":9,"Prayer Wheel":12,"Ring of the Snake":0},{"Girya":4,"Prayer Wheel":5,"Ring of the Snake":0},{"Girya":19,"Prayer Wheel":28,"Ring of the Snake":0}],"Ring of the Snake":[12]},"card_choices":[{"not_picked":["Distraction","Poisoned Stab"],"picked":"Leg Sweep","floor":1},{"not_picked":["Blade Dance","Acrobatics"],"picked":"Underhanded Strike","floor":3},{"not_picked":["Corpse Explosion","Acrobatics"],"picked":"Prepared","floor":4},{"not_picked":["Underhanded Strike","Dagger Spray"],"picked":"Acrobatics","floor":7},{"not_picked":["Distraction","Skewer"],"picked":"Dagger Spray","floor":12}],"player_experience":525278,"relics_obtained":[{"floor":9,"key":"Girya"},{"floor":12,"key":"Prayer Wheel"}],"event_choices":[{"damage_healed":0,"gold_gain":0,"player_choice":"Entered Light","damage_taken":20,"max_hp_gain":0,"max_hp_loss":0,"event_name":"Shining Light","floor":2,"gold_loss":0,"cards_upgraded":["Survivor","Defend_G"]},{"damage_healed":0,"gold_gain":50,"player_choice":"Pray","damage_taken":0,"max_hp_gain":0,"max_hp_loss":0,"event_name":"Golden Shrine","floor":5,"gold_loss":0},{"damage_healed":0,"gold_gain":57,"player_choice":"Gained Gold","damage_taken":0,"max_hp_gain":0,"max_hp_loss":0,"event_name":"Golden Wing","floor":10,"gold_loss":0},{"damage_healed":0,"gold_gain":0,"player_choice":"Ignored","damage_taken":0,"max_hp_gain":0,"max_hp_loss":0,"event_name":"Liars Game","floor":13,"gold_loss":0}],"is_beta":false,"boss_relics":[],"items_purged_floors":[],"is_endless":false,"potions_floor_spawned":[12],"killed_by":"3 Sentries","ascension_level":15}}