{"host":"4t0z2wyk4ymtbfy7","time":1613279056,"event":{"mods":["AchievementEnabler","BaseMod","Colored Map","Colored Powertips","DeckTracker","Keyboard Shortcuts","Marisa£¨Ùöéë¡¡Øª×âÞÞ£©","Minty Spire (QoL Compilation)","SuperFastMode"],"gold_per_floor":[116,41,59,59,59,59,93,108,108,127,143,143,143],"floor_reached":12,"language":"KOR","playtime":375,"items_purged":[],"score":84,"play_id":"a3970def-661d-492b-b4b1-00418a1292b4","local_time":"20210214140416","is_ascension_mode":true,"campfire_choices":[{"floor":6,"key":"REST"}],"circlet_count":0,"master_deck":["Strike_R","Strike_R","Strike_R","Strike_R","Strike_R","Defend_R+1","Defend_R","Defend_R+1","Defend_R","Bash","Magnetism","Combust","Rupture","Heavy Blade"],"relics":["Burning Blood","Toy Ornithopter","Singing Bowl","White Beast Statue"],"acts_visited":["Exordium"],"potions_floor_usage":[10],"damage_taken":[{"damage":5,"enemies":"Small Slimes","floor":1,"turns":4},{"damage":13,"enemies":"Jaw Worm","floor":3,"turns":4},{"damage":24,"enemies":"3 Sentries","floor":7,"turns":6},{"damage":11,"enemies":"2 Louse","floor":8,"turns":4},{"damage":17,"enemies":"Looter","floor":10,"turns":4},{"damage":19,"enemies":"Red Slaver","floor":11,"turns":5},{"damage":21,"enemies":"Lagavulin","floor":12,"turns":6}],"seed_played":"7324360137269765915","potions_obtained":[{"floor":1,"key":"Energy Potion"},{"floor":10,"key":"ColorlessPotion"},{"floor":11,"key":"Fire Potion"}],"is_trial":false,"path_per_floor":["M","$","M","?","?","R","E","M","T","M","M","E"],"character_chosen":"IRONCLAD","items_purchased":["Rupture"],"campfire_rested":1,"item_purchase_floors":[2],"current_hp_per_floor":[57,57,50,47,31,55,39,36,36,32,21,0,0],"gold":143,"neow_bonus":"RANDOM_COLORLESS_2","is_daily":false,"chose_seed":false,"campfire_upgraded":0,"win_rate":0.0,"timestamp":1613279056,"path_taken":["M","$","M","?","?","R","E","M","T","M","M","E"],"items_purchased_type":["Card"],"build_version":"2020-12-22","purchased_purges":0,"victory":false,"max_hp_per_floor":[80,80,80,80,80,80,82,84,84,86,88,88,88],"card_choices":[{"not_picked":["Metamorphosis","Secret Weapon"],"picked":"Magnetism","floor":0},{"not_picked":["Anger","Pommel Strike"],"picked":"Combust","floor":1},{"not_picked":["Anger","Perfected Strike"],"picked":"Heavy Blade","floor":3},{"not_picked":["Perfected Strike","Power Through","Pommel Strike"],"picked":"Singing Bowl","floor":7},{"not_picked":["Offering","Twin Strike","Pommel Strike"],"picked":"Singing Bowl","floor":8},{"not_picked":["Twin Strike","Perfected Strike","Heavy Blade"],"picked":"Singing Bowl","floor":10},{"not_picked":["Sentinel","Heavy Blade","Wild Strike"],"picked":"Singing Bowl","floor":11}],"player_experience":108449,"relics_obtained":[{"floor":7,"key":"Singing Bowl"},{"floor":9,"key":"White Beast Statue"}],"event_choices":[{"damage_healed":0,"gold_gain":0,"player_choice":"Success","damage_taken":3,"relics_obtained":["Toy Ornithopter"],"max_hp_gain":0,"max_hp_loss":0,"event_name":"Scrap Ooze","floor":4,"gold_loss":0},{"damage_healed":0,"gold_gain":0,"player_choice":"Entered Light","damage_taken":16,"max_hp_gain":0,"max_hp_loss":0,"event_name":"Shining Light","floor":5,"gold_loss":0,"cards_upgraded":["Defend_R","Defend_R"]}],"is_beta":false,"boss_relics":[],"items_purged_floors":[],"is_endless":false,"potions_floor_spawned":[1,10,11],"killed_by":"Lagavulin","ascension_level":1}}