{"host":"yn1175etg9ni8l0q","time":1613314466,"event":{"mods":["AchievementEnabler","BaseMod","Colored Map","Colored Powertips","DeckTracker","Minty Spire (QoL Compilation)","Rare Cards Sparkle","Relic Stats","SuperFastMode","everything is the same but u backflip on backflip"],"gold_per_floor":[117,117,117,128,53,53,69,80,151,163,175,202,202,232,232,328,328,346,421,454,470,490,518,518,246,246,246,276,291,291,316,316,415,415,431,446,446,462,462,493,506,506,506,276,326,326,99,111,111,111,111,111,2,27,27],"floor_reached":56,"language":"KOR","playtime":1870,"items_purged":["Strike_R","Strike_R","Defend_R","Defend_R"],"score":1990,"play_id":"d908d0e5-922b-4100-8b78-a86b1d7166e3","local_time":"20210214235426","is_ascension_mode":true,"campfire_choices":[{"data":"Apotheosis","floor":6.0,"key":"SMITH"},{"data":"Barricade","floor":13.0,"key":"SMITH"},{"data":"Battle Trance","floor":15.0,"key":"SMITH"},{"floor":24,"key":"REST"},{"floor":32,"key":"REST"},{"data":"Pommel Strike","floor":42,"key":"SMITH"},{"floor":49,"key":"RECALL"},{"data":"Dark Embrace","floor":52,"key":"SMITH"}],"circlet_count":0,"master_deck":["AscendersBane","Defend_R","Defend_R","Bash","Apotheosis+1","Shrug It Off","Body Slam","Body Slam","Immolate","Barricade+1","Battle Trance+1","Feed","Flame Barrier+1","Disarm+1","True Grit+1","Seeing Red+1","True Grit+1","Good Instincts+1","Secret Technique+1","Pommel Strike+1","Entrench+1","Dark Embrace+1","Deep Breath+1","Shrug It Off+1","Thinking Ahead+1","Second Wind+1"],"relics":["Burning Blood","Gremlin Horn","Juzu Bracelet","Bottled Tornado","Black Star","Red Mask","Ice Cream","Toxic Egg 2","Membership Card","Oddly Smooth Stone","Kunai","Toy Ornithopter","Blood Vial","Mark of Pain","Anchor","Potion Belt","Question Card","CaptainsWheel","Bag of Preparation","Pen Nib","Happy Flower"],"acts_visited":["Exordium","TheCity","TheBeyond","TheEnding"],"potions_floor_usage":[33,55,55,55],"damage_taken":[{"damage":13.0,"enemies":"Small Slimes","floor":1.0,"turns":5.0},{"damage":7.0,"enemies":"Jaw Worm","floor":4.0,"turns":3.0},{"damage":0.0,"enemies":"Cultist","floor":7.0,"turns":3.0},{"damage":0.0,"enemies":"Looter","floor":8.0,"turns":5.0},{"damage":0.0,"enemies":"Red Slaver","floor":10.0,"turns":3.0},{"damage":3.0,"enemies":"Exordium Thugs","floor":11.0,"turns":3.0},{"damage":12.0,"enemies":"Lagavulin","floor":12.0,"turns":7.0},{"damage":2.0,"enemies":"3 Sentries","floor":14.0,"turns":5.0},{"damage":21.0,"enemies":"The Guardian","floor":16.0,"turns":8.0},{"damage":11.0,"enemies":"Shell Parasite","floor":18.0,"turns":8.0},{"damage":14.0,"enemies":"Masked Bandits","floor":20.0,"turns":3.0},{"damage":8.0,"enemies":"Chosen","floor":21.0,"turns":7.0},{"damage":11.0,"enemies":"Shelled Parasite and Fungi","floor":22.0,"turns":6.0},{"damage":57,"enemies":"Book of Stabbing","floor":23,"turns":8},{"damage":10,"enemies":"Gremlin Leader","floor":28,"turns":6},{"damage":9,"enemies":"Snake Plant","floor":29,"turns":4},{"damage":9,"enemies":"Automaton","floor":33,"turns":11},{"damage":0,"enemies":"3 Shapes","floor":35,"turns":3},{"damage":4,"enemies":"Orb Walker","floor":36,"turns":7},{"damage":0,"enemies":"Jaw Worm Horde","floor":38,"turns":6},{"damage":7,"enemies":"Nemesis","floor":40,"turns":9},{"damage":0,"enemies":"4 Shapes","floor":41,"turns":5},{"damage":0,"enemies":"Mind Bloom Boss Battle","floor":45,"turns":5},{"damage":0,"enemies":"3 Darklings","floor":48,"turns":5},{"damage":0,"enemies":"Awakened One","floor":50,"turns":5},{"damage":29,"enemies":"Shield and Spear","floor":54,"turns":11},{"damage":0,"enemies":"The Heart","floor":55,"turns":13}],"seed_played":"7446677043037229529","potions_obtained":[{"floor":8.0,"key":"Fire Potion"},{"floor":11.0,"key":"ColorlessPotion"},{"floor":12.0,"key":"GamblersBrew"},{"floor":16.0,"key":"PowerPotion"},{"floor":18.0,"key":"LiquidMemories"},{"floor":38,"key":"SmokeBomb"},{"floor":40,"key":"Strength Potion"},{"floor":45,"key":"Swift Potion"}],"is_trial":false,"path_per_floor":["M","?","?","M","$","R","M","M","T","M","M","E","R","E","R","B",null,"M","?","?","M","M","E","R","$","T","?","E","M","?","T","R","B",null,"M","M","?","M","?","E","M","R","T","$","?","?","$","M","R","B",null,"R","$","E","B",null],"character_chosen":"IRONCLAD","items_purchased":["Membership Card","HeartOfIron","Explosive Potion","Dark Embrace","Question Card","Deep Breath+1","Shrug It Off+1","Thinking Ahead+1","Bag of Preparation","Second Wind+1"],"campfire_rested":2,"item_purchase_floors":[25,25,25,44,44,47,47,47,53,53],"current_hp_per_floor":[65,58,63,62,62,62,68,74,74,77,77,71,71,75,75,60,73,72,64,60,62,61,10,37,37,37,31,31,28,28,28,57,65,92,104,105,95,107,107,108,113,113,113,113,113,113,113,117,117,121,121,121,121,102,125],"gold":27,"neow_bonus":"RANDOM_COLORLESS_2","is_daily":false,"chose_seed":false,"campfire_upgraded":5,"win_rate":0.0,"timestamp":1613314466,"path_taken":["M","?","?","M","$","R","M","M","T","M","M","E","R","E","R","BOSS","M","?","?","M","M","E","R","$","T","?","E","M","?","?","R","BOSS","M","M","?","M","?","E","M","R","T","$","?","?","$","M","R","BOSS","R","$","E","BOSS"],"items_purchased_type":["Relic","Potion","Potion","Card","Relic","Card","Card","Card","Relic","Card"],"build_version":"2020-12-22","purchased_purges":4,"victory":true,"max_hp_per_floor":[72,72,77,77,77,77,77,77,77,77,77,77,77,77,77,77,77,81,81,85,89,93,93,93,93,93,93,97,97,97,97,97,101,101,105,105,105,109,109,109,113,113,113,113,113,113,113,117,117,121,121,121,121,125,125],"relic_stats":{"Gremlin Horn":[21,26],"Happy Flower":[4],"counters":[27,164],"Pen Nib":[1],"Juzu Bracelet":3,"Bag of Preparation":[4],"Question Card":3,"Burning Blood":130,"Blood Vial":12,"Black Star":4,"Kunai":[10],"obtain_stats":[{"Ice Cream":23,"Potion Belt":40,"Gremlin Horn":9,"Happy Flower":54,"Oddly Smooth Stone":26,"Pen Nib":54,"Juzu Bracelet":12,"Bag of Preparation":53,"Bottled Tornado":14,"Question Card":44,"Burning Blood":0,"Blood Vial":31,"Anchor":40,"CaptainsWheel":45,"Mark of Pain":34,"Black Star":17,"Red Mask":20,"Membership Card":25,"Kunai":28,"Toxic Egg 2":23,"Toy Ornithopter":28},{"Ice Cream":14,"Potion Belt":21,"Gremlin Horn":4,"Happy Flower":26,"Oddly Smooth Stone":14,"Pen Nib":26,"Juzu Bracelet":7,"Bag of Preparation":25,"Bottled Tornado":8,"Question Card":22,"Burning Blood":0,"Blood Vial":16,"Anchor":21,"CaptainsWheel":23,"Mark of Pain":17,"Black Star":9,"Red Mask":11,"Membership Card":14,"Kunai":15,"Toxic Egg 2":14,"Toy Ornithopter":15},{"Ice Cream":74,"Potion Belt":120,"Gremlin Horn":16,"Happy Flower":151,"Oddly Smooth Stone":74,"Pen Nib":151,"Juzu Bracelet":29,"Bag of Preparation":140,"Bottled Tornado":34,"Question Card":125,"Burning Blood":0,"Blood Vial":84,"Anchor":120,"CaptainsWheel":130,"Mark of Pain":95,"Black Star":42,"Red Mask":53,"Membership Card":74,"Kunai":80,"Toxic Egg 2":74,"Toy Ornithopter":80}],"Toy Ornithopter":20},"card_choices":[{"not_picked":["Sadistic Nature","Metamorphosis"],"picked":"Apotheosis","floor":0.0},{"not_picked":["Clash","Perfected Strike","Thunderclap"],"picked":"SKIP","floor":1.0},{"not_picked":["Searing Blow","Shockwave"],"picked":"Shrug It Off","floor":4.0},{"not_picked":["Twin Strike","Clothesline"],"picked":"Body Slam","floor":7.0},{"not_picked":["Perfected Strike","Intimidate"],"picked":"Body Slam","floor":8.0},{"not_picked":["Twin Strike","Dropkick","Havoc"],"picked":"SKIP","floor":10.0},{"not_picked":["Twin Strike","Dropkick","Havoc"],"picked":"SKIP","floor":10.0},{"not_picked":["Perfected Strike","Heavy Blade"],"picked":"Immolate","floor":11.0},{"not_picked":["Body Slam","Wild Strike"],"picked":"Barricade","floor":12.0},{"not_picked":["Pommel Strike","Thunderclap"],"picked":"Battle Trance","floor":14.0},{"not_picked":["Reaper","Brutality"],"picked":"Feed","floor":16.0},{"not_picked":["Feel No Pain","Hemokinesis"],"picked":"Flame Barrier+1","floor":18.0},{"not_picked":["Rampage+1","Bloodletting","Intimidate"],"picked":"SKIP","floor":21.0},{"not_picked":["Twin Strike","Heavy Blade","Headbutt+1"],"picked":"SKIP","floor":22.0},{"not_picked":["Feed","Perfected Strike"],"picked":"Disarm+1","floor":23},{"not_picked":["Heavy Blade","Warcry+1"],"picked":"True Grit+1","floor":28},{"not_picked":["Rage+1","Sever Soul+1"],"picked":"True Grit+1","floor":29},{"not_picked":["Dropkick","Perfected Strike+1"],"picked":"Seeing Red+1","floor":35},{"not_picked":["Reckless Charge","Rampage"],"picked":"True Grit+1","floor":36},{"not_picked":["Sadistic Nature","Jack Of All Trades+1"],"picked":"Good Instincts+1","floor":37},{"not_picked":["Jack Of All Trades+1","Dark Shackles+1"],"picked":"Secret Technique+1","floor":37},{"not_picked":["Pommel Strike","Clothesline","Sword Boomerang"],"picked":"SKIP","floor":38},{"not_picked":["Sentinel+1","Carnage"],"picked":"Entrench+1","floor":40},{"not_picked":["Metallicize","Thunderclap+1","Heavy Blade+1"],"picked":"SKIP","floor":41},{"not_picked":["Brutality","Sever Soul","Sword Boomerang+1","Wild Strike"],"picked":"SKIP","floor":48},{"not_picked":["Flex+1","Anger","Sword Boomerang","Thunderclap"],"picked":"SKIP","floor":54}],"player_experience":383345,"relics_obtained":[{"floor":9.0,"key":"Gremlin Horn"},{"floor":12.0,"key":"Juzu Bracelet"},{"floor":14.0,"key":"Bottled Tornado"},{"floor":20.0,"key":"Red Mask"},{"floor":23,"key":"Ice Cream"},{"floor":23,"key":"Toxic Egg 2"},{"floor":26,"key":"Oddly Smooth Stone"},{"floor":28,"key":"Kunai"},{"floor":28,"key":"Toy Ornithopter"},{"floor":31,"key":"Blood Vial"},{"floor":40,"key":"Anchor"},{"floor":40,"key":"Potion Belt"},{"floor":45,"key":"CaptainsWheel"},{"floor":54,"key":"Pen Nib"},{"floor":54,"key":"Happy Flower"}],"event_choices":[{"cards_removed":["Strike_R"],"damage_healed":0.0,"max_hp_gain":0.0,"max_hp_loss":0.0,"gold_gain":0.0,"event_name":"Golden Wing","player_choice":"Card Removal","floor":2.0,"gold_loss":0.0,"damage_taken":7.0},{"damage_healed":0.0,"max_hp_gain":5.0,"max_hp_loss":0.0,"gold_gain":0.0,"event_name":"Big Fish","player_choice":"Donut","floor":3.0,"gold_loss":0.0,"damage_taken":0.0},{"damage_healed":0.0,"max_hp_gain":0.0,"max_hp_loss":0.0,"gold_gain":75.0,"event_name":"FaceTrader","player_choice":"Touch","floor":19.0,"gold_loss":0.0,"damage_taken":8.0},{"damage_healed":0.0,"max_hp_gain":0.0,"max_hp_loss":0.0,"gold_gain":0.0,"event_name":"Masked Bandits","player_choice":"Fought Bandits","floor":20.0,"gold_loss":0.0,"damage_taken":0.0},{"damage_healed":0,"gold_gain":0,"player_choice":"","damage_taken":6,"max_hp_gain":0,"max_hp_loss":0,"event_name":"Knowing Skull","floor":27,"potions_obtained":[],"gold_loss":0,"cards_obtained":[]},{"cards_removed":["Strike_R"],"damage_healed":0,"gold_gain":0,"player_choice":"Offered Basic","damage_taken":0,"max_hp_gain":0,"max_hp_loss":0,"event_name":"Bonfire Elementals","floor":30,"gold_loss":0},{"damage_healed":0,"gold_gain":0,"player_choice":"Memory 3","damage_taken":10,"max_hp_gain":0,"max_hp_loss":0,"event_name":"SensoryStone","floor":37,"gold_loss":0},{"damage_healed":0,"gold_gain":0,"cards_transformed":["Strike_R"],"player_choice":"Transformed","damage_taken":0,"max_hp_gain":0,"max_hp_loss":0,"event_name":"Transmorgrifier","floor":39,"gold_loss":0,"cards_obtained":["Pommel Strike"]},{"damage_healed":0,"gold_gain":0,"player_choice":"Fight","damage_taken":0,"max_hp_gain":0,"max_hp_loss":0,"event_name":"MindBloom","floor":45,"gold_loss":0},{"cards_removed":["True Grit"],"damage_healed":0,"gold_gain":0,"player_choice":"Removed Skill","damage_taken":0,"max_hp_gain":0,"max_hp_loss":0,"event_name":"Falling","floor":46,"gold_loss":0}],"is_beta":false,"boss_relics":[{"not_picked":["Coffee Dripper","Calling Bell"],"picked":"Black Star"},{"not_picked":["Pandora\u0027s Box","Empty Cage"],"picked":"Mark of Pain"}],"items_purged_floors":[5,25,44,47],"is_endless":false,"potions_floor_spawned":[8,11,12,16,18,29,38,40,45],"ascension_level":12}}