{"host":"phy652c7lim9lcu2","time":1613298660,"event":{"mods":["BaseMod","Colored Powertips","Googly Eyes","Minty Spire (QoL Compilation)","Relic Stats","Spicy Shops","StSLib","everything is the same but u backflip on backflip"],"gold_per_floor":[119,138,151,170,184,184,219,219,301,301,334,334,334,375,375,494,494,515,528,56,71,89,124,49,74,122,161,180,213,128,8,8,128,128,143,163,226,226,244,244,263,303,303,303,342,362,362,397,397,397,397,397,39,82,82],"floor_reached":56,"language":"ENG","playtime":2758,"items_purged":["Strike_R","Strike_R"],"score":1951,"play_id":"530846a7-1bb3-4c35-8d4b-73e99186f066","local_time":"20210214203100","is_ascension_mode":true,"campfire_choices":[{"data":"Whirlwind","floor":6.0,"key":"SMITH"},{"data":"Seeing Red","floor":8.0,"key":"SMITH"},{"data":"Combust","floor":10.0,"key":"SMITH"},{"floor":13.0,"key":"RECALL"},{"floor":15.0,"key":"REST"},{"data":"Battle Trance","floor":32.0,"key":"SMITH"},{"data":"Juggernaut","floor":40.0,"key":"SMITH"},{"data":"Battle Trance","floor":44.0,"key":"SMITH"},{"data":"Shrug It Off","floor":49.0,"key":"SMITH"},{"data":"Bash","floor":52,"key":"SMITH"}],"circlet_count":0,"master_deck":["AscendersBane","Strike_R","Strike_R","Defend_R","Defend_R","Defend_R","Bash+1","CurseOfTheBell","Iron Wave","Whirlwind+1","Combust+1","Seeing Red+1","Fiend Fire+1","Pommel Strike+1","Juggernaut+1","Shrug It Off+1","Cleave+1","True Grit+1","Pommel Strike+1","Battle Trance+1","Cleave+1","Second Wind+1","Feel No Pain+1","Flash of Steel+1","Berserk+1","True Grit+1","Twin Strike+1","True Grit+1","Battle Trance+1","Corruption+1","Feel No Pain+1","Dark Embrace+1","Feel No Pain+1"],"relics":["Calling Bell","Toy Ornithopter","Mercury Hourglass","Magic Flower","Bird Faced Urn","Molten Egg 2","Charon\u0027s Ashes","Golden Idol","Omamori","Runic Cube","HandDrill","Brimstone","Vajra","CaptainsWheel","Self Forming Clay","PreservedInsect","Frozen Egg 2","Philosopher\u0027s Stone","FossilizedHelix","Bottled Tornado","Eternal Feather","Torii","Oddly Smooth Stone","Blue Candle","Blood Vial"],"acts_visited":["Exordium","TheCity","TheBeyond","TheEnding"],"potions_floor_usage":[55,55,55,55],"damage_taken":[{"damage":0.0,"enemies":"Cultist","floor":1.0,"turns":4.0},{"damage":0.0,"enemies":"Small Slimes","floor":2.0,"turns":3.0},{"damage":2.0,"enemies":"Jaw Worm","floor":3.0,"turns":5.0},{"damage":9.0,"enemies":"Blue Slaver","floor":4.0,"turns":4.0},{"damage":2.0,"enemies":"2 Fungi Beasts","floor":5.0,"turns":4.0},{"damage":11.0,"enemies":"Gremlin Nob","floor":7.0,"turns":4.0},{"damage":22.0,"enemies":"3 Sentries","floor":11.0,"turns":4.0},{"damage":33.0,"enemies":"Lagavulin","floor":14.0,"turns":6.0},{"damage":3.0,"enemies":"Slime Boss","floor":16.0,"turns":5.0},{"damage":20.0,"enemies":"Chosen","floor":18.0,"turns":4.0},{"damage":2.0,"enemies":"3 Byrds","floor":19.0,"turns":2.0},{"damage":0.0,"enemies":"Snake Plant","floor":21.0,"turns":2.0},{"damage":0.0,"enemies":"Sentry and Sphere","floor":22.0,"turns":2.0},{"damage":23.0,"enemies":"Gremlin Leader","floor":23.0,"turns":4.0},{"damage":7.0,"enemies":"Cultist and Chosen","floor":25.0,"turns":3.0},{"damage":15.0,"enemies":"Slavers","floor":27.0,"turns":3.0},{"damage":0.0,"enemies":"3 Cultists","floor":28.0,"turns":2.0},{"damage":3.0,"enemies":"Gremlin Leader","floor":29.0,"turns":4.0},{"damage":59.0,"enemies":"Automaton","floor":33.0,"turns":7.0},{"damage":39.0,"enemies":"3 Shapes","floor":35.0,"turns":2.0},{"damage":14.0,"enemies":"3 Darklings","floor":36.0,"turns":3.0},{"damage":0.0,"enemies":"Mind Bloom Boss Battle","floor":37.0,"turns":4.0},{"damage":43.0,"enemies":"Writhing Mass","floor":39.0,"turns":4.0},{"damage":14.0,"enemies":"Spire Growth","floor":41.0,"turns":3.0},{"damage":18.0,"enemies":"Giant Head","floor":42.0,"turns":5.0},{"damage":17.0,"enemies":"Nemesis","floor":45.0,"turns":5.0},{"damage":29.0,"enemies":"3 Darklings","floor":46.0,"turns":2.0},{"damage":37.0,"enemies":"Giant Head","floor":48.0,"turns":6.0},{"damage":40,"enemies":"Donu and Deca","floor":50,"turns":5},{"damage":24,"enemies":"Shield and Spear","floor":54,"turns":2},{"damage":25,"enemies":"The Heart","floor":55,"turns":6}],"seed_played":"-8197805964308195382","potions_obtained":[{"floor":1.0,"key":"PowerPotion"},{"floor":3.0,"key":"FairyPotion"},{"floor":14.0,"key":"BloodPotion"},{"floor":16.0,"key":"Energy Potion"},{"floor":18.0,"key":"LiquidMemories"},{"floor":25.0,"key":"FairyPotion"},{"floor":27.0,"key":"BlessingOfTheForge"},{"floor":35.0,"key":"Strength Potion"},{"floor":36.0,"key":"EntropicBrew"},{"floor":39.0,"key":"Dexterity Potion"},{"floor":45.0,"key":"ElixirPotion"}],"is_trial":false,"path_per_floor":["M","M","M","M","M","R","E","R","T","R","E","?","R","E","R","B",null,"M","M","$","M","M","E","?","M","T","E","M","E","?","$","R","B",null,"M","M","?","?","M","R","M","E","T","R","E","M","?","E","R","B",null,"R","$","E","B",null],"character_chosen":"IRONCLAD","items_purchased":["HandDrill","Brimstone","Vajra","Cleave+1","Feel No Pain+1","Flash of Steel+1","Blue Candle"],"campfire_rested":1,"item_purchase_floors":[20,20,20,20,31,31,53],"current_hp_per_floor":[72,72,70,61,59,59,56,56,56,56,37,37,37,7,29,29,63,68,69,69,69,69,54,54,50,50,46,46,46,46,46,46,33,64,28,14,14,14,41,41,36,30,30,48,40,23,65,40,58,39,59,65,65,47,54],"gold":82,"neow_bonus":"BOSS_RELIC","is_daily":false,"chose_seed":false,"campfire_upgraded":8,"win_rate":0.0,"timestamp":1613298660,"path_taken":["M","M","M","M","M","R","E","R","T","R","E","?","R","E","R","BOSS","M","M","$","M","M","E","?","M","T","E","M","E","?","$","R","BOSS","M","M","?","?","M","R","M","E","T","R","E","M","?","E","R","BOSS","R","$","E","BOSS"],"items_purchased_type":["Relic","Relic","Relic","Card","Card","Card","Relic"],"build_version":"2020-12-22","purchased_purges":2,"victory":true,"max_hp_per_floor":[80,80,80,80,80,80,80,80,80,80,80,74,74,74,74,74,74,74,74,74,74,74,74,74,74,74,74,74,74,74,74,74,74,74,74,74,74,74,74,74,74,74,74,74,74,74,65,65,65,65,65,65,65,65,65],"relic_stats":{"Torii":0,"counters":[31,119],"Golden Idol":215,"Self Forming Clay":[135],"Blue Candle":[2],"Magic Flower":[82],"Eternal Feather":42,"Charon\u0027s Ashes":[720],"PreservedInsect":387,"Mercury Hourglass":[482],"Blood Vial":3,"Bird Faced Urn":[145],"HandDrill":[34],"obtain_stats":[{"Torii":45,"Magic Flower":0,"Vajra":20,"Bottled Tornado":42,"Burning Blood":0,"Blood Vial":54,"Philosopher\u0027s Stone":34,"HandDrill":20,"Runic Cube":17,"Golden Idol":12,"Self Forming Clay":27,"Blue Candle":53,"Oddly Smooth Stone":48,"Eternal Feather":43,"Charon\u0027s Ashes":11,"PreservedInsect":29,"Omamori":14,"Frozen Egg 2":30,"Mercury Hourglass":0,"Calling Bell":0,"CaptainsWheel":23,"Brimstone":20,"Bird Faced Urn":7,"Molten Egg 2":9,"Toy Ornithopter":0,"FossilizedHelix":37},{"Torii":26,"Magic Flower":0,"Vajra":11,"Bottled Tornado":25,"Burning Blood":0,"Blood Vial":30,"Philosopher\u0027s Stone":19,"HandDrill":11,"Runic Cube":9,"Golden Idol":7,"Self Forming Clay":16,"Blue Candle":29,"Oddly Smooth Stone":28,"Eternal Feather":25,"Charon\u0027s Ashes":7,"PreservedInsect":18,"Omamori":8,"Frozen Egg 2":18,"Mercury Hourglass":0,"Calling Bell":0,"CaptainsWheel":14,"Brimstone":11,"Bird Faced Urn":6,"Molten Egg 2":6,"Toy Ornithopter":0,"FossilizedHelix":22},{"Torii":98,"Magic Flower":0,"Vajra":45,"Bottled Tornado":93,"Burning Blood":0,"Blood Vial":113,"Philosopher\u0027s Stone":72,"HandDrill":45,"Runic Cube":39,"Golden Idol":28,"Self Forming Clay":59,"Blue Candle":111,"Oddly Smooth Stone":106,"Eternal Feather":93,"Charon\u0027s Ashes":28,"PreservedInsect":65,"Omamori":34,"Frozen Egg 2":65,"Mercury Hourglass":0,"Calling Bell":0,"CaptainsWheel":53,"Brimstone":45,"Bird Faced Urn":24,"Molten Egg 2":24,"Toy Ornithopter":0,"FossilizedHelix":81}],"Toy Ornithopter":42,"Runic Cube":[60]},"card_choices":[{"not_picked":["Sword Boomerang","Heavy Blade"],"picked":"Iron Wave","floor":1.0},{"not_picked":["Bloodletting","Spot Weakness"],"picked":"Whirlwind","floor":2.0},{"not_picked":["Metallicize","Wild Strike"],"picked":"Combust","floor":3.0},{"not_picked":["Second Wind","Dropkick"],"picked":"Seeing Red","floor":4.0},{"not_picked":["Havoc","Carnage","Heavy Blade"],"picked":"SKIP","floor":5.0},{"not_picked":["Clothesline","Flex","Feel No Pain"],"picked":"SKIP","floor":7.0},{"not_picked":["Clash+1","Second Wind"],"picked":"Fiend Fire+1","floor":11.0},{"not_picked":["Fire Breathing","Infernal Blade"],"picked":"Pommel Strike+1","floor":14.0},{"not_picked":["Limit Break","Corruption"],"picked":"Juggernaut","floor":16.0},{"not_picked":["Perfected Strike+1","Flex+1","Sword Boomerang+1"],"picked":"SKIP","floor":18.0},{"not_picked":["True Grit","Havoc"],"picked":"Shrug It Off","floor":19.0},{"not_picked":["Rampage+1","Wild Strike+1","Spot Weakness"],"picked":"SKIP","floor":21.0},{"not_picked":["Sentinel","Wild Strike+1"],"picked":"True Grit+1","floor":22.0},{"not_picked":["True Grit","Sword Boomerang+1"],"picked":"Pommel Strike+1","floor":23.0},{"not_picked":["Carnage+1","Shrug It Off"],"picked":"Battle Trance","floor":25.0},{"not_picked":["Havoc","Sword Boomerang+1"],"picked":"Cleave+1","floor":27.0},{"not_picked":["Anger+1","Flex+1"],"picked":"Second Wind+1","floor":28.0},{"not_picked":["Dual Wield","Feed+1","Sword Boomerang+1"],"picked":"SKIP","floor":29.0},{"not_picked":["Offering","Impervious"],"picked":"Berserk+1","floor":33.0},{"not_picked":["Flame Barrier+1","Iron Wave+1","Wild Strike+1"],"picked":"SKIP","floor":35.0},{"not_picked":["Cleave+1","Rampage+1"],"picked":"True Grit+1","floor":36.0},{"not_picked":["Flame Barrier","Warcry+1"],"picked":"Twin Strike+1","floor":37.0},{"not_picked":["Headbutt+1","Carnage+1"],"picked":"True Grit+1","floor":39.0},{"not_picked":["Twin Strike+1","Entrench"],"picked":"Battle Trance","floor":41.0},{"not_picked":["Seeing Red","Iron Wave+1","Sever Soul+1"],"picked":"SKIP","floor":42.0},{"not_picked":["Twin Strike+1","Juggernaut+1"],"picked":"Corruption+1","floor":45.0},{"not_picked":["Headbutt+1","Armaments"],"picked":"Feel No Pain+1","floor":46.0},{"not_picked":["Battle Trance","Fire Breathing+1"],"picked":"Dark Embrace+1","floor":48.0},{"not_picked":["Clothesline+1","Infernal Blade"],"picked":"Feel No Pain+1","floor":54}],"player_experience":322922,"relics_obtained":[{"floor":0.0,"key":"Toy Ornithopter"},{"floor":0.0,"key":"Mercury Hourglass"},{"floor":0.0,"key":"Magic Flower"},{"floor":7.0,"key":"Bird Faced Urn"},{"floor":9.0,"key":"Molten Egg 2"},{"floor":11.0,"key":"Charon\u0027s Ashes"},{"floor":14.0,"key":"Omamori"},{"floor":23.0,"key":"CaptainsWheel"},{"floor":27.0,"key":"Self Forming Clay"},{"floor":29.0,"key":"PreservedInsect"},{"floor":37.0,"key":"FossilizedHelix"},{"floor":42.0,"key":"Bottled Tornado"},{"floor":43.0,"key":"Eternal Feather"},{"floor":45.0,"key":"Torii"},{"floor":48.0,"key":"Oddly Smooth Stone"},{"floor":54,"key":"Blood Vial"}],"event_choices":[{"damage_healed":0.0,"max_hp_gain":0.0,"max_hp_loss":6.0,"gold_gain":0.0,"event_name":"Golden Idol","player_choice":"Lose Max HP","floor":12.0,"gold_loss":0.0,"damage_taken":0.0,"relics_obtained":["Golden Idol"]},{"cards_removed":["Defend_R"],"damage_healed":0.0,"max_hp_gain":0.0,"max_hp_loss":0.0,"gold_gain":0.0,"event_name":"Beggar","player_choice":"Gave Gold","floor":24.0,"gold_loss":75.0,"damage_taken":0.0},{"damage_healed":0.0,"max_hp_gain":0.0,"max_hp_loss":0.0,"gold_gain":0.0,"event_name":"Addict","player_choice":"Obtained Relic","floor":30.0,"gold_loss":85.0,"damage_taken":0.0,"relics_obtained":["Frozen Egg 2"]},{"damage_healed":0.0,"max_hp_gain":0.0,"max_hp_loss":0.0,"gold_gain":0.0,"event_name":"MindBloom","player_choice":"Fight","floor":37.0,"gold_loss":0.0,"damage_taken":0.0},{"cards_removed":["Strike_R"],"damage_healed":0.0,"max_hp_gain":0.0,"max_hp_loss":0.0,"gold_gain":0.0,"event_name":"Falling","player_choice":"Removed Attack","floor":38.0,"gold_loss":0.0,"damage_taken":0.0},{"damage_healed":65.0,"max_hp_gain":0.0,"max_hp_loss":9.0,"gold_gain":0.0,"event_name":"The Moai Head","player_choice":"Heal","floor":47.0,"gold_loss":0.0,"damage_taken":0.0}],"is_beta":false,"boss_relics":[{"not_picked":["Mark of Pain","SacredBark"],"picked":"Runic Cube"},{"not_picked":["Astrolabe","Snecko Eye"],"picked":"Philosopher\u0027s Stone"}],"items_purged_floors":[20,53],"is_endless":false,"potions_floor_spawned":[1,3,14,16,18,19,25,27,29,35,36,39,45,46,54],"ascension_level":10}}