{"host":"52m1o8iwwagurbjs","time":1613277460,"event":{"mods":["AchievementEnabler","BaseMod","Bestiary","Challenge The Spire","Colored Powertips","GifTheSpireLib","Minty Spire (QoL Compilation)","Quick Restart","Relic Stats","StSLib"],"gold_per_floor":[113,124,299,299,105,138,138,168,192,192,212,177,211,238,238,345,345,366,395,310,94,193,234,234,276,276,305,305,49,0,13,13,123,123,141,51,0,0,28,61,61,95,131,156,182,200,100,125,125,125,125,125,0,29,29,29],"floor_reached":55,"language":"ENG","playtime":2083,"items_purged":["Doubt","Normality","Strike_B"],"score":929,"play_id":"01cb8ac3-783d-4133-bbaa-2f0e76233370","local_time":"20210213233740","is_ascension_mode":true,"campfire_choices":[{"data":"White Noise","floor":7.0,"key":"SMITH"},{"data":"Ball Lightning","floor":10.0,"key":"SMITH"},{"data":"Defragment","floor":15.0,"key":"SMITH"},{"floor":24.0,"key":"REST"},{"data":"Defragment","floor":28.0,"key":"SMITH"},{"data":"Recycle","floor":32.0,"key":"SMITH"},{"data":"Electrodynamics","floor":41.0,"key":"SMITH"},{"floor":49,"key":"RECALL"},{"data":"Capacitor","floor":52,"key":"SMITH"}],"circlet_count":0,"master_deck":["Strike_B","Strike_B","Defend_B","Defend_B","Defend_B","Defend_B","Zap","Dualcast","Hologram","White Noise+1","Ball Lightning+1","White Noise+1","Turbo","Cold Snap","Electrodynamics+1","Defragment+1","Meteor Strike","Glacier+1","Defragment+1","Capacitor+1","Recycle+1","Defragment+1","Reboot","Biased Cognition","Echo Form","Coolheaded+1","Double Energy+1"],"relics":["Cracked Core","Nunchaku","StrikeDummy","CeramicFish","Juzu Bracelet","Cursed Key","Ornamental Fan","Runic Capacitor","Regal Pillow","FossilizedHelix","Bottled Tornado","Runic Pyramid","Red Mask","Prayer Wheel","Toxic Egg 2","Anchor","Akabeko"],"acts_visited":["Exordium","TheCity","TheBeyond","TheEnding"],"potions_floor_usage":[50],"damage_taken":[{"damage":0.0,"enemies":"2 Louse","floor":1.0,"turns":2.0},{"damage":8.0,"enemies":"Jaw Worm","floor":2.0,"turns":3.0},{"damage":16.0,"enemies":"3 Sentries","floor":6.0,"turns":5.0},{"damage":15.0,"enemies":"Gremlin Nob","floor":8.0,"turns":4.0},{"damage":0.0,"enemies":"Small Slimes","floor":11.0,"turns":2.0},{"damage":22.0,"enemies":"Lagavulin","floor":13.0,"turns":6.0},{"damage":6.0,"enemies":"Exordium Wildlife","floor":14.0,"turns":2.0},{"damage":18.0,"enemies":"The Guardian","floor":16.0,"turns":8.0},{"damage":5.0,"enemies":"Chosen","floor":18.0,"turns":3.0},{"damage":0.0,"enemies":"Shell Parasite","floor":19.0,"turns":7.0},{"damage":38.0,"enemies":"Slavers","floor":23.0,"turns":4.0},{"damage":11.0,"enemies":"Gremlin Leader","floor":25.0,"turns":6.0},{"damage":0.0,"enemies":"Centurion and Healer","floor":27.0,"turns":5.0},{"damage":0.0,"enemies":"Snecko","floor":31.0,"turns":4.0},{"damage":0.0,"enemies":"Collector","floor":33.0,"turns":6.0},{"damage":16.0,"enemies":"3 Darklings","floor":35.0,"turns":2.0},{"damage":0.0,"enemies":"3 Shapes","floor":39.0,"turns":2.0},{"damage":0.0,"enemies":"Giant Head","floor":40.0,"turns":9.0},{"damage":13.0,"enemies":"Reptomancer","floor":42.0,"turns":4.0},{"damage":7.0,"enemies":"Maw","floor":44.0,"turns":6.0},{"damage":0,"enemies":"Giant Head","floor":45,"turns":8},{"damage":0,"enemies":"Spire Growth","floor":46,"turns":5},{"damage":0,"enemies":"Sphere and 2 Shapes","floor":48,"turns":3},{"damage":13,"enemies":"Donu and Deca","floor":50,"turns":8},{"damage":45,"enemies":"Shield and Spear","floor":54,"turns":4},{"damage":37,"enemies":"The Heart","floor":55,"turns":3}],"seed_played":"6384032197834860845","potions_obtained":[{"floor":1.0,"key":"Strength Potion"},{"floor":2.0,"key":"AttackPotion"},{"floor":11.0,"key":"Dexterity Potion"},{"floor":14.0,"key":"Explosive Potion"},{"floor":25.0,"key":"EssenceOfSteel"},{"floor":35.0,"key":"Block Potion"},{"floor":40.0,"key":"FocusPotion"},{"floor":46,"key":"Block Potion"}],"is_trial":false,"path_per_floor":["M","M","?","?","$","E","R","E","T","R","M","?","E","M","R","B",null,"M","M","?","$","?","E","R","E","T","M","R","$","$","M","R","B",null,"M","?","$","?","M","E","R","E","T","M","E","M","$","M","R","B",null,"R","$","E","B"],"character_chosen":"DEFECT","items_purchased":["Ball Lightning","White Noise","Runic Capacitor","Capacitor","Bottled Tornado","FocusPotion","Block Potion"],"campfire_rested":1,"item_purchase_floors":[5,5,21,21,29,30,37],"current_hp_per_floor":[82,74,74,74,74,58,58,43,43,43,43,63,41,35,35,17,82,77,77,77,77,77,39,78,67,67,67,67,67,67,67,67,67,82,66,66,66,66,66,66,66,53,53,46,46,46,46,46,46,33,82,82,82,37,0,0],"gold":29,"neow_bonus":"TEN_PERCENT_HP_BONUS","is_daily":false,"chose_seed":false,"campfire_upgraded":7,"win_rate":0.0,"timestamp":1613277460,"path_taken":["M","M","?","?","$","E","R","E","T","R","M","?","E","M","R","BOSS","M","M","?","$","?","E","R","E","T","M","R","?","$","M","R","BOSS","M","?","$","?","M","E","R","E","T","M","E","M","$","M","R","BOSS","R","$","E","BOSS"],"items_purchased_type":["Card","Card","Relic","Card","Relic","Potion","Potion"],"build_version":"2020-12-22","purchased_purges":3,"victory":false,"max_hp_per_floor":[82,82,82,82,82,82,82,82,82,82,82,82,82,82,82,82,82,82,82,82,82,82,82,82,82,82,82,82,82,82,82,82,82,82,82,82,82,82,82,82,82,82,82,82,82,82,82,82,82,82,82,82,82,82,82,82],"relic_stats":{"Nunchaku":[11],"Regal Pillow":15,"counters":[26,120],"Ornamental Fan":[32],"CeramicFish":135,"Prayer Wheel":3,"Juzu Bracelet":0,"Cursed Key":1,"obtain_stats":[{"Regal Pillow":23,"CeramicFish":9,"Juzu Bracelet":13,"Runic Capacitor":21,"Bottled Tornado":29,"Cursed Key":17,"Akabeko":54,"Nunchaku":6,"Anchor":45,"Ornamental Fan":20,"Prayer Wheel":40,"Red Mask":38,"Toxic Egg 2":42,"Cracked Core":0,"StrikeDummy":8,"FossilizedHelix":25,"Runic Pyramid":34},{"Regal Pillow":11,"CeramicFish":4,"Juzu Bracelet":6,"Runic Capacitor":10,"Bottled Tornado":13,"Cursed Key":8,"Akabeko":25,"Nunchaku":3,"Anchor":21,"Ornamental Fan":10,"Prayer Wheel":18,"Red Mask":16,"Toxic Egg 2":19,"Cracked Core":0,"StrikeDummy":4,"FossilizedHelix":12,"Runic Pyramid":15},{"Regal Pillow":46,"CeramicFish":14,"Juzu Bracelet":22,"Runic Capacitor":42,"Bottled Tornado":56,"Cursed Key":32,"Akabeko":117,"Nunchaku":10,"Anchor":97,"Ornamental Fan":42,"Prayer Wheel":79,"Red Mask":68,"Toxic Egg 2":83,"Cracked Core":0,"StrikeDummy":14,"FossilizedHelix":51,"Runic Pyramid":66}]},"card_choices":[{"not_picked":["Storm","Self Repair"],"picked":"Hologram","floor":1.0},{"not_picked":["BootSequence","Leap"],"picked":"White Noise","floor":2.0},{"not_picked":["Steam","Storm","Barrage"],"picked":"SKIP","floor":6.0},{"not_picked":["Rebound","Lockon"],"picked":"Turbo","floor":8.0},{"not_picked":["Beam Cell","BootSequence"],"picked":"Cold Snap","floor":11.0},{"not_picked":["Barrage","Sunder"],"picked":"Electrodynamics","floor":13.0},{"not_picked":["Gash","Streamline"],"picked":"Defragment","floor":14.0},{"not_picked":["Thunder Strike","Electrodynamics"],"picked":"Meteor Strike","floor":16.0},{"not_picked":["Leap+1","Beam Cell+1"],"picked":"Glacier","floor":18.0},{"not_picked":["Capacitor","Ball Lightning"],"picked":"Defragment+1","floor":19.0},{"not_picked":["White Noise+1","Leap"],"picked":"Recycle","floor":23.0},{"not_picked":["Undo","Coolheaded"],"picked":"Defragment","floor":25.0},{"not_picked":["Turbo","Rebound"],"picked":"Reboot","floor":27.0},{"not_picked":["Capacitor","Aggregate","Cold Snap+1"],"picked":"SKIP","floor":31.0},{"not_picked":["Machine Learning","Reboot"],"picked":"Biased Cognition","floor":33.0},{"not_picked":["Gash","Redo","Glacier+1"],"picked":"SKIP","floor":35.0},{"not_picked":["Streamline","Undo+1"],"picked":"Echo Form","floor":39.0},{"not_picked":["Scrape+1","Doom and Gloom","Genetic Algorithm"],"picked":"SKIP","floor":40.0},{"not_picked":["Stack+1","Beam Cell+1","Rebound+1"],"picked":"SKIP","floor":42.0},{"not_picked":["Gash+1","Streamline"],"picked":"Coolheaded+1","floor":44.0},{"not_picked":["Gash","Undo+1","White Noise+1"],"picked":"SKIP","floor":44.0},{"not_picked":["Undo+1","Stack+1","Redo+1"],"picked":"SKIP","floor":45},{"not_picked":["Turbo+1","Storm","Ball Lightning+1"],"picked":"SKIP","floor":46},{"not_picked":["Sunder","Echo Form","Recycle+1"],"picked":"SKIP","floor":46},{"not_picked":["Conserve Battery+1","Cold Snap+1"],"picked":"Double Energy+1","floor":48},{"not_picked":["Rebound+1","Redo+1","Conserve Battery+1"],"picked":"SKIP","floor":48},{"not_picked":["Capacitor+1","Streamline+1","Compile Driver"],"picked":"SKIP","floor":54}],"player_experience":1355081,"relics_obtained":[{"floor":6.0,"key":"Nunchaku"},{"floor":8.0,"key":"StrikeDummy"},{"floor":9.0,"key":"CeramicFish"},{"floor":13.0,"key":"Juzu Bracelet"},{"floor":23.0,"key":"Regal Pillow"},{"floor":25.0,"key":"FossilizedHelix"},{"floor":40.0,"key":"Prayer Wheel"},{"floor":42.0,"key":"Toxic Egg 2"},{"floor":45,"key":"Anchor"},{"floor":54,"key":"Akabeko"}],"event_choices":[{"damage_healed":0.0,"max_hp_gain":0.0,"max_hp_loss":0.0,"gold_gain":175.0,"event_name":"Liars Game","player_choice":"AGREE","floor":3.0,"gold_loss":0.0,"damage_taken":0.0,"cards_obtained":["Doubt"]},{"damage_healed":0.0,"max_hp_gain":0.0,"max_hp_loss":0.0,"gold_gain":0.0,"event_name":"Living Wall","player_choice":"Grow","floor":4.0,"gold_loss":0.0,"damage_taken":0.0,"cards_upgraded":["White Noise"]},{"damage_healed":20.0,"max_hp_gain":0.0,"max_hp_loss":0.0,"gold_gain":0.0,"event_name":"The Cleric","player_choice":"Healed","floor":12.0,"gold_loss":35.0,"damage_taken":0.0},{"damage_healed":0.0,"max_hp_gain":0.0,"max_hp_loss":0.0,"gold_gain":0.0,"event_name":"Addict","player_choice":"Obtained Relic","floor":20.0,"gold_loss":85.0,"damage_taken":0.0,"relics_obtained":["Ornamental Fan"]},{"damage_healed":0.0,"max_hp_gain":0.0,"max_hp_loss":0.0,"gold_gain":99.0,"event_name":"Nest","player_choice":"Stole From Cult","floor":22.0,"gold_loss":0.0,"damage_taken":0.0},{"cards_removed":["Strike_B"],"damage_healed":0.0,"max_hp_gain":0.0,"max_hp_loss":0.0,"gold_gain":0.0,"event_name":"Designer","player_choice":"Upgrade and Remove","floor":36.0,"gold_loss":90.0,"damage_taken":0.0,"cards_upgraded":["Glacier"]},{"damage_healed":0.0,"max_hp_gain":0.0,"max_hp_loss":0.0,"gold_gain":0.0,"event_name":"Tomb of Lord Red Mask","player_choice":"Paid","floor":38.0,"gold_loss":0.0,"damage_taken":0.0,"relics_obtained":["Red Mask"]}],"is_beta":false,"boss_relics":[{"not_picked":["Ectoplasm","Busted Crown"],"picked":"Cursed Key"},{"not_picked":["Astrolabe","Sozu"],"picked":"Runic Pyramid"}],"items_purged_floors":[5,47,53],"is_endless":false,"potions_floor_spawned":[1,2,11,14,25,35,40,46],"killed_by":"The Heart","ascension_level":1}}