{"host":"th1rgt4ohg3ajuw6","time":1613334223,"event":{"mods":["Act Like it!","BaseMod","Downfall","GifTheSpireLib","Minty Spire (QoL Compilation)","Pale of the Ancients","Shop Mod","StSLib","Stuff the Spire"],"gold_per_floor":[99,115,127,146,146,157,205,215,215,231,251,39,39,51,63,166,166,66,81,101,4,21,41,41,41,41,41,55,105,105,105,123,221,221,221,238,250,16,16,16,16,16,44,44,89,89,109,109,127,127,127,127,127,127],"floor_reached":52,"language":"ENG","playtime":4374,"items_purged":[],"score":695,"play_id":"1290b97b-37ff-4b24-a859-3aaebf128b6a","local_time":"20210214122343","is_ascension_mode":false,"campfire_choices":[{"floor":1.0,"key":"RECALL"},{"floor":13.0,"key":"REST"},{"data":"expansioncontent:QuickStudy","floor":18.0,"key":"SMITH"},{"floor":25.0,"key":"REST"},{"data":"Guardian:DecasProtection","floor":35,"key":"SMITH"},{"data":"expansioncontent:PolyBeam","floor":40,"key":"SMITH"},{"data":"Guardian:SphericShield","floor":42,"key":"SMITH"},{"floor":46,"key":"REST"}],"circlet_count":0,"master_deck":["Guardian:Strike_Guardian","Guardian:Strike_Guardian","Guardian:Strike_Guardian","Guardian:Defend_Guardian","Guardian:Defend_Guardian","Guardian:Defend_Guardian","Guardian:CurlUp","Guardian:TwinSlam","Guardian:SphericShield+1","Guardian:BronzeOrb","Guardian:Harden","Guardian:RollAttack","Guardian:Preprogram","Guardian:BronzeArmor","Guardian:Orbwalk","Guardian:ShieldSpikes","Guardian:ArmoredProtocol","expansioncontent:QuickStudy+1","Guardian:Reroute","Guardian:DecasProtection+1","Guardian:StasisStrike","Guardian:WalkerClaw+1","Guardian:TemporalShield","Guardian:Repulse","Guardian:TemporalShield","Guardian:DonusPower","Guardian:SentryBeam","Guardian:CrystalBeam","Guardian:BronzeArmor+1","Injury","Guardian:TimeSifter","Guardian:Recover+1","Guardian:BaubleBeam","Guardian:BodySlam+1","Guardian:TemporalStrike+1","Guardian:TimeBomb+1","Guardian:PiercingHide+1","Guardian:PolyBeam","expansioncontent:PolyBeam+1","expansioncontent:LastStand","expansioncontent:YouAreMine+1","expansioncontent:InvincibleStrength","downfall:Icky","downfall:Aged","Guardian:Gem_Cyan","Guardian:MultiBeam","Guardian:StasisStrike","Guardian:Planning+1"],"relics":["Guardian:ModeShifter","Toy Ornithopter","Black Star","downfall:HeartBlessingRed","Toxic Egg 2","MutagenicStrength","downfall:KnowingSkull","Ice Cream","downfall:ExtraCursedKey","Sozu","Letter Opener","StuffTheSpire:Gunfinga","Bottled Tornado","Torii","paleoftheancients:Timepiece","paleoftheancients:KeyRelic","CultistMask"],"acts_visited":["Exordium","TheCity","TheBeyond","paleoftheancients:PaleOfTheAncients"],"potions_floor_usage":[33,33,37],"damage_taken":[{"damage":0.0,"enemies":"Small Slimes","floor":2.0,"turns":4.0},{"damage":1.0,"enemies":"Jaw Worm","floor":3.0,"turns":4.0},{"damage":1.0,"enemies":"2 Louse","floor":4.0,"turns":2.0},{"damage":8.0,"enemies":"Exordium Wildlife","floor":6.0,"turns":6.0},{"damage":1.0,"enemies":"Exordium Thugs","floor":8.0,"turns":5.0},{"damage":7.0,"enemies":"3 Louse","floor":10.0,"turns":4.0},{"damage":5.0,"enemies":"downfall:LooterAlt","floor":11.0,"turns":4.0},{"damage":0.0,"enemies":"downfall:FleeingMerchant","floor":12.0,"turns":4.0},{"damage":0.0,"enemies":"Large Slime","floor":14.0,"turns":3.0},{"damage":0.0,"enemies":"Lots of Slimes","floor":15.0,"turns":2.0},{"damage":32.0,"enemies":"WA_ARCHETYPE_RETAIN","floor":16.0,"turns":17.0},{"damage":2.0,"enemies":"3 Byrds","floor":19.0,"turns":5.0},{"damage":0.0,"enemies":"Shell Parasite","floor":20.0,"turns":5.0},{"damage":0.0,"enemies":"downfall:FleeingMerchant","floor":21.0,"turns":4.0},{"damage":18.0,"enemies":"Shelled Parasite and Fungi","floor":22.0,"turns":10.0},{"damage":16.0,"enemies":"Snake Plant","floor":23.0,"turns":5.0},{"damage":10.0,"enemies":"Snecko","floor":28.0,"turns":6.0},{"damage":3.0,"enemies":"Centurion and Healer","floor":29.0,"turns":8.0},{"damage":5.0,"enemies":"Cultist and Chosen","floor":32.0,"turns":6.0},{"damage":40,"enemies":"IC_MUSHROOM_ARCHETYPE","floor":33,"turns":9},{"damage":0,"enemies":"Orb Walker","floor":36,"turns":4},{"damage":10,"enemies":"3 Darklings","floor":37,"turns":6},{"damage":0,"enemies":"downfall:FleeingMerchant","floor":38,"turns":4},{"damage":7,"enemies":"Nemesis","floor":43,"turns":5},{"damage":30,"enemies":"2 Orb Walkers","floor":45,"turns":7},{"damage":1,"enemies":"Jaw Worm Horde","floor":47,"turns":4},{"damage":1,"enemies":"Transient","floor":49,"turns":5},{"damage":51,"enemies":"DF_ARCHETYPE_ORBS","floor":50,"turns":11},{"damage":79,"enemies":"DF_ARCHETYPE_ORBS","floor":51,"turns":7},{"damage":72,"enemies":"DF_ARCHETYPE_ORBS","floor":52,"turns":10}],"seed_played":"-8388749352024975920","potions_obtained":[{"floor":2.0,"key":"Block Potion"},{"floor":4.0,"key":"Regen Potion"},{"floor":10.0,"key":"SteroidPotion"},{"floor":20.0,"key":"Ancient Potion"},{"floor":28.0,"key":"champ:CounterPotion"}],"is_trial":false,"path_per_floor":["R","M","M","M","?","M","T","M","?","M","M","$","R","M","M","B",null,"R","M","M","$","M","M","T","R","?","?","M","M","T","?","M","B",null,"R","M","M","$","?","R","T","R","E","?","?","R","M","?","M","B","M","M"],"character_chosen":"GUARDIAN","items_purchased":["Guardian:ArmoredProtocol","expansioncontent:QuickStudy","Guardian:Repulse","Guardian:TemporalShield","Guardian:PiercingHide+1","Guardian:PolyBeam","expansioncontent:PolyBeam"],"campfire_rested":3,"item_purchase_floors":[12,12,21,21,38,38,38],"current_hp_per_floor":[80,80,79,78,78,70,70,69,69,62,57,57,80,80,80,48,80,80,78,78,78,60,44,44,68,68,60,55,52,52,52,47,32,80,80,80,75,75,65,65,65,65,58,58,28,52,51,70,69,70,70,0,0,0],"gold":127,"neow_bonus":"ONE_RANDOM_RARE_CARD","is_daily":false,"chose_seed":false,"campfire_upgraded":4,"win_rate":0.0,"timestamp":1613334223,"path_taken":["R","M","M","M","?","M","T","M","?","M","M","$","R","?","M","BOSS","R","M","M","$","M","M","T","R","?","?","?","M","?","?","M","BOSS","R","M","M","$","?","R","T","R","E","?","?","R","M","?","M","BOSS","M","M"],"items_purchased_type":["Card","Card","Card","Card","Card","Card","Card"],"build_version":"2020-12-22","purchased_purges":0,"victory":false,"max_hp_per_floor":[80,80,80,80,80,80,80,80,80,80,80,80,80,80,80,80,80,80,80,80,80,80,80,80,80,80,80,80,80,80,80,80,80,80,80,80,80,80,80,80,80,80,80,80,80,80,80,70,70,70,70,70,70,70],"card_choices":[{"not_picked":["Guardian:TemporalStrike","Guardian:PiercingHide"],"picked":"Guardian:BronzeOrb","floor":2.0},{"not_picked":["Guardian:Gem_Green","Guardian:PrismaticBeam"],"picked":"Guardian:Harden","floor":3.0},{"not_picked":["Guardian:Recover","Guardian:Gem_Yellow"],"picked":"Guardian:Gem_Green","floor":4.0},{"not_picked":["Guardian:Gem_Green","Guardian:TemporalStrike"],"picked":"Guardian:RollAttack","floor":6.0},{"not_picked":["Guardian:PiercingHide","Guardian:Reroute"],"picked":"Guardian:Preprogram","floor":8.0},{"not_picked":["Guardian:RefractedBeam","Guardian:Gem_Lightblue"],"picked":"Guardian:BronzeArmor","floor":10.0},{"not_picked":["Guardian:VentSteam","Guardian:PiercingHide"],"picked":"Guardian:Orbwalk","floor":11.0},{"not_picked":["Guardian:Orbwalk","Guardian:BronzeArmor"],"picked":"Guardian:ShieldSpikes","floor":12.0},{"not_picked":["Guardian:Planning","Guardian:Gem_Cyan"],"picked":"Guardian:Reroute","floor":14.0},{"not_picked":["Guardian:ShieldCharger","Guardian:WalkerClaw"],"picked":"Guardian:DecasProtection","floor":15.0},{"not_picked":["Guardian:GemFire","Guardian:SphericShield"],"picked":"Guardian:StasisStrike","floor":16.0},{"not_picked":["Guardian:Incinerate+1","Guardian:TemporalStrike+1"],"picked":"Guardian:WalkerClaw+1","floor":19.0},{"not_picked":["Guardian:Harden+1","Guardian:TimeCapacitor"],"picked":"Guardian:TemporalShield","floor":20.0},{"not_picked":["Guardian:Gem_Green","Guardian:Planning+1"],"picked":"Guardian:Gem_Crimson","floor":21.0},{"not_picked":["Guardian:Incinerate","Guardian:Gem_Blue"],"picked":"Guardian:DonusPower","floor":22.0},{"not_picked":["Guardian:PiercingHide","Guardian:ShieldCharger"],"picked":"Guardian:SentryBeam","floor":23.0},{"not_picked":["Guardian:Gem_Yellow","Guardian:DonusPower+1"],"picked":"Guardian:CrystalBeam","floor":28.0},{"not_picked":["Guardian:CrystalBeam+1","Guardian:Preprogram+1"],"picked":"Guardian:BronzeArmor+1","floor":29.0},{"not_picked":["Guardian:VentSteam+1","Guardian:Preprogram+1"],"picked":"Guardian:Recover+1","floor":32.0},{"not_picked":["Guardian:ExploitGems+1","Guardian:SphericShield+1"],"picked":"Guardian:BaubleBeam","floor":33},{"not_picked":["Guardian:Preprogram+1","Guardian:VentSteam+1"],"picked":"Guardian:BodySlam+1","floor":36},{"not_picked":["Guardian:RollAttack+1","Guardian:Repulse+1"],"picked":"Guardian:TemporalStrike+1","floor":37},{"not_picked":["Guardian:ChargeCore","Guardian:Planning+1"],"picked":"Guardian:TimeBomb+1","floor":38},{"not_picked":["expansioncontent:PolyBeam","expansioncontent:AwakenDeath"],"picked":"expansioncontent:LastStand","floor":39},{"not_picked":["expansioncontent:AwakenDeath","expansioncontent:HyperBeam"],"picked":"expansioncontent:YouAreMine","floor":39},{"not_picked":["expansioncontent:Chronoboost","expansioncontent:LastStand"],"picked":"expansioncontent:InvincibleStrength","floor":39},{"not_picked":["Guardian:ChargeCore","Guardian:TemporalStrike+1"],"picked":"Guardian:Gem_Cyan","floor":43},{"not_picked":["Guardian:VentSteam+1","Guardian:Gem_Cyan"],"picked":"Guardian:MultiBeam","floor":45},{"not_picked":["Guardian:Gem_Red","Guardian:Reroute"],"picked":"Guardian:StasisStrike","floor":47},{"not_picked":["Guardian:Gem_Cyan","Guardian:Gem_Red"],"picked":"Guardian:Planning+1","floor":49}],"player_experience":264170,"relics_obtained":[{"floor":7.0,"key":"Toy Ornithopter"},{"floor":24.0,"key":"Toxic Egg 2"},{"floor":30.0,"key":"Ice Cream"},{"floor":41,"key":"Letter Opener"},{"floor":43,"key":"StuffTheSpire:Gunfinga"},{"floor":43,"key":"Bottled Tornado"},{"floor":45,"key":"Torii"}],"event_choices":[{"damage_healed":0.0,"max_hp_gain":0.0,"max_hp_loss":0.0,"gold_gain":0.0,"event_name":"Drug Dealer","player_choice":"Inject Mutagens","floor":26.0,"gold_loss":0.0,"damage_taken":0.0,"relics_obtained":["MutagenicStrength"]},{"cards_removed":["Guardian:Defend_Guardian"],"damage_healed":0,"gold_gain":0,"player_choice":"Removed Skill","damage_taken":0,"max_hp_gain":0,"max_hp_loss":0,"event_name":"Falling","floor":44,"gold_loss":0},{"damage_healed":0,"gold_gain":0,"player_choice":"Fight","damage_taken":0,"max_hp_gain":0,"max_hp_loss":0,"event_name":"Mysterious Sphere","floor":45,"gold_loss":0}],"is_beta":false,"boss_relics":[{"not_picked":["Tiny House","Astrolabe"],"picked":"Black Star"},{"not_picked":["Snecko Eye","Coffee Dripper"],"picked":"Sozu"}],"items_purged_floors":[],"is_endless":false,"potions_floor_spawned":[2,4,10,11,20,22,28,29,36,47],"killed_by":"DF_ARCHETYPE_ORBS","ascension_level":0}}