{"host":"c64dsqyrqv0ei9yn","time":1613271013,"event":{"mods":["BaseMod","Bestiary","Colored Map","Duelist Mod","LagranYue(ùfäiòNÅEåé)","Minty Spire (QoL Compilation)","Prisma Mod","Random Character Button","StSLib","The Servant 0.9.4"],"gold_per_floor":[113,125,125,144,161,161,7,27,27,27,47,57,84,54,54,152,152,165,264,12,12,0,0,35,46,119,119,137,186,101,136,136,232,232,249,249,261,278,295,295,305,321,321,71,71,88,88,88,88,88],"floor_reached":51,"language":"ENG","playtime":4166,"items_purged":["Strike_S","Parasite"],"score":789,"play_id":"7e83742b-1fa7-476d-b2b6-268bb90b84b1","local_time":"20210214025013","is_ascension_mode":false,"campfire_choices":[{"data":"Alleviate","floor":6,"key":"SMITH"},{"floor":10,"key":"REST"},{"floor":15,"key":"REST"},{"data":"BestPractice","floor":23,"key":"SMITH"},{"data":"FloweringNight","floor":32,"key":"SMITH"},{"floor":40,"key":"REST"},{"data":"Duplication","floor":45,"key":"SMITH"},{"data":"Collapse","floor":47,"key":"SMITH"},{"floor":49,"key":"REST"}],"circlet_count":0,"master_deck":["Strike_S","Strike_S","Strike_S","Defend_S","Defend_S","Defend_S","Defend_S","KidneyShot","Exchange","Defy","Rearm","FastForward","Potential","Alleviate+1","Contraction","RealityMarble","Rewind","Collapse+1","Luminosity","MurderousAura","BottledTime","FloweringNight+1","Potential","Starlight","BestPractice+1","Starlight+1","SurpressingFire","DoubleEdge","Duplication+1","DualDimension+1","Read+1","Defy+1","TimeWarp","BottledTime+1","ShatteredReality+1","Mind Blast"],"relics":["Uniform","Ice Cream","Mummified Hand","Busted Crown","TheAbacus","Mango","InkBottle","Potion Belt","Girya","HornCleat","SlaversCollar","Pantograph","LagranYue:MagicReflectiveArmorRelic"],"acts_visited":["Exordium","TheCity","TheBeyond"],"potions_floor_usage":[16,42],"damage_taken":[{"damage":0,"enemies":"Jaw Worm","floor":1,"turns":5},{"damage":6,"enemies":"Cultist","floor":2,"turns":6},{"damage":0,"enemies":"Small Slimes","floor":4,"turns":4},{"damage":7,"enemies":"Looter","floor":5,"turns":3},{"damage":6,"enemies":"Large Slime","floor":8,"turns":11},{"damage":21,"enemies":"Gremlin Gang","floor":11,"turns":10},{"damage":11,"enemies":"Exordium Wildlife","floor":12,"turns":8},{"damage":0,"enemies":"Lagavulin","floor":13,"turns":10},{"damage":0,"enemies":"Looter","floor":14,"turns":4},{"damage":0,"enemies":"Slime Boss","floor":16,"turns":14},{"damage":10,"enemies":"2 Thieves","floor":18,"turns":4},{"damage":0,"enemies":"Book of Stabbing","floor":24,"turns":5},{"damage":0,"enemies":"Shell Parasite","floor":25,"turns":3},{"damage":0,"enemies":"3 Cultists","floor":28,"turns":3},{"damage":9,"enemies":"Slavers","floor":31,"turns":7},{"damage":15,"enemies":"Champ","floor":33,"turns":7},{"damage":17,"enemies":"3 Shapes","floor":35,"turns":5},{"damage":5,"enemies":"Orb Walker","floor":37,"turns":3},{"damage":0,"enemies":"Writhing Mass","floor":38,"turns":5},{"damage":25,"enemies":"Spire Growth","floor":39,"turns":6},{"damage":0,"enemies":"4 Shapes","floor":41,"turns":6},{"damage":0,"enemies":"3 Darklings","floor":42,"turns":6},{"damage":4,"enemies":"Jaw Worm Horde","floor":46,"turns":6},{"damage":8,"enemies":"Donu and Deca","floor":50,"turns":7}],"seed_played":"-6790787198937365484","potions_obtained":[{"floor":2,"key":"SkillPotion"},{"floor":8,"key":"BlessingOfTheForge"},{"floor":11,"key":"BlessingOfTheForge"},{"floor":16,"key":"SteroidPotion"},{"floor":27,"key":"Strength Potion"},{"floor":31,"key":"GamblersBrew"},{"floor":33,"key":"DistilledChaos"},{"floor":35,"key":"PowerPotion"}],"is_trial":false,"path_per_floor":["M","M","?","M","M","R","$","M","T","R","M","M","E","M","R","B",null,"M","?","$","?","?","R","E","M","T","?","M","T","?","E","R","B",null,"M","?","M","M","M","R","M","M","T","$","R","M","R","?","R","B",null],"character_chosen":"THE_SERVANT","items_purchased":["Contraction","RealityMarble","TheAbacus","Starlight","LagranYue:MagicReflectiveArmorRelic"],"campfire_rested":4,"item_purchase_floors":[7,7,20,20,44],"current_hp_per_floor":[65,59,59,59,52,52,52,46,46,65,44,33,33,33,52,52,65,55,55,55,55,55,55,69,69,69,69,69,69,69,60,60,45,79,62,62,57,57,32,55,55,55,55,55,55,51,51,51,73,68],"gold":88,"neow_bonus":"THREE_CARDS","is_daily":false,"chose_seed":false,"campfire_upgraded":5,"win_rate":0.0,"timestamp":1613271013,"path_taken":["M","M","?","?","M","R","$","M","T","R","M","M","E","?","R","BOSS","M","?","$","?","?","R","E","M","T","?","?","?","?","E","R","BOSS","M","?","?","M","M","R","M","M","T","$","R","?","R","?","R","BOSS"],"items_purchased_type":["Card","Card","Relic","Card","Relic"],"build_version":"2020-12-22","purchased_purges":2,"victory":true,"max_hp_per_floor":[65,65,65,65,65,65,65,65,65,65,65,65,65,65,65,65,65,65,65,65,65,65,65,79,79,79,79,79,79,79,79,79,79,79,79,79,79,79,79,79,79,79,79,76,76,76,76,76,76,76],"card_choices":[{"not_picked":["Revamp","InstantArmor"],"picked":"Defy","floor":0},{"not_picked":["ShiftingGears","DoubleEdge"],"picked":"Rearm","floor":1},{"not_picked":["Defy","Sunlight"],"picked":"FastForward","floor":2},{"not_picked":["Unruled","Moonlight"],"picked":"Potential","floor":4},{"not_picked":["FastForward","Potential"],"picked":"Alleviate","floor":5},{"not_picked":["InstantArmor","Defy"],"picked":"Rewind","floor":8},{"not_picked":["DoubleEdge","Replace"],"picked":"Collapse","floor":11},{"not_picked":["Ricochet","Rearm"],"picked":"Luminosity","floor":12},{"not_picked":["Revamp","Potential"],"picked":"MurderousAura","floor":13},{"not_picked":["Ricochet","FastForward"],"picked":"BottledTime","floor":14},{"not_picked":["ForgedInTime","PendulumOfEternity"],"picked":"FloweringNight","floor":16},{"not_picked":[],"picked":"Potential","floor":18},{"not_picked":[],"picked":"Starlight+1","floor":24},{"not_picked":[],"picked":"SurpressingFire","floor":25},{"not_picked":["Ricochet"],"picked":"SKIP","floor":28},{"not_picked":[],"picked":"DoubleEdge","floor":31},{"not_picked":[],"picked":"Duplication","floor":33},{"not_picked":["Foresight+1"],"picked":"SKIP","floor":35},{"not_picked":[],"picked":"DualDimension+1","floor":37},{"not_picked":[],"picked":"Read+1","floor":38},{"not_picked":[],"picked":"Defy+1","floor":39},{"not_picked":[],"picked":"TimeWarp","floor":41},{"not_picked":[],"picked":"BottledTime+1","floor":42},{"not_picked":[],"picked":"ShatteredReality+1","floor":46},{"not_picked":[],"picked":"Mind Blast","floor":48}],"player_experience":52703,"relics_obtained":[{"floor":9,"key":"Ice Cream"},{"floor":13,"key":"Mummified Hand"},{"floor":24,"key":"Mango"},{"floor":26,"key":"InkBottle"},{"floor":29,"key":"Potion Belt"},{"floor":31,"key":"HornCleat"},{"floor":43,"key":"Pantograph"}],"event_choices":[{"damage_healed":0,"gold_gain":0,"player_choice":"Ignored","damage_taken":0,"max_hp_gain":0,"max_hp_loss":0,"event_name":"NoteForYourself","floor":3,"gold_loss":0},{"damage_healed":0,"gold_gain":99,"player_choice":"Stole From Cult","damage_taken":0,"max_hp_gain":0,"max_hp_loss":0,"event_name":"Nest","floor":19,"gold_loss":0},{"damage_healed":0,"gold_gain":0,"player_choice":"Read","damage_taken":0,"max_hp_gain":0,"max_hp_loss":0,"event_name":"The Library","floor":21,"gold_loss":0,"cards_obtained":["BestPractice"]},{"damage_healed":0,"gold_gain":0,"player_choice":"Paid Fearfully","damage_taken":0,"max_hp_gain":0,"max_hp_loss":0,"event_name":"Masked Bandits","floor":22,"gold_loss":12},{"damage_healed":0,"gold_gain":0,"player_choice":"Got Potions","damage_taken":0,"max_hp_gain":0,"max_hp_loss":0,"event_name":"Lab","floor":27,"gold_loss":0},{"damage_healed":0,"gold_gain":0,"player_choice":"Obtained Relic","damage_taken":0,"relics_obtained":["Girya"],"max_hp_gain":0,"max_hp_loss":0,"event_name":"Addict","floor":30,"gold_loss":85},{"damage_healed":0,"gold_gain":0,"player_choice":"Ignored","damage_taken":0,"max_hp_gain":0,"max_hp_loss":0,"event_name":"SecretPortal","floor":36,"gold_loss":0},{"damage_healed":0,"gold_gain":0,"player_choice":"Memory 1","damage_taken":0,"max_hp_gain":0,"max_hp_loss":0,"event_name":"SensoryStone","floor":48,"gold_loss":0}],"is_beta":false,"boss_relics":[{"not_picked":["SacredBark","Calling Bell"],"picked":"Busted Crown"},{"not_picked":["Astrolabe","Empty Cage"],"picked":"SlaversCollar"}],"items_purged_floors":[20,44],"is_endless":false,"potions_floor_spawned":[2,8,11,12,16,28,31,33,35,39,41],"ascension_level":0}}