{"host":"0v07cr0k93jhgkpm","time":1613313758,"event":{"mods":["BaseMod","Colored Map","DeckTracker","Minty Spire (QoL Compilation)","Quick Restart","SuperFastMode"],"gold_per_floor":[251,114,124,124,124,144,144,177,195,219,236,236,236,253,281,281,356,356,375,375,401,421,32,45,45,45,45,45,61,61,61,61,61],"floor_reached":31,"language":"KOR","playtime":956,"items_purged":[],"score":490,"play_id":"2a963414-373d-4835-8319-cebcb1303674","local_time":"20210214234238","is_ascension_mode":true,"campfire_choices":[{"data":"Eruption","floor":6.0,"key":"SMITH"},{"floor":11.0,"key":"REST"},{"floor":15.0,"key":"REST"},{"floor":24.0,"key":"REST"},{"floor":30.0,"key":"REST"}],"circlet_count":0,"master_deck":["AscendersBane","Eruption+1","Vigilance","Protect+1","Establishment","Wallop","FollowUp","ClearTheMind","FollowUp","Halt+1","Fasting2","Brilliance","Consecrate","CrushJoints","Tantrum","EmptyFist","Vault","DevaForm","WaveOfTheHand","EmptyBody","FlurryOfBlows","MentalFortress","FearNoEvil","Panacea","DeceiveReality","Shame"],"relics":["PureWater","NeowsBlessing","Vajra","Nunchaku","Blood Vial","Pandora\u0027s Box","Red Mask","War Paint","Tiny Chest","Strawberry"],"acts_visited":["Exordium","TheCity"],"potions_floor_usage":[31],"damage_taken":[{"damage":0.0,"enemies":"Jaw Worm","floor":1.0,"turns":1.0},{"damage":0.0,"enemies":"2 Louse","floor":2.0,"turns":2.0},{"damage":0.0,"enemies":"Cultist","floor":5.0,"turns":1.0},{"damage":23.0,"enemies":"3 Sentries","floor":7.0,"turns":5.0},{"damage":0.0,"enemies":"Looter","floor":8.0,"turns":1.0},{"damage":0.0,"enemies":"2 Fungi Beasts","floor":10.0,"turns":2.0},{"damage":16.0,"enemies":"Exordium Thugs","floor":13.0,"turns":4.0},{"damage":4.0,"enemies":"Gremlin Nob","floor":14.0,"turns":3.0},{"damage":14.0,"enemies":"Slime Boss","floor":16.0,"turns":8.0},{"damage":0.0,"enemies":"Spheric Guardian","floor":18.0,"turns":3.0},{"damage":33.0,"enemies":"Masked Bandits","floor":20.0,"turns":5.0},{"damage":4.0,"enemies":"Shell Parasite","floor":21.0,"turns":3.0},{"damage":29.0,"enemies":"Snake Plant","floor":23.0,"turns":4.0},{"damage":18.0,"enemies":"3 Cultists","floor":28.0,"turns":4.0},{"damage":43,"enemies":"Slavers","floor":31,"turns":5}],"seed_played":"-8571507625571076215","potions_obtained":[{"floor":2.0,"key":"Strength Potion"},{"floor":7.0,"key":"Block Potion"},{"floor":13.0,"key":"BottledMiracle"},{"floor":16.0,"key":"LiquidBronze"},{"floor":20.0,"key":"Weak Potion"}],"is_trial":false,"path_per_floor":["M","M","?","?","M","R","E","M","T","M","R","?","M","E","R","B",null,"M","?","?","M","$","M","R","?","T","$","M","?","R","E"],"character_chosen":"WATCHER","items_purchased":["MentalFortress","FearNoEvil","War Paint","Panacea"],"campfire_rested":4,"item_purchase_floors":[22,22,22,22],"current_hp_per_floor":[10,61,61,43,43,43,43,20,20,20,20,40,45,29,25,46,34,63,65,65,34,32,32,5,26,26,26,26,10,17,41,0,0],"gold":61,"neow_bonus":"THREE_ENEMY_KILL","is_daily":false,"chose_seed":false,"campfire_upgraded":1,"win_rate":0.0,"timestamp":1613313758,"path_taken":["M","M","?","?","?","R","E","M","T","M","R","?","M","E","R","BOSS","M","?","?","?","$","M","R","?","T","?","?","?","R","E"],"items_purchased_type":["Card","Card","Relic","Card"],"build_version":"2020-12-22","purchased_purges":0,"victory":false,"max_hp_per_floor":[68,68,68,68,68,68,68,68,68,68,68,68,73,73,73,73,73,73,73,73,73,73,73,73,73,73,73,73,73,80,80,80,80],"card_choices":[{"not_picked":["SashWhip","PathToVictory"],"picked":"Protect","floor":1.0},{"not_picked":["PathToVictory","ThirdEye","LikeWater"],"picked":"SKIP","floor":2.0},{"not_picked":["Collect","Evaluate"],"picked":"Wallop","floor":5.0},{"not_picked":["JustLucky","Wallop"],"picked":"FollowUp","floor":7.0},{"not_picked":["JustLucky","Evaluate"],"picked":"ClearTheMind","floor":8.0},{"not_picked":["ClearTheMind","FlyingSleeves"],"picked":"FollowUp","floor":10.0},{"not_picked":["MasterReality","Crescendo"],"picked":"Halt","floor":13.0},{"not_picked":["PathToVictory","ReachHeaven"],"picked":"Fasting2","floor":14.0},{"not_picked":["MasterReality","Devotion"],"picked":"Brilliance","floor":16.0},{"not_picked":["CutThroughFate","JustLucky"],"picked":"EmptyBody","floor":18.0},{"not_picked":["Crescendo","Wallop"],"picked":"FlurryOfBlows","floor":20.0},{"not_picked":["ReachHeaven","Pray","ThirdEye"],"picked":"SKIP","floor":21.0},{"not_picked":["CutThroughFate","SignatureMove","FollowUp"],"picked":"SKIP","floor":23.0},{"not_picked":["FlyingSleeves","Study+1"],"picked":"DeceiveReality","floor":28.0}],"player_experience":2515534,"relics_obtained":[{"floor":7.0,"key":"Nunchaku"},{"floor":14.0,"key":"Blood Vial"},{"floor":20.0,"key":"Red Mask"},{"floor":26.0,"key":"Tiny Chest"}],"event_choices":[{"damage_healed":0.0,"max_hp_gain":0.0,"max_hp_loss":0.0,"gold_gain":0.0,"event_name":"Scrap Ooze","player_choice":"Success","floor":3.0,"gold_loss":0.0,"damage_taken":18.0,"relics_obtained":["Vajra"]},{"damage_healed":0.0,"max_hp_gain":0.0,"max_hp_loss":0.0,"gold_gain":0.0,"cards_transformed":["Defend_P"],"event_name":"Transmorgrifier","player_choice":"Transformed","floor":4.0,"gold_loss":0.0,"damage_taken":0.0,"cards_obtained":["Establishment"]},{"damage_healed":0.0,"max_hp_gain":5.0,"max_hp_loss":0.0,"gold_gain":0.0,"event_name":"Big Fish","player_choice":"Donut","floor":12.0,"gold_loss":0.0,"damage_taken":0.0},{"damage_healed":0.0,"max_hp_gain":0.0,"max_hp_loss":0.0,"gold_gain":0.0,"event_name":"Vampires","player_choice":"Ignored","floor":19.0,"gold_loss":0.0,"damage_taken":0.0},{"damage_healed":0.0,"max_hp_gain":0.0,"max_hp_loss":0.0,"gold_gain":0.0,"event_name":"Masked Bandits","player_choice":"Fought Bandits","floor":20.0,"gold_loss":0.0,"damage_taken":0.0},{"damage_healed":0.0,"max_hp_gain":0.0,"max_hp_loss":0.0,"gold_gain":0.0,"event_name":"Ghosts","player_choice":"Ignored","floor":25.0,"gold_loss":0.0,"damage_taken":0.0},{"damage_healed":0.0,"max_hp_gain":0.0,"max_hp_loss":0.0,"gold_gain":0.0,"event_name":"Addict","player_choice":"Stole Relic","floor":29.0,"gold_loss":0.0,"damage_taken":0.0,"relics_obtained":["Strawberry"],"cards_obtained":["Shame"]}],"is_beta":false,"boss_relics":[{"not_picked":["Black Star","Runic Pyramid"],"picked":"Pandora\u0027s Box"}],"items_purged_floors":[],"is_endless":false,"potions_floor_spawned":[2,7,13,14,16,20,21],"killed_by":"Slavers","ascension_level":20}}