{"host":"v4tuy5ykrbdcm9o9","time":1613278144,"event":{"mods":["BaseMod","Duelist Mod","Minty Spire (QoL Compilation)","Replay The Spire","StSLib"],"gold_per_floor":[112,112,129,143,115,115,147,147,201,201,231,231,257,257,257,358,358,377,395,405,465,465,494,494,519,519,198,198,198,226,25,25,126,126,141,154,81,303,319,345,345,380,458,485,501,501,518,538,538,538,538,538,5,30,30],"floor_reached":56,"language":"ENG","playtime":6514,"items_purged":[],"score":1770,"play_id":"4bc53a9c-16e7-4106-9734-9b0d3166a288","local_time":"20210213234904","is_ascension_mode":true,"campfire_choices":[{"floor":6,"key":"RECALL"},{"floor":8,"key":"REST"},{"floor":10,"key":"REST"},{"data":"ReplayTheSpireMod:Scrap Shanks","floor":15,"key":"SMITH"},{"floor":24,"key":"REST"},{"floor":29,"key":"REST"},{"data":"Adrenaline","floor":32,"key":"SMITH"},{"data":"Tools of the Trade","floor":41,"key":"SMITH"},{"data":"After Image","floor":49,"key":"SMITH"},{"data":"Prepared","floor":52,"key":"SMITH"}],"circlet_count":0,"master_deck":["Strike_G","Strike_G","Strike_G+1","Strike_G","Strike_G","Defend_G","Defend_G","Defend_G","Defend_G","Defend_G","Survivor","Neutralize","Prepared+1","Looming Evil","Endless Agony","ReplayTheSpireMod:Scrap Shanks+1","Distraction","Blade Dance","Quick Slash","Corpse Explosion","Reflex+1","Cloak And Dagger","Underhanded Strike","ReplayTheSpireMod:Splinters","Adrenaline+1","RitualDagger","Reflex","Slice","Hidden Blade","Masterful Stab","Blade Dance","Dagger Throw","After Image+1","Acrobatics","Backflip+1","Prepared","Tools of the Trade+1","Dagger Throw","Decay","Accuracy+1","Hidden Blade","Neutralize","Die Die Die","Hidden Blade+1"],"relics":["Ring of the Snake","PreservedInsect","Ring of Misfortune","Potion Belt","Akabeko","Boot","SlaversCollar","Vajra","Kunai","Red Mask","Iron Hammer","Nunchaku","MealTicket","Oddly Smooth Stone","Cursed Key","Pen Nib","Blue Doll","Darkstone Periapt","Replay:Baseball","Torii","Ornamental Fan","ReplayTheSpireMod:Lightbulb"],"acts_visited":["Exordium","TheCity","TheBeyond","TheEnding"],"potions_floor_usage":[7,11,13,23,23,25,25,25,25,31,33,33,36,42,44,48,50,55,55,55],"damage_taken":[{"damage":0,"enemies":"Jaw Worm","floor":1,"turns":4},{"damage":0,"enemies":"2 Louse","floor":3,"turns":4},{"damage":0,"enemies":"Small Slimes","floor":4,"turns":4},{"damage":43,"enemies":"Lagavulin","floor":7,"turns":14},{"damage":0,"enemies":"Gremlin Nob","floor":11,"turns":3},{"damage":0,"enemies":"3 Sentries","floor":13,"turns":5},{"damage":46,"enemies":"Fading Forest","floor":16,"turns":11},{"damage":20,"enemies":"Chosen","floor":18,"turns":6},{"damage":6,"enemies":"3 Byrds","floor":19,"turns":6},{"damage":23,"enemies":"Centurion and Healer","floor":20,"turns":5},{"damage":6,"enemies":"theDuelist:KaibaA2","floor":23,"turns":2},{"damage":0,"enemies":"Masked Bandits","floor":25,"turns":1},{"damage":0,"enemies":"Book of Stabbing","floor":30,"turns":2},{"damage":0,"enemies":"Collector","floor":33,"turns":5},{"damage":0,"enemies":"3 Darklings","floor":35,"turns":1},{"damage":0,"enemies":"Orb Walker","floor":36,"turns":1},{"damage":0,"enemies":"4 Shapes","floor":39,"turns":2},{"damage":0,"enemies":"Nemesis","floor":40,"turns":3},{"damage":0,"enemies":"Reptomancer","floor":42,"turns":2},{"damage":0,"enemies":"Nemesis","floor":44,"turns":1},{"damage":0,"enemies":"3 Darklings","floor":45,"turns":2},{"damage":0,"enemies":"Sphere and 2 Shapes","floor":47,"turns":2},{"damage":1,"enemies":"Writhing Mass","floor":48,"turns":6},{"damage":18,"enemies":"Replay:Hell Engine","floor":50,"turns":8},{"damage":0,"enemies":"Shield and Spear","floor":54,"turns":3},{"damage":1,"enemies":"The Heart","floor":55,"turns":6}],"seed_played":"5879646958757256151","potions_obtained":[{"floor":4,"key":"SkillPotion"},{"floor":7,"key":"AttackPotion"},{"floor":11,"key":"ColorlessPotion"},{"floor":18,"key":"Dexterity Potion"},{"floor":19,"key":"Dexterity Potion"},{"floor":20,"key":"Elixir"},{"floor":21,"key":"EntropicBrew"},{"floor":21,"key":"AttackPotion"},{"floor":25,"key":"FearPotion"},{"floor":35,"key":"Ancient Potion"},{"floor":39,"key":"Strength Potion"},{"floor":42,"key":"SteroidPotion"},{"floor":44,"key":"Reflective Coating"},{"floor":45,"key":"LiquidMemories"},{"floor":48,"key":"Energy Potion"}],"is_trial":false,"path_per_floor":["M","?","M","M","?","R","E","R","T","R","E","?","E","?","R","B",null,"M","M","M","?","?","E","R","?","T","$","T","R","E","$","R","B",null,"M","M","$","?","M","E","R","E","T","E","M","?","M","M","R","B",null,"R","$","E","B",null],"character_chosen":"THE_SILENT","items_purchased":["Nunchaku","Hidden Blade","Masterful Stab","Reflective Coating","Fruit Juice","Dagger Throw","Energy Potion","LiquidBronze","Torii","Ornamental Fan"],"campfire_rested":4,"item_purchase_floors":[27,27,27,27,31,31,31,37,53,53],"current_hp_per_floor":[63,63,63,63,63,63,20,41,41,62,62,67,67,67,67,29,64,44,38,15,15,9,3,25,25,25,25,25,47,47,67,67,67,77,77,77,80,80,80,80,80,80,80,80,80,80,80,79,79,61,75,75,80,80,79],"gold":30,"neow_bonus":"RANDOM_COMMON_RELIC","is_daily":false,"chose_seed":false,"campfire_upgraded":5,"win_rate":0.0,"timestamp":1613278144,"path_taken":["M","?","M","M","?","R","E","R","T","R","E","?","E","?","R","BOSS","M","M","M","?","?","E","R","?","T","$","?","R","E","$","R","BOSS","M","M","$","?","M","E","R","E","T","E","M","?","M","?","R","BOSS","R","$","E","BOSS"],"items_purchased_type":["Relic","Card","Card","Potion","Potion","Card","Potion","Potion","Relic","Relic"],"build_version":"2020-12-22","purchased_purges":0,"victory":true,"max_hp_per_floor":[70,70,70,70,70,70,70,70,70,70,70,75,75,75,75,75,75,75,75,75,75,75,75,75,75,75,75,75,75,75,80,80,80,80,80,80,80,80,80,80,80,80,80,80,80,80,80,80,80,80,80,80,80,80,80],"card_choices":[{"not_picked":["Poisoned Stab","Setup"],"picked":"Prepared","floor":1},{"not_picked":["Backflip","Backstab"],"picked":"Endless Agony","floor":3},{"not_picked":["All Out Attack","Backflip"],"picked":"ReplayTheSpireMod:Scrap Shanks","floor":4},{"not_picked":["Caltrops","Cloak And Dagger"],"picked":"Distraction","floor":7},{"not_picked":["Deflect","Cloak And Dagger"],"picked":"Blade Dance","floor":11},{"not_picked":["Dodge and Roll","Well Laid Plans"],"picked":"Quick Slash","floor":13},{"not_picked":["Wraith Form v2","Venomology"],"picked":"Corpse Explosion","floor":16},{"not_picked":["Blade Dance","Quick Slash"],"picked":"Reflex+1","floor":18},{"not_picked":["Deadly Poison","PiercingWail"],"picked":"Cloak And Dagger","floor":19},{"not_picked":["Endless Agony","Riddle With Holes"],"picked":"Underhanded Strike","floor":20},{"not_picked":["Outmaneuver","Slice+1"],"picked":"Adrenaline","floor":21},{"not_picked":["ReplayTheSpireMod:Shiv Toss","Bouncing Flask+1"],"picked":"Reflex","floor":23},{"not_picked":["Noxious Fumes","PiercingWail"],"picked":"Slice","floor":25},{"not_picked":["Draining Mist","Well Laid Plans"],"picked":"Blade Dance","floor":30},{"not_picked":["Wraith Form v2","Bullet Time"],"picked":"After Image","floor":33},{"not_picked":["Riddle With Holes+1","Prepared"],"picked":"Acrobatics","floor":35},{"not_picked":["Bane","Fluid Movement+1"],"picked":"Backflip+1","floor":36},{"not_picked":["PiercingWail+1","Sucker Punch"],"picked":"Prepared","floor":39},{"not_picked":["Night Terror","Heel Hook"],"picked":"Tools of the Trade","floor":40},{"not_picked":["Sucker Punch","Deadly Poison+1"],"picked":"Dagger Throw","floor":42},{"not_picked":["Outmaneuver","Hidden Blade+1"],"picked":"Accuracy+1","floor":44},{"not_picked":["Underhanded Strike","Backflip"],"picked":"Hidden Blade","floor":45},{"not_picked":["Bouncing Flask+1","Deflect"],"picked":"Die Die Die","floor":47},{"not_picked":["Outmaneuver+1","Deadly Poison","PiercingWail+1"],"picked":"SKIP","floor":48},{"not_picked":["Cloak And Dagger","ReplayTheSpireMod:Tripwire"],"picked":"Hidden Blade+1","floor":54}],"player_experience":863543,"relics_obtained":[{"floor":2,"key":"Ring of Misfortune"},{"floor":7,"key":"Potion Belt"},{"floor":11,"key":"Akabeko"},{"floor":13,"key":"Boot"},{"floor":21,"key":"Vajra"},{"floor":23,"key":"Kunai"},{"floor":25,"key":"Red Mask"},{"floor":26,"key":"Iron Hammer"},{"floor":28,"key":"MealTicket"},{"floor":30,"key":"Oddly Smooth Stone"},{"floor":40,"key":"Pen Nib"},{"floor":42,"key":"Blue Doll"},{"floor":43,"key":"Darkstone Periapt"},{"floor":44,"key":"Replay:Baseball"},{"floor":54,"key":"ReplayTheSpireMod:Lightbulb"}],"event_choices":[{"damage_healed":0,"gold_gain":0,"player_choice":"Left Gold","damage_taken":0,"max_hp_gain":0,"max_hp_loss":0,"event_name":"World of Goop","floor":5,"gold_loss":28},{"damage_healed":0,"gold_gain":0,"player_choice":"Donut","damage_taken":0,"max_hp_gain":5,"max_hp_loss":0,"event_name":"Big Fish","floor":12,"gold_loss":0},{"damage_healed":0,"gold_gain":0,"player_choice":"Joined the Cult","damage_taken":6,"max_hp_gain":0,"max_hp_loss":0,"event_name":"Nest","floor":22,"gold_loss":0,"cards_obtained":["RitualDagger"]},{"damage_healed":0,"gold_gain":0,"player_choice":"Fought Bandits","damage_taken":0,"max_hp_gain":0,"max_hp_loss":0,"event_name":"Masked Bandits","floor":25,"gold_loss":0},{"damage_healed":0,"gold_gain":222,"player_choice":"Wore Mask","damage_taken":0,"max_hp_gain":0,"max_hp_loss":0,"event_name":"Tomb of Lord Red Mask","floor":38,"gold_loss":0},{"damage_healed":0,"gold_gain":0,"player_choice":"1 cards matched","damage_taken":0,"max_hp_gain":0,"max_hp_loss":0,"event_name":"Match and Keep!","floor":46,"gold_loss":0,"cards_obtained":["Neutralize"]}],"is_beta":false,"boss_relics":[{"not_picked":["Replay:Wanted Poster","ChewingGum"],"picked":"SlaversCollar"},{"not_picked":["Sozu","SacredBark"],"picked":"Cursed Key"}],"items_purged_floors":[],"is_endless":false,"potions_floor_spawned":[4,7,11,18,19,20,25,35,39,42,44,45,48],"ascension_level":9}}