{"host":"n5x0e04y88v3omrc","time":1613288778,"event":{"mods":["Aspiration","BaseMod","Colored Powertips","Downfall","Minty Spire (QoL Compilation)","Replay The Spire","Shop Mod","StSLib"],"gold_per_floor":[110,122,122,88,104,104,136,146,146,161,161,86,117,132,132,236,236,256,256,256,2,2,33,33,50,50,50,67,67,26,40,40,135,135,148,33,44,63,110,135,58,84,84,84,9,42,42,62,62,62],"floor_reached":51,"language":"ZHS","playtime":3242,"items_purged":["Defend_R","Defend_R","Defend_R+1","Strike_R+1"],"score":800,"play_id":"07564352-a3c3-44c1-ad3b-a0569953aa9b","local_time":"20210214154618","is_ascension_mode":true,"campfire_choices":[{"data":"Cleave","floor":6,"key":"SMITH"},{"data":"Perfected Strike","floor":11,"key":"SMITH"},{"data":"ReplayTheSpireMod:LeadingStrike","floor":15,"key":"SMITH"},{"data":"Wild Strike","floor":24,"key":"SMITH"},{"floor":32,"key":"DIG"},{"data":"Double Tap","floor":47,"key":"SMITH"},{"data":"Limit Break","floor":49,"key":"SMITH"}],"circlet_count":0,"master_deck":["Strike_R+1","Strike_R+1","Strike_R+1","Defend_R+1","Bash","Cleave+1","Cleave+1","Perfected Strike+1","Cleave","ReplayTheSpireMod:LeadingStrike+1","Wild Strike","Limit Break+1","Wild Strike+1","Hallucinations","Clash","Twin Strike","Demon Form","Violence","Wild Strike","Fire Breathing+1","Feed","Rage+1","Double Tap+1","Doubt","Infernal Blade+1"],"relics":["expansioncontent:StudyCardRelic","Magic Flower","Mercury Hourglass","Garlic","Mark of Pain","Ring of Peace","Ring of Searing","MerchantsRug","Sundial","Membership Card","Toy Ornithopter","Replay:Wax Seal","hexamod:BolsterEngine","aspiration:FutureDiary","Vajra","WingedGreaves","Happy Flower","King of Hearts","Ice Cream","HornCleat","Paper Frog"],"acts_visited":["Exordium","TheCity","TheBeyond"],"potions_floor_usage":[7,7,13,16,31,46,50],"damage_taken":[{"damage":0,"enemies":"Small Slimes","floor":1,"turns":2},{"damage":1,"enemies":"Cultist","floor":2,"turns":3},{"damage":0,"enemies":"2 Louse","floor":5,"turns":2},{"damage":12,"enemies":"Gremlin Nob","floor":7,"turns":3},{"damage":2,"enemies":"Blue Slaver","floor":8,"turns":3},{"damage":0,"enemies":"3 Louse","floor":10,"turns":1},{"damage":4,"enemies":"3 Sentries","floor":13,"turns":2},{"damage":3,"enemies":"Exordium Wildlife","floor":14,"turns":2},{"damage":29,"enemies":"Hexaghost","floor":16,"turns":5},{"damage":16,"enemies":"Shell Parasite","floor":18,"turns":4},{"damage":24,"enemies":"Book of Stabbing","floor":23,"turns":4},{"damage":1,"enemies":"Chosen","floor":25,"turns":2},{"damage":0,"enemies":"Centurion and Healer","floor":28,"turns":3},{"damage":0,"enemies":"3 Cultists","floor":31,"turns":3},{"damage":35,"enemies":"Pondfish","floor":33,"turns":6},{"damage":23,"enemies":"3 Darklings","floor":35,"turns":3},{"damage":2,"enemies":"Orb Walker","floor":37,"turns":3},{"damage":4,"enemies":"3 Darklings","floor":38,"turns":3},{"damage":8,"enemies":"2 Orb Walkers","floor":39,"turns":3},{"damage":7,"enemies":"R_Hoarder","floor":40,"turns":4},{"damage":6,"enemies":"Nemesis","floor":42,"turns":3},{"damage":10,"enemies":"Reptomancer","floor":46,"turns":3},{"damage":22,"enemies":"Sphere and 2 Shapes","floor":48,"turns":4},{"damage":100,"enemies":"Replay:Hell Engine","floor":50,"turns":8}],"seed_played":"157178639485446086","potions_obtained":[{"floor":1,"key":"Weak Potion"},{"floor":5,"key":"LiquidMemories"},{"floor":8,"key":"Venom Potion"},{"floor":10,"key":"ColorlessPotion"},{"floor":13,"key":"PowerPotion"},{"floor":18,"key":"Energy Potion"},{"floor":25,"key":"Strength Potion"},{"floor":29,"key":"FairyPotion"},{"floor":40,"key":"ElixirPotion"},{"floor":46,"key":"Fruit Juice"},{"floor":48,"key":"PowerPotion"}],"is_trial":false,"path_per_floor":["M","M","?","$","M","R","E","M","T","M","R","$","E","M","R","B",null,"M","?","?","$","?","E","R","M","T","?","M","?","$","M","R","B",null,"M","$","M","M","?","E","$","E","T","?","$","E","R","M","R","B",null],"character_chosen":"IRONCLAD","items_purchased":["Cleave+1","MerchantsRug","BargainBundle","Toy Ornithopter","Replay:Wax Seal","Demon Form","Vajra","Violence","King of Hearts"],"campfire_rested":0,"item_purchase_floors":[4,21,30,30,30,30,36,36,41],"current_hp_per_floor":[80,79,79,79,79,79,67,65,65,65,65,65,61,58,58,29,80,64,64,64,64,64,40,40,39,39,39,39,39,39,47,47,12,80,57,57,55,51,43,36,36,30,30,80,80,80,80,63,63,20],"gold":62,"neow_bonus":"BOSS_RELIC","is_daily":false,"chose_seed":false,"campfire_upgraded":6,"win_rate":0.0,"timestamp":1613288778,"path_taken":["M","M","?","?","M","R","E","M","T","?","R","$","E","M","R","BOSS","M","?","?","$","?","E","R","?","T","?","M","?","$","M","R","BOSS","M","$","?","M","?","E","$","E","T","?","?","E","R","?","R","BOSS"],"items_purchased_type":["Card","Relic","Relic","Relic","Relic","Card","Relic","Card","Relic"],"build_version":"2020-12-22","purchased_purges":4,"victory":true,"max_hp_per_floor":[80,80,80,80,80,80,80,80,80,80,80,80,80,80,80,80,80,80,80,80,80,80,80,80,80,80,80,80,80,80,80,80,80,80,80,80,80,80,80,80,80,80,80,80,80,85,85,88,88,88],"card_choices":[{"not_picked":["Run Through","ReplayTheSpireMod:Muscle Training"],"picked":"Cleave","floor":1},{"not_picked":["Carnage","Body Slam","Reckless Charge"],"picked":"SKIP","floor":2},{"not_picked":["Blood for Blood","Rage"],"picked":"Perfected Strike","floor":5},{"not_picked":["Searing Blow","Disarm"],"picked":"Cleave","floor":7},{"not_picked":["Sever Soul","Entrench","Feel No Pain"],"picked":"SKIP","floor":8},{"not_picked":["Warcry","Clothesline"],"picked":"ReplayTheSpireMod:LeadingStrike","floor":10},{"not_picked":["Fiend Fire","Clothesline"],"picked":"Wild Strike","floor":13},{"not_picked":["Replay:Undeath\u0027s Touch","Thunderclap","Bloodletting"],"picked":"SKIP","floor":14},{"not_picked":["Barricade","Bludgeon"],"picked":"Limit Break","floor":16},{"not_picked":["Body Slam","Run Through+1"],"picked":"Wild Strike","floor":18},{"not_picked":["Shrug It Off+1","Defy Death","Clash"],"picked":"SKIP","floor":23},{"not_picked":["ReplayTheSpireMod:Corrosion Curse","Dark Embrace+1"],"picked":"Clash","floor":25},{"not_picked":["Armaments","Dark Embrace"],"picked":"Twin Strike","floor":28},{"not_picked":["Heavy Blade+1","Defy Death","Sword Boomerang"],"picked":"SKIP","floor":31},{"not_picked":["Iron Wave","Run Through","Carnage"],"picked":"SKIP","floor":35},{"not_picked":["Feel No Pain+1","Dark Embrace"],"picked":"Wild Strike","floor":37},{"not_picked":["Armaments","Anger+1"],"picked":"Fire Breathing+1","floor":38},{"not_picked":["True Grit+1","Replay:Undeath\u0027s Touch"],"picked":"Feed","floor":39},{"not_picked":["Body Slam+1","Headbutt+1"],"picked":"Rage+1","floor":40},{"not_picked":["Armaments+1","Second Wind"],"picked":"Double Tap","floor":42},{"not_picked":["Cleave+1","Sword Boomerang+1","Evolve+1"],"picked":"SKIP","floor":46},{"not_picked":["Heavy Blade","Headbutt"],"picked":"Infernal Blade+1","floor":48}],"player_experience":42090,"relics_obtained":[{"floor":7,"key":"Magic Flower"},{"floor":9,"key":"Mercury Hourglass"},{"floor":13,"key":"Garlic"},{"floor":19,"key":"Ring of Peace"},{"floor":19,"key":"Ring of Searing"},{"floor":23,"key":"Sundial"},{"floor":26,"key":"aspiration:SeaSaltIceCream"},{"floor":32,"key":"hexamod:BolsterEngine"},{"floor":39,"key":"WingedGreaves"},{"floor":40,"key":"Happy Flower"},{"floor":42,"key":"Ice Cream"},{"floor":43,"key":"HornCleat"},{"floor":46,"key":"Paper Frog"}],"event_choices":[{"cards_removed":["Strike_R"],"damage_healed":0,"gold_gain":0,"player_choice":"Offered Basic","damage_taken":0,"max_hp_gain":0,"max_hp_loss":0,"event_name":"Bonfire Elementals","floor":3,"gold_loss":0},{"damage_healed":0,"gold_gain":0,"player_choice":"Simplicity","damage_taken":0,"max_hp_gain":0,"max_hp_loss":0,"event_name":"Back to Basics","floor":22,"gold_loss":0,"cards_upgraded":["Strike_R","Strike_R","Strike_R","Strike_R","Defend_R","Defend_R"]},{"damage_healed":0,"gold_gain":0,"player_choice":"Got Potions","damage_taken":0,"max_hp_gain":0,"max_hp_loss":0,"event_name":"Lab","floor":29,"gold_loss":0},{"damage_healed":0,"gold_gain":0,"player_choice":"Fight","damage_taken":0,"max_hp_gain":0,"max_hp_loss":0,"event_name":"Mysterious Sphere","floor":39,"gold_loss":0},{"damage_healed":50,"gold_gain":0,"player_choice":"Heal","damage_taken":0,"max_hp_gain":0,"max_hp_loss":0,"event_name":"MindBloom","floor":44,"gold_loss":0,"cards_obtained":["Doubt"]}],"is_beta":false,"boss_relics":[{"not_picked":["Electric Blood","Runic Dome"],"picked":"Mark of Pain"},{"not_picked":["Fusion Hammer","Busted Crown"],"picked":"aspiration:FutureDiary"}],"items_purged_floors":[12,21,30,45],"is_endless":false,"potions_floor_spawned":[1,5,8,10,13,18,25,40,46,48],"ascension_level":1}}