{"host":"8is2j71l4wmybkoi","time":1613310631,"event":{"mods":["AchievementEnabler","BaseMod","Colored Map","DeckTracker","Minty Spire (QoL Compilation)","Rare Cards Sparkle","Relic Stats","StSLib","SuperFastMode"],"gold_per_floor":[116,134,134,152,132,132,144,158,158,175,210,135,148,171,171,245,245,255,180,105,5,5,5,22,57,57,57,69,100,100,130,130,130,130],"floor_reached":33,"language":"KOR","playtime":1109,"items_purged":["Defend_B","Defend_B"],"score":621,"play_id":"13556149-149d-4810-b040-6a279665b4cc","local_time":"20210214225031","is_ascension_mode":true,"campfire_choices":[{"data":"Zap","floor":6.0,"key":"SMITH"},{"floor":15.0,"key":"REST"},{"data":"Creative AI","floor":23.0,"key":"SMITH"},{"data":"Aggregate","floor":30,"key":"SMITH"},{"floor":32,"key":"REST"}],"circlet_count":0,"master_deck":["AscendersBane","Strike_B","Zap+1","Dualcast","Steam","Aggregate+1","Cold Snap","Sweeping Beam","Go for the Eyes","Creative AI+1","Ball Lightning","Hologram","Double Energy","Compile Driver","Rainbow","Ghostly","Ghostly","Ghostly","Storm","Genetic Algorithm","Coolheaded","Skim"],"relics":["Cracked Core","Kunai","Singing Bowl","Matryoshka","Bottled Tornado","Philosopher\u0027s Stone","Blood Vial","Happy Flower","Thread and Needle","Tiny Chest","Boot"],"acts_visited":["Exordium","TheCity"],"potions_floor_usage":[31,32,33],"damage_taken":[{"damage":0.0,"enemies":"Cultist","floor":1.0,"turns":3.0},{"damage":0.0,"enemies":"Small Slimes","floor":2.0,"turns":3.0},{"damage":3.0,"enemies":"Jaw Worm","floor":4.0,"turns":3.0},{"damage":0.0,"enemies":"Lots of Slimes","floor":7.0,"turns":2.0},{"damage":1.0,"enemies":"Large Slime","floor":8.0,"turns":5.0},{"damage":7.0,"enemies":"Blue Slaver","floor":10.0,"turns":3.0},{"damage":28.0,"enemies":"Gremlin Nob","floor":11.0,"turns":4.0},{"damage":0.0,"enemies":"Lots of Slimes","floor":13.0,"turns":2.0},{"damage":0.0,"enemies":"Slime Boss","floor":16.0,"turns":8.0},{"damage":10.0,"enemies":"3 Byrds","floor":18.0,"turns":3.0},{"damage":0.0,"enemies":"Spheric Guardian","floor":24.0,"turns":3.0},{"damage":6.0,"enemies":"Slavers","floor":25.0,"turns":6.0},{"damage":2.0,"enemies":"Centurion and Healer","floor":28.0,"turns":7.0},{"damage":12,"enemies":"Book of Stabbing","floor":29,"turns":6},{"damage":26,"enemies":"Slavers","floor":31,"turns":4},{"damage":48,"enemies":"Automaton","floor":33,"turns":6}],"seed_played":"4688042564790874311","potions_obtained":[{"floor":1.0,"key":"Regen Potion"},{"floor":5.0,"key":"SkillPotion"},{"floor":10.0,"key":"SteroidPotion"},{"floor":11.0,"key":"SneckoOil"},{"floor":13.0,"key":"Fruit Juice"},{"floor":16.0,"key":"SkillPotion"},{"floor":28.0,"key":"BlessingOfTheForge"},{"floor":29,"key":"Explosive Potion"},{"floor":31,"key":"Fruit Juice"}],"is_trial":false,"path_per_floor":["M","M","?","M","?","R","M","M","T","M","E","?","M","T","R","B",null,"M","$","?","$","?","R","M","E","T","?","M","E","R","E","R","B"],"character_chosen":"DEFECT","items_purchased":[],"campfire_rested":2,"item_purchase_floors":[],"current_hp_per_floor":[46,46,35,32,32,32,32,45,45,38,10,10,10,10,37,37,66,58,58,58,58,39,39,39,35,35,35,35,25,25,1,19,0,0],"gold":130,"neow_bonus":"TRANSFORM_TWO_CARDS","is_daily":false,"chose_seed":false,"campfire_upgraded":3,"win_rate":0.0,"timestamp":1613310631,"path_taken":["M","?","?","M","?","R","M","M","T","?","E","?","M","?","R","BOSS","M","?","?","$","?","R","M","E","T","?","M","E","R","E","R","BOSS"],"items_purchased_type":[],"build_version":"2020-12-22","purchased_purges":2,"victory":false,"max_hp_per_floor":[71,71,71,71,71,71,71,71,71,71,71,71,71,71,76,76,76,78,78,78,78,39,39,39,41,41,41,41,41,41,41,46,46,46],"relic_stats":{"Blood Vial":8,"Singing Bowl":4,"Happy Flower":[7],"counters":[16,68],"Tiny Chest":0,"Kunai":[22],"Boot":[4],"obtain_stats":[{"Blood Vial":25,"Matryoshka":11,"Singing Bowl":9,"Happy Flower":26,"Philosopher\u0027s Stone":17,"Thread and Needle":26,"Tiny Chest":29,"Kunai":3,"Bottled Tornado":14,"Cracked Core":0,"Boot":31},{"Blood Vial":12,"Matryoshka":7,"Singing Bowl":5,"Happy Flower":12,"Philosopher\u0027s Stone":9,"Thread and Needle":12,"Tiny Chest":14,"Kunai":2,"Bottled Tornado":8,"Cracked Core":0,"Boot":15},{"Blood Vial":45,"Matryoshka":23,"Singing Bowl":16,"Happy Flower":45,"Philosopher\u0027s Stone":33,"Thread and Needle":45,"Tiny Chest":58,"Kunai":6,"Bottled Tornado":25,"Cracked Core":0,"Boot":62}]},"card_choices":[{"not_picked":["Rebound","Compile Driver"],"picked":"Cold Snap","floor":1.0},{"not_picked":["Hologram","Tempest"],"picked":"Sweeping Beam","floor":2.0},{"not_picked":["Recycle","Turbo"],"picked":"Go for the Eyes","floor":4.0},{"not_picked":["Conserve Battery","Stack"],"picked":"Creative AI","floor":7.0},{"not_picked":["Self Repair","Stack"],"picked":"Ball Lightning","floor":8.0},{"not_picked":["Skim","Cold Snap"],"picked":"Hologram","floor":10.0},{"not_picked":["Sweeping Beam","Fusion"],"picked":"Double Energy","floor":11.0},{"not_picked":["Consume","Skim"],"picked":"Compile Driver","floor":13.0},{"not_picked":["Creative AI","Meteor Strike"],"picked":"Rainbow","floor":16.0},{"not_picked":["Steam Power","Sunder","Conserve Battery"],"picked":"Singing Bowl","floor":18.0},{"not_picked":["Leap","Hologram"],"picked":"Storm","floor":24.0},{"not_picked":["Defragment","Stack","Streamline"],"picked":"Singing Bowl","floor":25.0},{"not_picked":["Rebound","Sweeping Beam"],"picked":"Genetic Algorithm","floor":28.0},{"not_picked":["Blizzard","Rip and Tear"],"picked":"Coolheaded","floor":29},{"not_picked":["Stack","Streamline"],"picked":"Skim","floor":31}],"player_experience":1210111,"relics_obtained":[{"floor":9.0,"key":"Singing Bowl"},{"floor":11.0,"key":"Matryoshka"},{"floor":14.0,"key":"Bottled Tornado"},{"floor":25.0,"key":"Blood Vial"},{"floor":26.0,"key":"Happy Flower"},{"floor":26.0,"key":"Thread and Needle"},{"floor":29,"key":"Tiny Chest"},{"floor":31,"key":"Boot"}],"event_choices":[{"damage_healed":0.0,"max_hp_gain":0.0,"max_hp_loss":0.0,"gold_gain":0.0,"event_name":"Scrap Ooze","player_choice":"Success","floor":3.0,"gold_loss":0.0,"damage_taken":11.0,"relics_obtained":["Kunai"]},{"damage_healed":0.0,"max_hp_gain":0.0,"max_hp_loss":0.0,"gold_gain":0.0,"event_name":"The Woman in Blue","player_choice":"Bought 1 Potion","floor":5.0,"gold_loss":0.0,"damage_taken":0.0},{"cards_removed":["Strike_B"],"damage_healed":0.0,"max_hp_gain":0.0,"max_hp_loss":0.0,"gold_gain":0.0,"event_name":"The Cleric","player_choice":"Card Removal","floor":12.0,"gold_loss":75.0,"damage_taken":0.0},{"cards_removed":["Strike_B"],"damage_healed":0.0,"max_hp_gain":0.0,"max_hp_loss":0.0,"gold_gain":0.0,"event_name":"Beggar","player_choice":"Gave Gold","floor":20.0,"gold_loss":75.0,"damage_taken":0.0},{"damage_healed":0.0,"max_hp_gain":0.0,"max_hp_loss":39.0,"gold_gain":0.0,"event_name":"Ghosts","player_choice":"Became a Ghost","floor":22.0,"gold_loss":0.0,"damage_taken":0.0,"cards_obtained":["Ghostly","Ghostly","Ghostly"]},{"cards_removed":["Defend_B"],"damage_healed":0.0,"max_hp_gain":0.0,"max_hp_loss":0.0,"gold_gain":0.0,"event_name":"Purifier","player_choice":"Purged","floor":27.0,"gold_loss":0.0,"damage_taken":0.0}],"is_beta":false,"boss_relics":[{"not_picked":["Astrolabe","SacredBark"],"picked":"Philosopher\u0027s Stone"}],"items_purged_floors":[19,21],"is_endless":false,"potions_floor_spawned":[1,10,11,13,16,28,29,31],"killed_by":"Automaton","ascension_level":15}}