{"host":"ty2cix8xj6r3ad26","time":1613298529,"event":{"mods":["AchievementEnabler","BaseMod","BetterRewards","Marisa????????","Minty Spire (QoL Compilation)","Quick Restart","StSLib","SuperFastMode"],"gold_per_floor":[117,67,82,1,1,1,33,33,83,99,99,99,110,120,120,219,219,235,110,35,70,87,114,114,114],"floor_reached":24,"language":"ENG","playtime":1612,"items_purged":["Strike_B","Defend_B","Dualcast"],"score":409,"play_id":"28a8d9b3-c4d0-4b9f-ae55-ac83da4ca34b","local_time":"20210214122849","is_ascension_mode":true,"campfire_choices":[{"data":"Zap","floor":6,"key":"SMITH"},{"data":"Hologram","floor":8,"key":"SMITH"},{"data":"Coolheaded","floor":11,"key":"SMITH"},{"data":"Conserve Battery","floor":15,"key":"SMITH"}],"circlet_count":0,"master_deck":["AscendersBane","Strike_B+1","Zap+1","BootSequence","Coolheaded+1","Leap","Sweeping Beam+1","Dramatic Entrance+1","Hologram+1","Gash+1","Conserve Battery+1","Cold Snap+1","Creative AI","FTL+1","Redo+1"],"relics":["Cracked Core","TungstenRod","Molten Egg 2","Nunchaku","Art of War","Empty Cage","Red Mask","Pen Nib"],"acts_visited":["Exordium","TheCity"],"potions_floor_usage":[16,16,18,22,24],"damage_taken":[{"damage":0,"enemies":"Small Slimes","floor":1,"turns":4},{"damage":0,"enemies":"2 Louse","floor":3,"turns":2},{"damage":9,"enemies":"3 Sentries","floor":7,"turns":6},{"damage":0,"enemies":"Jaw Worm","floor":10,"turns":2},{"damage":0,"enemies":"2 Fungi Beasts","floor":13,"turns":2},{"damage":0,"enemies":"3 Louse","floor":14,"turns":1},{"damage":0,"enemies":"Hexaghost","floor":16,"turns":9},{"damage":2,"enemies":"Shell Parasite","floor":18,"turns":6},{"damage":40,"enemies":"Masked Bandits","floor":21,"turns":6},{"damage":1,"enemies":"2 Thieves","floor":22,"turns":4},{"damage":10,"enemies":"Book of Stabbing","floor":23,"turns":6},{"damage":11,"enemies":"Snake Plant","floor":24,"turns":2}],"seed_played":"991671388613522243","potions_obtained":[{"floor":3,"key":"Swift Potion"},{"floor":13,"key":"AttackPotion"},{"floor":16,"key":"ColorlessPotion"},{"floor":21,"key":"EssenceOfSteel"},{"floor":23,"key":"SpeedPotion"}],"is_trial":false,"path_per_floor":["M","?","M","$","?","R","E","R","T","M","R","?","M","M","R","B",null,"M","$","?","?","M","E","M"],"character_chosen":"DEFECT","items_purchased":["BootSequence","TungstenRod","Molten Egg 2","Coolheaded","Dramatic Entrance+1"],"campfire_rested":0,"item_purchase_floors":[0,0,0,0,4],"current_hp_per_floor":[33,33,33,33,19,19,10,10,10,10,10,10,10,10,10,10,59,57,57,57,17,16,6,0,0],"gold":114,"neow_bonus":"","is_daily":false,"chose_seed":false,"campfire_upgraded":4,"win_rate":0.0,"timestamp":1613298529,"path_taken":["M","?","M","$","?","R","E","R","T","M","R","?","M","M","R","BOSS","M","$","?","?","M","E","M"],"items_purchased_type":["Card","Relic","Relic","Card","Card"],"build_version":"2020-12-22","purchased_purges":3,"victory":false,"max_hp_per_floor":[75,75,75,75,75,75,75,75,75,75,75,75,75,75,75,75,75,75,75,75,75,75,75,75,75],"card_choices":[{"not_picked":["Turbo","Stack"],"picked":"Leap","floor":1},{"not_picked":["Ball Lightning+1","Reprogram"],"picked":"Sweeping Beam+1","floor":3},{"not_picked":["Rebound+1","Go for the Eyes+1"],"picked":"Hologram","floor":7},{"not_picked":["Turbo","Steam"],"picked":"Gash+1","floor":10},{"not_picked":["Consume","Compile Driver+1"],"picked":"Conserve Battery","floor":13},{"not_picked":["White Noise","Consume"],"picked":"Cold Snap+1","floor":14},{"not_picked":["Biased Cognition","Machine Learning"],"picked":"Creative AI","floor":16},{"not_picked":["Fusion","Beam Cell+1","Tempest"],"picked":"SKIP","floor":18},{"not_picked":["Sweeping Beam+1","Rebound+1"],"picked":"FTL+1","floor":22},{"not_picked":["Auto Shields","Compile Driver+1"],"picked":"Redo+1","floor":23}],"player_experience":583274,"relics_obtained":[{"floor":7,"key":"Nunchaku"},{"floor":9,"key":"Art of War"},{"floor":21,"key":"Red Mask"},{"floor":23,"key":"Pen Nib"}],"event_choices":[{"cards_removed":["Defend_B"],"damage_healed":0,"gold_gain":0,"player_choice":"Card Removal","damage_taken":0,"max_hp_gain":0,"max_hp_loss":0,"event_name":"The Cleric","floor":2,"gold_loss":50},{"damage_healed":0,"gold_gain":0,"player_choice":"Entered Light","damage_taken":15,"max_hp_gain":0,"max_hp_loss":0,"event_name":"Shining Light","floor":5,"gold_loss":0,"cards_upgraded":["Strike_B","Strike_B"]},{"cards_removed":["Strike_B"],"damage_healed":0,"gold_gain":0,"player_choice":"Forget","damage_taken":0,"max_hp_gain":0,"max_hp_loss":0,"event_name":"Living Wall","floor":12,"gold_loss":0},{"cards_removed":["Strike_B"],"damage_healed":0,"gold_gain":0,"player_choice":"Gave Gold","damage_taken":0,"max_hp_gain":0,"max_hp_loss":0,"event_name":"Beggar","floor":20,"gold_loss":75},{"damage_healed":0,"gold_gain":0,"player_choice":"Fought Bandits","damage_taken":0,"max_hp_gain":0,"max_hp_loss":0,"event_name":"Masked Bandits","floor":21,"gold_loss":0}],"is_beta":false,"boss_relics":[{"not_picked":["Black Star","FrozenCore"],"picked":"Empty Cage"}],"items_purged_floors":[0,0,19],"is_endless":false,"potions_floor_spawned":[3,13,16,21,23],"killed_by":"Snake Plant","ascension_level":11}}