{"host":"i4d8tgqbnmcnjm0a","time":1613296397,"event":{"mods":["BaseMod","Keyboard Shortcuts","Minty Spire (QoL Compilation)"],"gold_per_floor":[111,186,204,219,230,262,44,65,90,126,47,47,47,68,68,172,172,201,201,212,232,77,119,119,158,184,228,327,17,26,75,75,188,188,208,229,251,280,39,75,84,84,84,104,148,163,163,181,181,181,181,181,29,59,59],"floor_reached":56,"language":"ENG","playtime":4915,"items_purged":["Defend_B","Defend_B","Strike_B","Defend_B","Strike_B"],"score":1424,"play_id":"4323f37f-2861-47d3-a43b-81daa4884dc3","local_time":"20210214045317","is_ascension_mode":true,"campfire_choices":[{"floor":13,"key":"REST"},{"floor":15,"key":"REST"},{"floor":24,"key":"REST"},{"floor":32,"key":"REST"},{"floor":42,"key":"REST"},{"floor":47,"key":"RECALL"},{"floor":49,"key":"REST"},{"data":"Apotheosis","floor":52,"key":"SMITH"}],"circlet_count":0,"master_deck":["Strike_B","Strike_B","Defend_B+1","Zap","Dualcast","Electrodynamics","FTL","Conserve Battery","Seek+1","Storm","Steam Power","Genetic Algorithm","BootSequence","Auto Shields","Storm","Genetic Algorithm","Rainbow","Conserve Battery+1","Storm+1","Defragment","Storm","Echo Form","Conserve Battery+1","Shame","Creative AI","FTL+1","Parasite","Self Repair","Flash of Steel","Barrage+1","Apotheosis+1","Aggregate+1","Aggregate","Stack"],"relics":["Cracked Core","MawBank","CeramicFish","Smiling Mask","Ancient Tea Set","InkBottle","Nuclear Battery","Tiny Chest","War Paint","Pen Nib","Regal Pillow","White Beast Statue","Membership Card","Lantern","The Courier","Akabeko","Philosopher\u0027s Stone","Bag of Preparation","TheAbacus","Meat on the Bone","Lizard Tail","ClockworkSouvenir","Bronze Scales"],"acts_visited":["Exordium","TheCity","TheBeyond","TheEnding"],"potions_floor_usage":[6,14,16,23,25,27,33,36,40,45,46,50,54,55,55],"damage_taken":[{"damage":5,"enemies":"Small Slimes","floor":1,"turns":2},{"damage":1,"enemies":"Cultist","floor":3,"turns":3},{"damage":0,"enemies":"2 Louse","floor":4,"turns":2},{"damage":5,"enemies":"Exordium Wildlife","floor":5,"turns":2},{"damage":25,"enemies":"Lagavulin","floor":6,"turns":5},{"damage":0,"enemies":"3 Louse","floor":8,"turns":1},{"damage":10,"enemies":"3 Sentries","floor":10,"turns":3},{"damage":0,"enemies":"Looter","floor":14,"turns":2},{"damage":49,"enemies":"The Guardian","floor":16,"turns":13},{"damage":2,"enemies":"Chosen","floor":18,"turns":3},{"damage":3,"enemies":"3 Byrds","floor":20,"turns":3},{"damage":21,"enemies":"Snecko","floor":21,"turns":8},{"damage":12,"enemies":"Book of Stabbing","floor":23,"turns":4},{"damage":0,"enemies":"Slavers","floor":25,"turns":1},{"damage":30,"enemies":"Gremlin Leader","floor":27,"turns":4},{"damage":13,"enemies":"Champ","floor":33,"turns":7},{"damage":2,"enemies":"Orb Walker","floor":35,"turns":3},{"damage":0,"enemies":"3 Darklings","floor":36,"turns":2},{"damage":0,"enemies":"Writhing Mass","floor":37,"turns":3},{"damage":0,"enemies":"Sphere and 2 Shapes","floor":38,"turns":2},{"damage":14,"enemies":"Giant Head","floor":40,"turns":6},{"damage":0,"enemies":"Transient","floor":44,"turns":5},{"damage":29,"enemies":"Nemesis","floor":45,"turns":5},{"damage":6,"enemies":"Writhing Mass","floor":46,"turns":4},{"damage":0,"enemies":"Sphere and 2 Shapes","floor":48,"turns":2},{"damage":55,"enemies":"Time Eater","floor":50,"turns":7},{"damage":35,"enemies":"Shield and Spear","floor":54,"turns":3},{"damage":58,"enemies":"The Heart","floor":55,"turns":6}],"seed_played":"5970226545709455328","potions_obtained":[{"floor":5,"key":"Explosive Potion"},{"floor":6,"key":"Fire Potion"},{"floor":8,"key":"Weak Potion"},{"floor":16,"key":"PowerPotion"},{"floor":21,"key":"SteroidPotion"},{"floor":33,"key":"BlessingOfTheForge"},{"floor":35,"key":"LiquidBronze"},{"floor":36,"key":"Fruit Juice"},{"floor":37,"key":"AttackPotion"},{"floor":38,"key":"Fire Potion"},{"floor":40,"key":"Fire Potion"},{"floor":44,"key":"Weak Potion"},{"floor":45,"key":"Block Potion"},{"floor":46,"key":"PowerPotion"},{"floor":48,"key":"Swift Potion"},{"floor":54,"key":"Strength Potion"}],"is_trial":false,"path_per_floor":["M","?","M","M","M","E","$","M","T","E","$","T","R","M","R","B",null,"M","?","M","M","$","E","R","E","T","E","?","$","?","T","R","B",null,"M","M","M","M","$","E","?","R","T","M","E","M","R","M","R","B",null,"R","$","E","B",null],"character_chosen":"DEFECT","items_purchased":["Genetic Algorithm","CeramicFish","Storm","Defragment","DuplicationPotion","Membership Card","Lantern","DistilledChaos","Flash of Steel","Bag of Preparation","FairyPotion","TheAbacus","ClockworkSouvenir","Stack","DuplicationPotion"],"campfire_rested":6,"item_purchase_floors":[7,7,11,22,22,29,29,29,39,39,39,39,53,53,53],"current_hp_per_floor":[63,57,56,56,51,26,26,26,26,16,16,16,36,36,56,7,68,66,66,63,42,42,30,50,50,50,20,20,20,20,20,55,42,68,66,71,71,71,71,64,59,73,73,73,51,52,52,59,73,37,73,73,73,45,33],"gold":59,"neow_bonus":"THREE_RARE_CARDS","is_daily":false,"chose_seed":false,"campfire_upgraded":1,"win_rate":0.0,"timestamp":1613296397,"path_taken":["M","?","M","M","M","E","$","M","T","E","$","?","R","M","R","BOSS","M","?","M","M","$","E","R","E","T","E","?","?","?","?","R","BOSS","M","M","M","M","$","E","?","R","T","M","E","M","R","M","R","BOSS","R","$","E","BOSS"],"items_purchased_type":["Card","Relic","Card","Card","Potion","Relic","Relic","Potion","Card","Relic","Potion","Relic","Relic","Card","Potion"],"build_version":"2020-12-22","purchased_purges":5,"victory":true,"max_hp_per_floor":[68,68,68,68,68,68,68,68,68,68,68,68,68,68,68,68,68,68,68,68,68,68,68,68,68,68,68,68,68,68,68,68,68,68,68,73,73,73,73,73,73,73,73,73,73,73,73,73,73,73,73,73,73,73,73],"card_choices":[{"not_picked":["Buffer","Echo Form"],"picked":"Electrodynamics","floor":0},{"not_picked":["Barrage","Leap"],"picked":"FTL","floor":1},{"not_picked":["Hologram","Streamline"],"picked":"Conserve Battery","floor":3},{"not_picked":["Reinforced Body","Beam Cell"],"picked":"Seek","floor":4},{"not_picked":["Cold Snap","Consume"],"picked":"Storm","floor":5},{"not_picked":["Reprogram","Compile Driver"],"picked":"Steam Power","floor":6},{"not_picked":["Streamline","Skim"],"picked":"BootSequence","floor":8},{"not_picked":["Rip and Tear","Streamline"],"picked":"Auto Shields","floor":10},{"not_picked":["Skim","Leap"],"picked":"Genetic Algorithm","floor":14},{"not_picked":["Seek","Fission"],"picked":"Rainbow","floor":16},{"not_picked":["Barrage","Go for the Eyes"],"picked":"Conserve Battery+1","floor":18},{"not_picked":["Leap","Turbo+1","Blizzard"],"picked":"SKIP","floor":20},{"not_picked":["Consume","Ball Lightning"],"picked":"Storm+1","floor":21},{"not_picked":["Turbo","Leap"],"picked":"Storm","floor":23},{"not_picked":["FTL","Barrage"],"picked":"Echo Form","floor":25},{"not_picked":["Echo Form","Lockon"],"picked":"Conserve Battery+1","floor":27},{"not_picked":["Thunder Strike","Electrodynamics"],"picked":"Creative AI","floor":33},{"not_picked":["Streamline+1","Hello World+1","Ball Lightning+1"],"picked":"SKIP","floor":35},{"not_picked":["Leap+1","Steam Power+1"],"picked":"FTL+1","floor":36},{"not_picked":["Gash","BootSequence+1","Turbo+1"],"picked":"SKIP","floor":37},{"not_picked":["Steam+1","Lockon"],"picked":"Self Repair","floor":38},{"not_picked":["Meteor Strike","Beam Cell"],"picked":"Barrage+1","floor":40},{"not_picked":["Sadistic Nature","Bandage Up"],"picked":"Apotheosis","floor":41},{"not_picked":["Turbo","Coolheaded"],"picked":"Aggregate+1","floor":44},{"not_picked":["Go for the Eyes+1","Tempest+1"],"picked":"Aggregate","floor":45},{"not_picked":["Cold Snap+1","Darkness","Leap"],"picked":"SKIP","floor":46},{"not_picked":["Gash","Steam","Conserve Battery+1"],"picked":"SKIP","floor":48},{"not_picked":["Reprogram","Rebound","Self Repair"],"picked":"SKIP","floor":54}],"player_experience":329499,"relics_obtained":[{"floor":6,"key":"MawBank"},{"floor":9,"key":"Smiling Mask"},{"floor":10,"key":"Ancient Tea Set"},{"floor":12,"key":"InkBottle"},{"floor":23,"key":"War Paint"},{"floor":25,"key":"Pen Nib"},{"floor":26,"key":"Regal Pillow"},{"floor":27,"key":"White Beast Statue"},{"floor":31,"key":"Akabeko"},{"floor":40,"key":"Meat on the Bone"},{"floor":45,"key":"Lizard Tail"},{"floor":54,"key":"Bronze Scales"}],"event_choices":[{"damage_healed":0,"gold_gain":75,"player_choice":"Touch","damage_taken":6,"max_hp_gain":0,"max_hp_loss":0,"event_name":"FaceTrader","floor":2,"gold_loss":0},{"damage_healed":0,"gold_gain":0,"player_choice":"Opened","damage_taken":0,"relics_obtained":["Tiny Chest"],"max_hp_gain":0,"max_hp_loss":0,"event_name":"The Mausoleum","floor":19,"gold_loss":0},{"damage_healed":0,"gold_gain":99,"player_choice":"Stole From Cult","damage_taken":0,"max_hp_gain":0,"max_hp_loss":0,"event_name":"Nest","floor":28,"gold_loss":0},{"damage_healed":0,"gold_gain":0,"player_choice":"Stole Relic","damage_taken":0,"relics_obtained":["The Courier"],"max_hp_gain":0,"max_hp_loss":0,"event_name":"Addict","floor":30,"gold_loss":0,"cards_obtained":["Shame"]},{"damage_healed":0,"gold_gain":0,"player_choice":"Memory 2","damage_taken":5,"max_hp_gain":0,"max_hp_loss":0,"event_name":"SensoryStone","floor":41,"gold_loss":0}],"is_beta":false,"boss_relics":[{"not_picked":["Pandora\u0027s Box","Runic Pyramid"],"picked":"Nuclear Battery"},{"not_picked":["Sozu","Tiny House"],"picked":"Philosopher\u0027s Stone"}],"items_purged_floors":[11,22,29,39,53],"is_endless":false,"potions_floor_spawned":[5,6,8,16,21,33,35,36,37,38,40,44,45,46,48,54],"ascension_level":3}}