{"host":"1te4apcktyw9778t","time":1613279189,"event":{"mods":["BaseMod","Colored Powertips","Minty Spire (QoL Compilation)","Relic Stats"],"gold_per_floor":[416,429,30,30,41,70,70,105,105,140,154,84,84,104,104,180,180,193,205,205,219,21,46,46,79,79,79,93,93,10,26,26,97,97,111,111,126,137,150,184,184,204,204,204,229,67,78,21,21,21],"floor_reached":51,"language":"ENG","playtime":3659,"items_purged":["Strike_B"],"score":1321,"play_id":"f76ea3bd-d226-4b0e-9b16-c088d5179192","local_time":"20210214000628","is_ascension_mode":true,"campfire_choices":[{"data":"Ball Lightning","floor":7.0,"key":"SMITH"},{"data":"1","floor":13.0,"key":"LIFT"},{"data":"2","floor":15.0,"key":"LIFT"},{"floor":24,"key":"REST"},{"floor":27,"key":"REST"},{"floor":32,"key":"REST"},{"data":"3","floor":44,"key":"LIFT"},{"data":"Scrape","floor":49,"key":"SMITH"}],"circlet_count":0,"master_deck":["AscendersBane","Defend_B","Defend_B","Defend_B","Defend_B","Zap","CurseOfTheBell","Ball Lightning+1","Leap+1","Doom and Gloom","Gash","Apotheosis+1","Self Repair","Rebound","Stack+1","Biased Cognition","Turbo+1","Static Discharge","Electrodynamics","Buffer+1","Loop+1","Sweeping Beam+1","Gash","Coolheaded+1","Coolheaded+1","Skim+1","Gash","Chill+1","Scrape+1","Conserve Battery+1","Reinforced Body+1","Core Surge","Cold Snap","All For One","Glacier+1","Hologram+1","Hologram+1","Parasite","Gash","Writhe","Scrape+1"],"relics":["Calling Bell","Akabeko","Toxic Egg 2","Old Coin","Kunai","Turnip","Girya","Lantern","Tiny Chest","Astrolabe","DollysMirror","MealTicket","Shuriken","Gambling Chip","Pear","Coffee Dripper","Bag of Marbles","Ancient Tea Set","Frozen Eye"],"acts_visited":["Exordium","TheCity","TheBeyond"],"potions_floor_usage":[33,39,40,50,50],"damage_taken":[{"damage":8.0,"enemies":"Small Slimes","floor":1.0,"turns":4.0},{"damage":9.0,"enemies":"Jaw Worm","floor":2.0,"turns":4.0},{"damage":0.0,"enemies":"Cultist","floor":5.0,"turns":2.0},{"damage":21.0,"enemies":"Lagavulin","floor":6.0,"turns":8.0},{"damage":14.0,"enemies":"3 Sentries","floor":8.0,"turns":5.0},{"damage":20.0,"enemies":"Lagavulin","floor":10.0,"turns":7.0},{"damage":0.0,"enemies":"Large Slime","floor":11.0,"turns":5.0},{"damage":14.0,"enemies":"Red Slaver","floor":14.0,"turns":3.0},{"damage":24.0,"enemies":"Slime Boss","floor":16.0,"turns":8.0},{"damage":33,"enemies":"Shell Parasite","floor":18,"turns":5},{"damage":34,"enemies":"3 Byrds","floor":19,"turns":4},{"damage":4,"enemies":"Sentry and Sphere","floor":21,"turns":6},{"damage":15,"enemies":"Gremlin Leader","floor":23,"turns":7},{"damage":43,"enemies":"Book of Stabbing","floor":25,"turns":5},{"damage":15,"enemies":"Centurion and Healer","floor":28,"turns":4},{"damage":21,"enemies":"Chosen and Byrds","floor":31,"turns":5},{"damage":33,"enemies":"Automaton","floor":33,"turns":11},{"damage":0,"enemies":"3 Shapes","floor":35,"turns":5},{"damage":13,"enemies":"3 Darklings","floor":37,"turns":3},{"damage":0,"enemies":"Sphere and 2 Shapes","floor":38,"turns":3},{"damage":6,"enemies":"Writhing Mass","floor":39,"turns":6},{"damage":35,"enemies":"Nemesis","floor":40,"turns":9},{"damage":0,"enemies":"Maw","floor":42,"turns":4},{"damage":0,"enemies":"Sphere and 2 Shapes","floor":47,"turns":4},{"damage":22,"enemies":"Donu and Deca","floor":50,"turns":10}],"seed_played":"3695283085193960196","potions_obtained":[{"floor":5.0,"key":"GamblersBrew"},{"floor":6.0,"key":"CultistPotion"},{"floor":11.0,"key":"FairyPotion"},{"floor":23,"key":"Strength Potion"},{"floor":37,"key":"ColorlessPotion"},{"floor":39,"key":"Dexterity Potion"},{"floor":42,"key":"Explosive Potion"}],"is_trial":false,"path_per_floor":["M","M","$","?","M","E","R","E","T","E","M","?","R","M","R","B",null,"M","M","?","M","$","E","R","E","T","R","M","T","$","M","R","B",null,"M","?","M","M","M","E","?","M","T","R","T","$","M","$","R","B",null],"character_chosen":"DEFECT","items_purchased":["Doom and Gloom","Gash","Apotheosis+1","DollysMirror","Chill+1","Core Surge","Frozen Eye","PowerPotion"],"campfire_rested":3,"item_purchase_floors":[3,3,3,22,22,30,46,48],"current_hp_per_floor":[56,47,47,47,47,36,36,32,32,22,32,32,32,25,25,8,55,29,31,31,34,34,26,47,4,4,25,10,20,35,24,48,25,67,74,74,61,61,55,20,36,46,46,46,46,61,61,76,76,54],"gold":21,"neow_bonus":"BOSS_RELIC","is_daily":false,"chose_seed":false,"campfire_upgraded":2,"win_rate":0.0,"timestamp":1613279188,"path_taken":["M","M","$","?","M","E","R","E","T","E","M","?","R","?","R","BOSS","M","M","?","M","$","E","R","E","T","R","?","?","?","M","R","BOSS","M","?","M","M","M","E","?","M","T","R","?","$","M","?","R","BOSS"],"items_purchased_type":["Card","Card","Card","Relic","Card","Card","Relic","Potion"],"build_version":"2020-12-22","purchased_purges":1,"victory":true,"max_hp_per_floor":[71,71,71,71,71,71,71,71,71,71,71,71,71,71,71,71,71,71,71,71,71,71,71,71,71,71,71,71,81,81,81,81,81,81,81,81,81,81,81,81,81,81,81,81,81,81,81,81,81,81],"relic_stats":{"counters":[25,136],"Shuriken":[24],"Astrolabe":["Buffer","Loop","Sweeping Beam"],"Gambling Chip":[23],"Tiny Chest":2,"MealTicket":45,"Turnip":[33],"Kunai":[28],"obtain_stats":[{"Girya":9,"Lantern":10,"Pear":29,"Astrolabe":17,"Ancient Tea Set":45,"Akabeko":0,"Old Coin":0,"Calling Bell":0,"Frozen Eye":46,"DollysMirror":22,"Shuriken":25,"Gambling Chip":26,"Tiny Chest":12,"MealTicket":23,"Turnip":8,"Coffee Dripper":34,"Bag of Marbles":40,"Kunai":6,"Toxic Egg 2":0,"Cracked Core":0},{"Girya":5,"Lantern":6,"Pear":15,"Astrolabe":9,"Ancient Tea Set":23,"Akabeko":0,"Old Coin":0,"Calling Bell":0,"Frozen Eye":23,"DollysMirror":12,"Shuriken":14,"Gambling Chip":14,"Tiny Chest":7,"MealTicket":13,"Turnip":5,"Coffee Dripper":17,"Bag of Marbles":22,"Kunai":4,"Toxic Egg 2":0,"Cracked Core":0},{"Girya":23,"Lantern":30,"Pear":76,"Astrolabe":46,"Ancient Tea Set":122,"Akabeko":0,"Old Coin":0,"Calling Bell":0,"Frozen Eye":122,"DollysMirror":60,"Shuriken":72,"Gambling Chip":72,"Tiny Chest":35,"MealTicket":67,"Turnip":23,"Coffee Dripper":92,"Bag of Marbles":118,"Kunai":18,"Toxic Egg 2":0,"Cracked Core":0}]},"card_choices":[{"not_picked":["Hologram+1","Tempest+1"],"picked":"Ball Lightning","floor":1.0},{"not_picked":["Reprogram+1","Compile Driver"],"picked":"Leap+1","floor":2.0},{"not_picked":["Beam Cell","Rebound"],"picked":"Self Repair","floor":5.0},{"not_picked":["Go for the Eyes","Streamline"],"picked":"Rebound","floor":6.0},{"not_picked":["Go for the Eyes","Beam Cell"],"picked":"Stack+1","floor":8.0},{"not_picked":["Beam Cell","Stack+1"],"picked":"Biased Cognition","floor":10.0},{"not_picked":["Doom and Gloom","Redo+1"],"picked":"Turbo+1","floor":11.0},{"not_picked":["Sweeping Beam","Force Field+1"],"picked":"Static Discharge","floor":14.0},{"not_picked":["All For One","Machine Learning"],"picked":"Electrodynamics","floor":16.0},{"not_picked":["Doom and Gloom","Hologram+1"],"picked":"Gash","floor":18},{"not_picked":["Compile Driver","Heatsinks+1"],"picked":"Coolheaded+1","floor":19},{"not_picked":["Hello World","Sweeping Beam"],"picked":"Skim+1","floor":21},{"not_picked":["Gash","Coolheaded+1"],"picked":"Scrape","floor":23},{"not_picked":["Sweeping Beam+1","Rebound"],"picked":"Conserve Battery+1","floor":25},{"not_picked":["Compile Driver","Leap+1"],"picked":"Reinforced Body+1","floor":28},{"not_picked":["Tempest+1","Biased Cognition"],"picked":"Cold Snap","floor":31},{"not_picked":["Thunder Strike","Amplify+1"],"picked":"All For One","floor":33},{"not_picked":["Fusion+1","Cold Snap"],"picked":"Glacier+1","floor":35},{"not_picked":["Stack+1","BootSequence+1"],"picked":"Hologram+1","floor":37},{"not_picked":["Undo+1","Leap+1"],"picked":"Hologram+1","floor":38},{"not_picked":["Sunder","Sweeping Beam","Loop"],"picked":"SKIP","floor":39},{"not_picked":["Reinforced Body+1","Compile Driver+1"],"picked":"Gash","floor":40},{"not_picked":["Fusion+1","Hyperbeam"],"picked":"Scrape+1","floor":42},{"not_picked":["Beam Cell","Ball Lightning","Tempest+1"],"picked":"SKIP","floor":47},{"not_picked":["Beam Cell","Ball Lightning","Tempest+1"],"picked":"SKIP","floor":47}],"player_experience":1133186,"relics_obtained":[{"floor":0.0,"key":"Akabeko"},{"floor":0.0,"key":"Toxic Egg 2"},{"floor":0.0,"key":"Old Coin"},{"floor":6.0,"key":"Kunai"},{"floor":8.0,"key":"Turnip"},{"floor":9.0,"key":"Girya"},{"floor":10.0,"key":"Lantern"},{"floor":23,"key":"MealTicket"},{"floor":25,"key":"Shuriken"},{"floor":26,"key":"Gambling Chip"},{"floor":29,"key":"Pear"},{"floor":40,"key":"Bag of Marbles"},{"floor":45,"key":"Ancient Tea Set"}],"event_choices":[{"damage_healed":0.0,"max_hp_gain":0.0,"max_hp_loss":0.0,"gold_gain":0.0,"event_name":"Liars Game","player_choice":"Ignored","floor":4.0,"gold_loss":0.0,"damage_taken":0.0},{"damage_healed":0.0,"max_hp_gain":0.0,"max_hp_loss":0.0,"gold_gain":0.0,"event_name":"WeMeetAgain","player_choice":"Paid Gold","floor":12.0,"gold_loss":70.0,"damage_taken":0.0,"relics_obtained":["Tiny Chest"]},{"damage_healed":0,"gold_gain":0,"player_choice":"Copied","damage_taken":0,"max_hp_gain":0,"max_hp_loss":0,"event_name":"Duplicator","floor":20,"gold_loss":0,"cards_obtained":["Coolheaded"]},{"cards_removed":["Dualcast"],"damage_healed":0,"gold_gain":0,"player_choice":"Removed Skill","damage_taken":0,"max_hp_gain":0,"max_hp_loss":0,"event_name":"Falling","floor":36,"gold_loss":0},{"damage_healed":16,"gold_gain":0,"player_choice":"Writhe","damage_taken":0,"max_hp_gain":0,"max_hp_loss":0,"event_name":"Winding Halls","floor":41,"gold_loss":0,"cards_obtained":["Writhe"]}],"is_beta":false,"boss_relics":[{"not_picked":["Runic Dome","Sozu"],"picked":"Astrolabe"},{"not_picked":["Nuclear Battery","Velvet Choker"],"picked":"Coffee Dripper"}],"items_purged_floors":[3],"is_endless":false,"potions_floor_spawned":[5,6,11,16,23,28,31,37,39,42],"ascension_level":17}}