{"host":"phy652c7lim9lcu2","time":1613314628,"event":{"mods":["BaseMod","Colored Powertips","Googly Eyes","Minty Spire (QoL Compilation)","Relic Stats","Spicy Shops","StSLib","everything is the same but u backflip on backflip"],"gold_per_floor":[111,131,146,156,168,195,49,29,29,29,47,47,111,76,76,180,180,193,193,72,91,23,23,122,122,148,158,185,8,41,41,41,145,145,155,155,172,187,187,217,217,245,245,245,259,259,271,271,271,271],"floor_reached":51,"language":"ENG","playtime":2021,"items_purged":[],"score":1224,"play_id":"40b998f0-1e16-4fb0-b040-2b059166fa28","local_time":"20210215005708","is_ascension_mode":true,"campfire_choices":[{"data":"Fission","floor":12.0,"key":"SMITH"},{"data":"Defragment","floor":15.0,"key":"SMITH"},{"data":"Buffer","floor":23.0,"key":"SMITH"},{"data":"Seek","floor":25.0,"key":"SMITH"},{"data":"Fusion","floor":32.0,"key":"SMITH"},{"data":"Barrage","floor":41.0,"key":"SMITH"},{"floor":44,"key":"DIG"},{"data":"1","floor":46,"key":"LIFT"},{"data":"2","floor":49,"key":"LIFT"}],"circlet_count":0,"master_deck":["AscendersBane","Zap","Flash of Steel","Ball Lightning","Barrage+1","Barrage","Conserve Battery","Defragment+1","Barrage","Fission+1","Ball Lightning","Echo Form","Buffer+1","FTL","Hologram","Undo","Seek+1","Hologram","Glacier","Reinforced Body","Capacitor","Loop","Cold Snap","Fusion+1","J.A.X.","Machine Learning","Barrage","Melter","Barrage","Capacitor+1"],"relics":["FrozenCore","Boot","Orichalcum","TungstenRod","Gremlin Horn","Pandora\u0027s Box","Eternal Feather","Lantern","Shovel","Runic Capacitor","Oddly Smooth Stone","Matryoshka","Girya","Potion Belt","Vajra"],"acts_visited":["Exordium","TheCity","TheBeyond"],"potions_floor_usage":[50],"damage_taken":[{"damage":6.0,"enemies":"2 Louse","floor":1.0,"turns":4.0},{"damage":5.0,"enemies":"Small Slimes","floor":2.0,"turns":2.0},{"damage":7.0,"enemies":"Jaw Worm","floor":3.0,"turns":3.0},{"damage":6.0,"enemies":"Blue Slaver","floor":4.0,"turns":4.0},{"damage":13.0,"enemies":"Large Slime","floor":5.0,"turns":3.0},{"damage":30.0,"enemies":"Lagavulin","floor":6.0,"turns":5.0},{"damage":10.0,"enemies":"3 Louse","floor":11.0,"turns":3.0},{"damage":13.0,"enemies":"Gremlin Nob","floor":13.0,"turns":4.0},{"damage":4.0,"enemies":"Slime Boss","floor":16.0,"turns":7.0},{"damage":12.0,"enemies":"3 Byrds","floor":18.0,"turns":3.0},{"damage":0.0,"enemies":"Chosen","floor":21.0,"turns":5.0},{"damage":0.0,"enemies":"Snecko","floor":27.0,"turns":4.0},{"damage":59.0,"enemies":"Slavers","floor":28.0,"turns":5.0},{"damage":0.0,"enemies":"Gremlin Leader","floor":30.0,"turns":5.0},{"damage":14.0,"enemies":"Collector","floor":33.0,"turns":6.0},{"damage":9.0,"enemies":"3 Darklings","floor":35.0,"turns":7.0},{"damage":8.0,"enemies":"3 Shapes","floor":37.0,"turns":5.0},{"damage":0.0,"enemies":"Spire Growth","floor":38.0,"turns":7.0},{"damage":16.0,"enemies":"Nemesis","floor":40.0,"turns":7.0},{"damage":47.0,"enemies":"Reptomancer","floor":42.0,"turns":9.0},{"damage":14,"enemies":"Jaw Worm Horde","floor":45,"turns":4},{"damage":0,"enemies":"Writhing Mass","floor":47,"turns":6},{"damage":37,"enemies":"Awakened One","floor":50,"turns":11}],"seed_played":"1316662174348002423","potions_obtained":[{"floor":3.0,"key":"DuplicationPotion"},{"floor":6.0,"key":"EssenceOfSteel"},{"floor":13.0,"key":"SteroidPotion"},{"floor":21.0,"key":"Weak Potion"},{"floor":27.0,"key":"DuplicationPotion"},{"floor":28.0,"key":"SteroidPotion"},{"floor":30.0,"key":"Regen Potion"},{"floor":33.0,"key":"SteroidPotion"},{"floor":42.0,"key":"PotionOfCapacity"},{"floor":45,"key":"FearPotion"}],"is_trial":false,"path_per_floor":["M","M","M","M","M","E","$","?","T","?","M","R","?","?","R","B",null,"M","?","$","M","$","R","?","R","T","M","E","$","E","?","R","B",null,"M","?","M","M","?","E","R","E","T","R","M","R","M","?","R","B",null],"character_chosen":"DEFECT","items_purchased":["Orichalcum","Eternal Feather","Capacitor","Runic Capacitor","Cold Snap"],"campfire_rested":0,"item_purchase_floors":[7,20,22,29,29],"current_hp_per_floor":[62,57,50,44,31,1,1,1,1,26,16,16,3,21,21,17,61,49,49,49,49,49,61,61,73,73,73,14,14,14,14,29,30,64,55,55,47,47,47,31,49,2,2,20,6,24,24,24,42,5],"gold":271,"neow_bonus":"RANDOM_COLORLESS","is_daily":false,"chose_seed":false,"campfire_upgraded":6,"win_rate":0.0,"timestamp":1613314628,"path_taken":["M","M","M","M","M","E","$","?","T","?","M","R","?","?","R","BOSS","M","?","$","M","$","R","?","R","T","M","E","$","E","?","R","BOSS","M","?","M","M","?","E","R","E","T","R","?","R","M","?","R","BOSS"],"items_purchased_type":["Relic","Relic","Card","Relic","Card"],"build_version":"2020-12-22","purchased_purges":0,"victory":true,"max_hp_per_floor":[75,75,75,75,75,75,75,75,75,75,75,75,75,75,75,75,75,75,75,75,75,75,75,75,75,75,75,75,75,75,75,75,75,75,75,75,75,75,75,75,75,75,75,75,75,75,75,75,75,75],"relic_stats":{"Shovel":1,"Gremlin Horn":[29,30],"counters":[23,119],"Pandora\u0027s Box":["Buffer","FTL","Hologram","Undo","Redo","Seek","Hologram","Hologram"],"Eternal Feather":111,"Orichalcum":[174],"Boot":[251],"obtain_stats":[{"Potion Belt":43,"Girya":42,"Lantern":26,"Gremlin Horn":13,"Oddly Smooth Stone":30,"Vajra":44,"Eternal Feather":20,"Runic Capacitor":29,"Orichalcum":7,"Boot":6,"FrozenCore":34,"Shovel":28,"Matryoshka":40,"Pandora\u0027s Box":17,"Cracked Core":0,"TungstenRod":9},{"Potion Belt":20,"Girya":20,"Lantern":11,"Gremlin Horn":7,"Oddly Smooth Stone":14,"Vajra":20,"Eternal Feather":10,"Runic Capacitor":13,"Orichalcum":6,"Boot":6,"FrozenCore":15,"Shovel":13,"Matryoshka":19,"Pandora\u0027s Box":9,"Cracked Core":0,"TungstenRod":6},{"Potion Belt":98,"Girya":98,"Lantern":43,"Gremlin Horn":24,"Oddly Smooth Stone":57,"Vajra":98,"Eternal Feather":38,"Runic Capacitor":52,"Orichalcum":21,"Boot":21,"FrozenCore":63,"Shovel":52,"Matryoshka":89,"Pandora\u0027s Box":35,"Cracked Core":0,"TungstenRod":21}],"TungstenRod":48,"FrozenCore":[31]},"card_choices":[{"not_picked":["Finesse","Mind Blast"],"picked":"Flash of Steel","floor":0.0},{"not_picked":["Rebound","Sweeping Beam"],"picked":"Ball Lightning","floor":1.0},{"not_picked":["Heatsinks","Consume"],"picked":"Barrage","floor":2.0},{"not_picked":["Coolheaded","BootSequence"],"picked":"Barrage","floor":3.0},{"not_picked":["Coolheaded","Compile Driver"],"picked":"Conserve Battery","floor":4.0},{"not_picked":["Beam Cell","Sweeping Beam"],"picked":"Defragment","floor":5.0},{"not_picked":["Leap","Sweeping Beam"],"picked":"Barrage","floor":6.0},{"not_picked":["Hello World","Coolheaded"],"picked":"Fission","floor":11.0},{"not_picked":["Rebound","Leap"],"picked":"Ball Lightning","floor":13.0},{"not_picked":["Machine Learning","Rainbow"],"picked":"Echo Form","floor":16.0},{"not_picked":["Coolheaded","Cold Snap"],"picked":"Glacier","floor":18.0},{"not_picked":["Hologram","Stack"],"picked":"Reinforced Body","floor":21.0},{"not_picked":["Barrage","Beam Cell"],"picked":"Loop","floor":27.0},{"not_picked":["Thunder Strike","Go for the Eyes","Cold Snap"],"picked":"SKIP","floor":28.0},{"not_picked":["Turbo","Hologram"],"picked":"Fusion","floor":30.0},{"not_picked":["All For One","Buffer"],"picked":"Machine Learning","floor":33.0},{"not_picked":["Streamline+1","Auto Shields","Turbo"],"picked":"SKIP","floor":35.0},{"not_picked":["Go for the Eyes","Lockon","Sweeping Beam"],"picked":"SKIP","floor":37.0},{"not_picked":["Leap","Coolheaded"],"picked":"Barrage","floor":38.0},{"not_picked":["Coolheaded","Reprogram"],"picked":"Barrage","floor":40.0},{"not_picked":["FTL","Leap","Force Field"],"picked":"SKIP","floor":42.0},{"not_picked":["Rebound","Coolheaded","Beam Cell"],"picked":"SKIP","floor":45},{"not_picked":["Rainbow","Leap"],"picked":"Capacitor+1","floor":47}],"player_experience":328222,"relics_obtained":[{"floor":6.0,"key":"Boot"},{"floor":9.0,"key":"TungstenRod"},{"floor":26.0,"key":"Lantern"},{"floor":28.0,"key":"Shovel"},{"floor":30.0,"key":"Oddly Smooth Stone"},{"floor":40.0,"key":"Matryoshka"},{"floor":42.0,"key":"Girya"},{"floor":43.0,"key":"Potion Belt"},{"floor":44,"key":"Vajra"}],"event_choices":[{"damage_healed":0.0,"max_hp_gain":0.0,"max_hp_loss":0.0,"gold_gain":0.0,"event_name":"World of Goop","player_choice":"Left Gold","floor":8.0,"gold_loss":20.0,"damage_taken":0.0},{"damage_healed":25.0,"max_hp_gain":0.0,"max_hp_loss":0.0,"gold_gain":0.0,"event_name":"Big Fish","player_choice":"Banana","floor":10.0,"gold_loss":0.0,"damage_taken":0.0},{"damage_healed":0.0,"max_hp_gain":0.0,"max_hp_loss":0.0,"gold_gain":0.0,"event_name":"Dead Adventurer","player_choice":"Searched \u00272\u0027 times","floor":13.0,"gold_loss":0.0,"damage_taken":0.0,"relics_obtained":["Gremlin Horn"]},{"damage_healed":18.0,"max_hp_gain":0.0,"max_hp_loss":0.0,"gold_gain":0.0,"event_name":"The Cleric","player_choice":"Healed","floor":14.0,"gold_loss":35.0,"damage_taken":0.0},{"cards_removed":["Redo"],"damage_healed":0.0,"max_hp_gain":0.0,"max_hp_loss":0.0,"gold_gain":0.0,"event_name":"Back to Basics","player_choice":"Elegance","floor":19.0,"gold_loss":0.0,"damage_taken":0.0},{"damage_healed":0.0,"max_hp_gain":0.0,"max_hp_loss":0.0,"gold_gain":99.0,"event_name":"Nest","player_choice":"Stole From Cult","floor":24.0,"gold_loss":0.0,"damage_taken":0.0},{"damage_healed":0.0,"max_hp_gain":0.0,"max_hp_loss":0.0,"gold_gain":0.0,"event_name":"Drug Dealer","player_choice":"Obtain J.A.X.","floor":31.0,"gold_loss":0.0,"damage_taken":0.0,"cards_obtained":["J.A.X."]},{"damage_healed":0.0,"max_hp_gain":0.0,"max_hp_loss":0.0,"gold_gain":0.0,"event_name":"SensoryStone","player_choice":"Memory 1","floor":36.0,"gold_loss":0.0,"damage_taken":0.0},{"damage_healed":0.0,"max_hp_gain":0.0,"max_hp_loss":0.0,"gold_gain":0.0,"cards_transformed":["Dualcast"],"event_name":"Transmorgrifier","player_choice":"Transformed","floor":39.0,"gold_loss":0.0,"damage_taken":0.0,"cards_obtained":["Melter"]},{"cards_removed":["Hologram"],"damage_healed":0,"gold_gain":0,"player_choice":"Removed Skill","damage_taken":0,"max_hp_gain":0,"max_hp_loss":0,"event_name":"Falling","floor":48,"gold_loss":0}],"is_beta":false,"boss_relics":[{"not_picked":["Tiny House","Nuclear Battery"],"picked":"Pandora\u0027s Box"},{"not_picked":["SacredBark","Coffee Dripper"],"picked":"FrozenCore"}],"items_purged_floors":[],"is_endless":false,"potions_floor_spawned":[3,6,13,21,27,28,30,33,42,45],"ascension_level":12}}