{"host":"7jxhn92mkgyil7o5","time":1613312832,"event":{"mods":["BaseMod","Colored Map","Colored Powertips","Friendly Minions","Hermit","Kiyohime????","Marisa????????","Minty Spire (QoL Compilation)","Permanent Neow","StSLib","The Cursed","The Disciple","The Hierophant","The Poker Player","The Runesmith"],"gold_per_floor":[110,35,35,48,48,81,81,111,138,155,183,199,199,210,210,210,210],"floor_reached":16,"language":"ENG","playtime":571,"items_purged":["Strike_R"],"score":290,"play_id":"87a36b88-7ca4-4b38-ad6a-64f2cad53bcc","local_time":"20210214152712","is_ascension_mode":true,"campfire_choices":[{"data":"Spot Weakness","floor":7.0,"key":"SMITH"},{"data":"True Grit","floor":13,"key":"SMITH"},{"data":"Heavy Blade","floor":15,"key":"SMITH"}],"circlet_count":0,"master_deck":["AscendersBane","Strike_R","Strike_R","Strike_R","Strike_R","Defend_R","Defend_R","Defend_R","Defend_R","Bash+1","Spot Weakness+1","True Grit+1","Thunderclap","Sword Boomerang","Heavy Blade+1","Evolve","Sentinel","Whirlwind"],"relics":["Burning Blood","NeowsBlessing","FaceOfCleric","Art of War","Omamori","Paper Frog"],"acts_visited":["Exordium"],"potions_floor_usage":[11,12],"damage_taken":[{"damage":0.0,"enemies":"Small Slimes","floor":1.0,"turns":1.0},{"damage":0.0,"enemies":"Cultist","floor":4.0,"turns":1.0},{"damage":0.0,"enemies":"Gremlin Nob","floor":6.0,"turns":1.0},{"damage":26.0,"enemies":"3 Sentries","floor":8.0,"turns":7.0},{"damage":0.0,"enemies":"Jaw Worm","floor":10.0,"turns":3.0},{"damage":38,"enemies":"Lagavulin","floor":11,"turns":8},{"damage":5,"enemies":"Gremlin Gang","floor":12,"turns":2},{"damage":21,"enemies":"Exordium Thugs","floor":14,"turns":3},{"damage":28,"enemies":"Hexaghost","floor":16,"turns":7}],"seed_played":"3758664412452131155","potions_obtained":[{"floor":4.0,"key":"GamblersBrew"},{"floor":6.0,"key":"Energy Potion"},{"floor":11,"key":"Explosive Potion"}],"is_trial":false,"path_per_floor":["M","$","?","M","?","E","R","E","T","M","E","M","R","M","R","B"],"character_chosen":"IRONCLAD","items_purchased":[],"campfire_rested":0,"item_purchase_floors":[],"current_hp_per_floor":[74,74,74,76,76,77,77,58,58,65,34,36,36,22,22,0,0],"gold":210,"neow_bonus":"THREE_ENEMY_KILL","is_daily":false,"chose_seed":false,"campfire_upgraded":3,"win_rate":0.0,"timestamp":1613312832,"path_taken":["M","$","?","?","?","E","R","E","T","M","E","M","R","M","R","BOSS"],"items_purchased_type":[],"build_version":"2020-12-22","purchased_purges":1,"victory":false,"max_hp_per_floor":[75,75,75,76,76,77,77,78,78,79,80,81,81,82,82,82,82],"card_choices":[{"not_picked":["Flex","Entrench"],"picked":"Spot Weakness","floor":1.0},{"not_picked":["Twin Strike","Warcry"],"picked":"True Grit","floor":4.0},{"not_picked":["Warcry","True Grit"],"picked":"Thunderclap","floor":6.0},{"not_picked":["Body Slam","Seeing Red"],"picked":"Sword Boomerang","floor":8.0},{"not_picked":["Twin Strike","Blood for Blood"],"picked":"Heavy Blade","floor":10.0},{"not_picked":["Rupture","Entrench"],"picked":"Evolve","floor":11},{"not_picked":["Searing Blow","Dropkick"],"picked":"Sentinel","floor":12},{"not_picked":["Spot Weakness","Sentinel"],"picked":"Whirlwind","floor":14}],"player_experience":2024131,"relics_obtained":[{"floor":6.0,"key":"Art of War"},{"floor":8.0,"key":"Omamori"},{"floor":11,"key":"Paper Frog"}],"event_choices":[{"damage_healed":0.0,"max_hp_gain":0.0,"max_hp_loss":0.0,"gold_gain":0.0,"event_name":"FaceTrader","player_choice":"Trade","floor":3.0,"gold_loss":0.0,"damage_taken":0.0,"relics_obtained":["FaceOfCleric"]},{"damage_healed":0.0,"max_hp_gain":0.0,"max_hp_loss":0.0,"gold_gain":0.0,"event_name":"Upgrade Shrine","player_choice":"Upgraded","floor":5.0,"gold_loss":0.0,"damage_taken":0.0,"cards_upgraded":["Bash"]}],"is_beta":false,"boss_relics":[],"items_purged_floors":[2],"is_endless":false,"potions_floor_spawned":[4,6,11],"killed_by":"Hexaghost","ascension_level":20}}