{"host":"ujyomg7d1f18u2we","time":1613338868,"event":{"mods":["AchievementEnabler","AlwaysNeverKeys","Aspiration","BaseMod","Colored Map","DeckTracker","Gremlin Skip","Highlight Path","Hubris","Minty Spire (QoL Compilation)","Quick Restart","Random Character Button","StSLib"],"gold_per_floor":[114,114,189,189,202,227,227,227,227,239,249,249,260,260,260,361,361,376,395,395,411,422,422,133,133,181,181,193,193,193,193,193,297,297,309,50,50,60,78,78,78],"floor_reached":40,"language":"ENG","playtime":1053,"items_purged":[],"score":386,"play_id":"b3b985b4-8b29-4011-a1fd-a06f78732b7f","local_time":"20210214184108","is_ascension_mode":false,"campfire_choices":[{"floor":7,"key":"REST"},{"data":"Armaments","floor":12,"key":"SMITH"},{"data":"Bullet Time","floor":15,"key":"SMITH"},{"data":"Searing Blow+1","floor":23,"key":"SMITH"},{"data":"Searing Blow+2","floor":25,"key":"SMITH"},{"data":"Searing Blow+3","floor":30,"key":"SMITH"},{"floor":32,"key":"REST"}],"circlet_count":0,"master_deck":["Strike_R+1","Strike_R","Strike_R","Defend_R+1","Defend_R","Defend_R","Bash+1","Dropkick","Flame Barrier","Armaments+1","All Out Attack","Bullet Time+1","Riddle With Holes","CurseOfTheBell","Rampage+1","Shrug It Off+1","Searing Blow+4","Writhe","Hyperbeam","Parasite","Auto Shields"],"relics":["Burning Blood","aspiration:Nostalgia","Cracked Core","aspiration:Lifesprig","Bronze Scales","Calling Bell","Pen Nib","hubris:TinFlute","Calipers","Magic Flower","Bag of Marbles","hubris:BundleOfHerbs","PrismaticShard","aspiration:WatcherSkillbook","hubris:SphereOfDissonance"],"acts_visited":["Exordium","TheCity","TheBeyond"],"potions_floor_usage":[5,6,18,24,33,33,40],"damage_taken":[{"damage":2,"enemies":"Small Slimes","floor":1,"turns":4},{"damage":3,"enemies":"Jaw Worm","floor":5,"turns":2},{"damage":27,"enemies":"3 Sentries","floor":6,"turns":7},{"damage":1,"enemies":"Cultist","floor":10,"turns":3},{"damage":1,"enemies":"2 Fungi Beasts","floor":11,"turns":3},{"damage":5,"enemies":"Red Slaver","floor":13,"turns":2},{"damage":21,"enemies":"Hexaghost","floor":16,"turns":5},{"damage":13,"enemies":"Shell Parasite","floor":18,"turns":6},{"damage":10,"enemies":"Chosen","floor":19,"turns":2},{"damage":0,"enemies":"Snecko","floor":21,"turns":3},{"damage":25,"enemies":"Centurion and Healer","floor":22,"turns":8},{"damage":5,"enemies":"Shelled Parasite and Fungi","floor":28,"turns":3},{"damage":68,"enemies":"hubris:MusketHawk","floor":33,"turns":10},{"damage":0,"enemies":"Orb Walker","floor":35,"turns":2},{"damage":33,"enemies":"3 Shapes","floor":38,"turns":6},{"damage":52,"enemies":"Writhing Mass","floor":39,"turns":6},{"damage":31,"enemies":"3 Darklings","floor":40,"turns":2}],"seed_played":"6706709809783056042","potions_obtained":[{"floor":1,"key":"BloodPotion"},{"floor":5,"key":"AttackPotion"},{"floor":10,"key":"SkillPotion"},{"floor":13,"key":"BloodPotion"},{"floor":22,"key":"BloodPotion"},{"floor":28,"key":"SpeedPotion"},{"floor":35,"key":"SkillPotion"}],"is_trial":false,"path_per_floor":["M","?","?","?","M","E","R","$","T","M","M","R","M","?","R","B",null,"M","M","?","M","M","R","$","R","T","$","M","?","R","?","R","B",null,"M","$","?","M","M","M"],"character_chosen":"IRONCLAD","items_purchased":["Magic Flower","hubris:SphereOfDissonance"],"campfire_rested":2,"item_purchase_floors":[24,36],"current_hp_per_floor":[80,64,53,53,72,51,75,75,75,80,80,80,80,80,80,65,80,73,69,69,75,56,56,72,72,72,72,76,76,76,68,80,45,80,80,80,80,56,13,0,0],"gold":78,"neow_bonus":"NOSTALGIA","is_daily":false,"chose_seed":false,"campfire_upgraded":5,"win_rate":0.0,"timestamp":1613338868,"path_taken":["M","?","?","?","M","E","R","$","T","M","M","R","?","?","R","BOSS","M","?","?","?","M","R","$","R","T","$","M","?","R","?","R","BOSS","M","$","?","?","M","M"],"items_purchased_type":["Relic","Relic"],"build_version":"2020-12-22","purchased_purges":0,"victory":false,"max_hp_per_floor":[80,80,80,80,80,80,80,80,80,80,80,80,80,80,80,80,80,80,80,80,80,80,80,80,80,80,80,80,80,80,80,80,80,80,80,80,80,80,80,80,80],"card_choices":[{"not_picked":["Clothesline","Uppercut","True Grit"],"picked":"SKIP","floor":1},{"not_picked":["hubris:CleavingFinish","Burning Pact"],"picked":"Dropkick","floor":5},{"not_picked":["Burning Pact","Clothesline"],"picked":"Flame Barrier","floor":6},{"not_picked":["Twin Strike","Searing Blow"],"picked":"Armaments","floor":10},{"not_picked":["Reckless Charge","Clothesline","Whirlwind"],"picked":"SKIP","floor":11},{"not_picked":["Iron Wave","Clash","hubris:ReadiedAction"],"picked":"SKIP","floor":13},{"not_picked":["Pommel Strike+1","Perfected Strike+1"],"picked":"Rampage+1","floor":18},{"not_picked":["Iron Wave+1","Cleave"],"picked":"Shrug It Off+1","floor":19},{"not_picked":["Pommel Strike+1","Sever Soul+1","Perfected Strike"],"picked":"SKIP","floor":21},{"not_picked":["Wild Strike","Armaments"],"picked":"Searing Blow+1","floor":22},{"not_picked":["hubris:SharpeningStone","Armaments","Dark Embrace"],"picked":"SKIP","floor":28},{"not_picked":["Meteor Strike","Malaise"],"picked":"Hyperbeam","floor":33},{"not_picked":["hubris:ReadiedAction","CutThroughFate","Loop","Dagger Spray"],"picked":"SKIP","floor":35},{"not_picked":["MentalFortress+1","PiercingWail","Doom and Gloom+1","Genetic Algorithm+1"],"picked":"SKIP","floor":38},{"not_picked":["Tools of the Trade","Cleave+1","Enlightenment+1"],"picked":"Auto Shields","floor":39}],"player_experience":1581004,"relics_obtained":[{"floor":6,"key":"aspiration:Lifesprig"},{"floor":9,"key":"Bronze Scales"},{"floor":17,"key":"Pen Nib"},{"floor":17,"key":"hubris:TinFlute"},{"floor":17,"key":"Calipers"},{"floor":26,"key":"Bag of Marbles"},{"floor":31,"key":"PrismaticShard"}],"event_choices":[{"damage_healed":0,"gold_gain":0,"player_choice":"Entered Light","damage_taken":16,"max_hp_gain":0,"max_hp_loss":0,"event_name":"Shining Light","floor":2,"gold_loss":0,"cards_upgraded":["Strike_R","Defend_R"]},{"damage_healed":0,"gold_gain":75,"player_choice":"Gather Gold","damage_taken":11,"max_hp_gain":0,"max_hp_loss":0,"event_name":"World of Goop","floor":3,"gold_loss":0},{"damage_healed":0,"gold_gain":0,"player_choice":"Ignored","damage_taken":0,"max_hp_gain":0,"max_hp_loss":0,"event_name":"Transmorgrifier","floor":20,"gold_loss":0},{"damage_healed":0,"gold_gain":0,"player_choice":"Opened","damage_taken":0,"relics_obtained":["hubris:BundleOfHerbs"],"max_hp_gain":0,"max_hp_loss":0,"event_name":"The Mausoleum","floor":29,"gold_loss":0,"cards_obtained":["Writhe"]},{"damage_healed":0,"gold_gain":0,"player_choice":"Ignored","damage_taken":0,"max_hp_gain":0,"max_hp_loss":0,"event_name":"Transmorgrifier","floor":37,"gold_loss":0}],"is_beta":false,"boss_relics":[{"not_picked":["aspiration:PoetsPen_weak","Ectoplasm"],"picked":"Calling Bell"},{"not_picked":["hubris:HollowSoul","aspiration:SecretTechniqueScroll"],"picked":"aspiration:WatcherSkillbook"}],"items_purged_floors":[],"is_endless":false,"potions_floor_spawned":[1,5,10,13,22,28,35],"killed_by":"3 Darklings","ascension_level":0}}