{"host":"8rqsnaeml9gxb0kp","time":1613279302,"event":{"mods":["AchievementEnabler","BaseMod","Dark Map","Minty Spire (QoL Compilation)","Relic Stats","Replay The Spire","StSLib","slay the spire mod where everything is the same but ironclad has a cowboy hat"],"gold_per_floor":[117,131,150,150,163,163,163],"floor_reached":6,"language":"ENG","playtime":181,"items_purged":[],"score":38,"play_id":"d6916593-fd06-48d1-9663-81ae3a6c0a53","local_time":"20210213210822","is_ascension_mode":false,"campfire_choices":[],"circlet_count":0,"master_deck":["Strike_R","Strike_R","Strike_R","Strike_R","Strike_R","Defend_R","Defend_R","Defend_R","Defend_R","Bash","Anger","Ghostly Armor","Cleave","Headbutt"],"relics":["Velvet Choker"],"acts_visited":["Exordium"],"potions_floor_usage":[],"damage_taken":[{"damage":0.0,"enemies":"2 Louse","floor":1.0,"turns":2.0},{"damage":6,"enemies":"Jaw Worm","floor":2,"turns":2},{"damage":5,"enemies":"Small Slimes","floor":3,"turns":3},{"damage":0,"enemies":"2 Fungi Beasts","floor":5,"turns":3},{"damage":0,"enemies":"Replay:BlueRogue","floor":6,"turns":1}],"seed_played":"4347535016525381740","potions_obtained":[{"floor":2,"key":"FairyPotion"},{"floor":5,"key":"SkillPotion"}],"is_trial":false,"path_per_floor":["M","M","M","?","M","E"],"character_chosen":"IRONCLAD","items_purchased":[],"campfire_rested":0,"item_purchase_floors":[],"current_hp_per_floor":[80,74,69,69,69,69,69],"gold":163,"neow_bonus":"BOSS_RELIC","is_daily":false,"chose_seed":false,"campfire_upgraded":0,"win_rate":0.0,"timestamp":1613279302,"path_taken":["M","M","M","?","M","E"],"items_purchased_type":[],"build_version":"2020-12-22","purchased_purges":0,"victory":false,"max_hp_per_floor":[80,80,80,80,80,80,80],"relic_stats":{"counters":[5,11],"obtain_stats":[{"Velvet Choker":0,"Burning Blood":0},{"Velvet Choker":0,"Burning Blood":0},{"Velvet Choker":0,"Burning Blood":0}]},"card_choices":[{"not_picked":["Shrug It Off","Body Slam"],"picked":"Anger","floor":1},{"not_picked":["Anger","Replay:Undeath\u0027s Touch"],"picked":"Ghostly Armor","floor":2},{"not_picked":["ReplayTheSpireMod:Limb From Limb","Reckless Charge"],"picked":"Cleave","floor":3},{"not_picked":["Feel No Pain","Run Through"],"picked":"Headbutt","floor":5}],"player_experience":224352,"relics_obtained":[],"event_choices":[{"damage_healed":0,"gold_gain":0,"player_choice":"Leave","damage_taken":0,"max_hp_gain":0,"max_hp_loss":0,"event_name":"The Cleric","floor":4,"gold_loss":0}],"is_beta":false,"boss_relics":[],"items_purged_floors":[],"is_endless":false,"potions_floor_spawned":[2,5],"killed_by":"Replay:BlueRogue","ascension_level":0}}