{"host":"93bjq340p293ukqy","time":1613309479,"event":{"mods":["BaseMod","Hermit","Minty Spire (QoL Compilation)","StSLib","The Cursed"],"gold_per_floor":[113,128,31,41,56,83,83,83,83,108,108,108,142,142,142,142,142],"floor_reached":16,"language":"ENG","playtime":700,"items_purged":[],"score":118,"play_id":"722e0b38-826a-4d0a-aca1-fc47556d584c","local_time":"20210214153119","is_ascension_mode":false,"campfire_choices":[{"data":"hermit:TakeAim","floor":7,"key":"SMITH"},{"data":"hermit:NoHoldsBarred","floor":12,"key":"SMITH"},{"floor":15,"key":"REST"}],"circlet_count":0,"master_deck":["hermit:Strike_Hermit","hermit:Strike_Hermit","hermit:Strike_Hermit","hermit:Strike_Hermit+1","hermit:Defend_Hermit","hermit:Defend_Hermit","hermit:Defend_Hermit","hermit:Defend_Hermit","hermit:Snapshot","hermit:Covet","hermit:Manifest","hermit:NoHoldsBarred+1","hermit:TakeAim+1","hermit:ItchyTrigger+1","hermit:FinalCanter","hermit:Enervate","hermit:Quickdraw","Regret","hermit:TrackingShot","Injury"],"relics":["hermit:Momento","hermit:CharredGlove","WingedGreaves","Mango","Akabeko","Golden Idol","Gambling Chip"],"acts_visited":["Exordium"],"potions_floor_usage":[4,6,6,13,16],"damage_taken":[{"damage":0,"enemies":"Small Slimes","floor":1,"turns":3},{"damage":0,"enemies":"2 Louse","floor":2,"turns":2},{"damage":1,"enemies":"Jaw Worm","floor":4,"turns":4},{"damage":1,"enemies":"Exordium Thugs","floor":5,"turns":4},{"damage":10,"enemies":"Gremlin Nob","floor":6,"turns":4},{"damage":18,"enemies":"3 Sentries","floor":10,"turns":5},{"damage":45,"enemies":"Lagavulin","floor":13,"turns":6},{"damage":56,"enemies":"The Guardian","floor":16,"turns":7}],"seed_played":"-4028591856663825099","potions_obtained":[{"floor":0,"key":"BlessingOfTheForge"},{"floor":0,"key":"Regen Potion"},{"floor":0,"key":"Block Potion"},{"floor":2,"key":"hermit:BlackBile"},{"floor":5,"key":"Weak Potion"},{"floor":10,"key":"Regen Potion"}],"is_trial":false,"path_per_floor":["M","M","$","M","M","E","R","?","T","E","?","R","E","?","R","B"],"character_chosen":"HERMIT","items_purchased":["hermit:TakeAim","hermit:ItchyTrigger"],"campfire_rested":1,"item_purchase_floors":[3,3],"current_hp_per_floor":[75,75,75,74,73,63,63,63,77,59,59,59,29,11,37,0,0],"gold":142,"neow_bonus":"THREE_SMALL_POTIONS","is_daily":false,"chose_seed":false,"campfire_upgraded":2,"win_rate":0.0,"timestamp":1613309479,"path_taken":["M","M","$","M","M","E","R","?","T","E","?","R","E","?","R","BOSS"],"items_purchased_type":["Card","Card"],"build_version":"2020-12-22","purchased_purges":0,"victory":false,"max_hp_per_floor":[75,75,75,75,75,75,75,75,89,89,89,89,89,89,89,89,89],"card_choices":[{"not_picked":["hermit:Ricochet","hermit:Quickdraw"],"picked":"hermit:Manifest","floor":1},{"not_picked":["hermit:BodyArmor","hermit:Maintenance"],"picked":"hermit:NoHoldsBarred","floor":2},{"not_picked":["hermit:Malice","hermit:Snipe"],"picked":"hermit:FinalCanter","floor":4},{"not_picked":["hermit:Feint","hermit:Headshot"],"picked":"hermit:Enervate","floor":5},{"not_picked":["hermit:Snipe","hermit:Reprieve"],"picked":"hermit:Quickdraw","floor":6},{"not_picked":["hermit:Coalescence","hermit:Desperado"],"picked":"hermit:TrackingShot","floor":10},{"not_picked":["hermit:PistolWhip","hermit:Virtue","hermit:LoneWolf"],"picked":"SKIP","floor":13}],"player_experience":246581,"relics_obtained":[{"floor":6,"key":"hermit:CharredGlove"},{"floor":9,"key":"Mango"},{"floor":10,"key":"Akabeko"},{"floor":13,"key":"Gambling Chip"}],"event_choices":[{"damage_healed":0,"gold_gain":0,"player_choice":"Box","damage_taken":0,"relics_obtained":["WingedGreaves"],"max_hp_gain":0,"max_hp_loss":0,"event_name":"Big Fish","floor":8,"gold_loss":0,"cards_obtained":["Regret"]},{"damage_healed":0,"gold_gain":0,"player_choice":"Take Wound","damage_taken":0,"relics_obtained":["Golden Idol"],"max_hp_gain":0,"max_hp_loss":0,"event_name":"Golden Idol","floor":11,"gold_loss":0,"cards_obtained":["Injury"]},{"damage_healed":0,"gold_gain":0,"player_choice":"Entered Light","damage_taken":18,"max_hp_gain":0,"max_hp_loss":0,"event_name":"Shining Light","floor":14,"gold_loss":0,"cards_upgraded":["hermit:Strike_Hermit","hermit:ItchyTrigger"]}],"is_beta":false,"boss_relics":[],"items_purged_floors":[],"is_endless":false,"potions_floor_spawned":[2,5,10],"killed_by":"The Guardian","ascension_level":0}}