{"host":"eeb412nj2w7f9cz8","time":1613283701,"event":{"mods":["ATMod(°¢èªMod)","Act Like it!","BaseMod","Minty Spire (QoL Compilation)","StSLib"],"gold_per_floor":[116,116,116,132,38,57,57,57,84,84,104,104,120,120,120,249,249,270,294,10,10,34,34,34,34,82,107,107,130,130,149,149,149,149],"floor_reached":33,"language":"ZHS","playtime":1545,"items_purged":[],"score":237,"play_id":"0110466c-3f6a-463d-8f34-b3a19ab9a069","local_time":"20210214142141","is_ascension_mode":false,"campfire_choices":[{"data":"AT_KingSlayer","floor":7.0,"key":"SMITH"},{"data":"Infernal Blade","floor":10.0,"key":"SMITH"},{"data":"Metallicize","floor":12.0,"key":"SMITH"},{"floor":15.0,"key":"REST"},{"data":"Inflame","floor":23.0,"key":"SMITH"},{"data":"Metallicize","floor":28.0,"key":"SMITH"},{"data":"Rage","floor":30.0,"key":"SMITH"},{"data":"Heavy Blade","floor":32.0,"key":"SMITH"}],"circlet_count":0,"master_deck":["Strike_R","Strike_R","Strike_R","Strike_R","Defend_R+1","Defend_R","Defend_R+1","Defend_R","Bash","AT_KingSlayer+1","Infernal Blade+1","AT_IchimonjiDouble","Metallicize+1","Clash","Thunderclap","Warcry","Immolate","Inflame+1","Heavy Blade+1","Rage+1","Metallicize+1","Feel No Pain","AT_DrawKnifeCut"],"relics":["AT_ATBox","Runic Cube","Golden Idol","Boot","Sozu","AT_ForceNature","Happy Flower","Nloth\u0027s Gift","Oddly Smooth Stone"],"acts_visited":["Exordium","TheCity"],"potions_floor_usage":[],"damage_taken":[{"damage":7.0,"enemies":"Small Slimes","floor":1.0,"turns":4.0},{"damage":0.0,"enemies":"Cultist","floor":4.0,"turns":4.0},{"damage":8.0,"enemies":"Jaw Worm","floor":6.0,"turns":2.0},{"damage":0.0,"enemies":"2 Fungi Beasts","floor":11.0,"turns":2.0},{"damage":6.0,"enemies":"Lots of Slimes","floor":13.0,"turns":3.0},{"damage":45.0,"enemies":"Hexaghost","floor":16.0,"turns":12.0},{"damage":16.0,"enemies":"Spheric Guardian","floor":18.0,"turns":6.0},{"damage":2.0,"enemies":"3 Byrds","floor":19.0,"turns":3.0},{"damage":13.0,"enemies":"Snake Plant","floor":22.0,"turns":3.0},{"damage":0.0,"enemies":"Centurion and Healer","floor":27.0,"turns":5.0},{"damage":1.0,"enemies":"Cultist and Chosen","floor":29.0,"turns":6.0},{"damage":6.0,"enemies":"Snake Plant","floor":31.0,"turns":2.0},{"damage":44,"enemies":"Collector","floor":33,"turns":6}],"seed_played":"-2535507156654528458","potions_obtained":[{"floor":1.0,"key":"Energy Potion"},{"floor":4.0,"key":"SpeedPotion"},{"floor":11.0,"key":"BlessingOfTheForge"}],"is_trial":false,"path_per_floor":["M","?","?","M","$","M","R","?","T","R","M","R","M","?","R","B",null,"M","M","$","?","M","R","$","?","T","M","R","M","R","M","R","B"],"character_chosen":"IRONCLAD","items_purchased":["Metallicize","Clash","AT_ForceNature","Heavy Blade"],"campfire_rested":1,"item_purchase_floors":[5,5,20,20],"current_hp_per_floor":[73,57,37,37,37,29,29,29,29,29,29,29,23,23,47,2,80,64,62,62,62,49,49,49,49,49,49,49,48,48,42,42,0,0],"gold":149,"neow_bonus":"BOSS_RELIC","is_daily":false,"chose_seed":false,"campfire_upgraded":7,"win_rate":0.0,"timestamp":1613283701,"path_taken":["M","?","?","M","$","M","R","?","T","R","?","R","?","?","R","BOSS","M","?","?","?","M","R","?","?","T","?","R","M","R","M","R","BOSS"],"items_purchased_type":["Card","Card","Relic","Card"],"build_version":"2020-12-22","purchased_purges":0,"victory":false,"max_hp_per_floor":[80,80,80,80,80,80,80,80,80,80,80,80,80,80,80,80,80,80,80,80,80,80,80,80,80,80,80,80,80,80,80,80,80,80],"card_choices":[{"not_picked":["Iron Wave","Headbutt"],"picked":"Infernal Blade","floor":1.0},{"not_picked":["Hemokinesis","Havoc"],"picked":"AT_IchimonjiDouble","floor":4.0},{"not_picked":["Armaments","Shrug It Off"],"picked":"Thunderclap","floor":6.0},{"not_picked":["Headbutt","Shrug It Off"],"picked":"Warcry","floor":11.0},{"not_picked":["Pummel","Shrug It Off","Headbutt"],"picked":"SKIP","floor":13.0},{"not_picked":["Offering","Impervious"],"picked":"Immolate","floor":16.0},{"not_picked":["Bloodletting","Whirlwind","Thunderclap"],"picked":"SKIP","floor":18.0},{"not_picked":["Cleave","Armaments"],"picked":"Inflame","floor":19.0},{"not_picked":["Thunderclap+1","Warcry"],"picked":"Rage","floor":22.0},{"not_picked":["Seeing Red","Carnage"],"picked":"Metallicize","floor":27.0},{"not_picked":["Perfected Strike","Shockwave"],"picked":"Feel No Pain","floor":29.0},{"not_picked":["Clash","Pummel"],"picked":"AT_DrawKnifeCut","floor":31.0}],"player_experience":98272,"relics_obtained":[{"floor":9.0,"key":"Boot"},{"floor":26.0,"key":"Oddly Smooth Stone"}],"event_choices":[{"damage_healed":0.0,"max_hp_gain":0.0,"max_hp_loss":0.0,"gold_gain":0.0,"event_name":"Shining Light","player_choice":"Entered Light","floor":2.0,"gold_loss":0.0,"damage_taken":16.0,"cards_upgraded":["Defend_R","Defend_R"]},{"damage_healed":0.0,"max_hp_gain":0.0,"max_hp_loss":0.0,"gold_gain":0.0,"event_name":"Golden Idol","player_choice":"Take Damage","floor":3.0,"gold_loss":0.0,"damage_taken":20.0,"relics_obtained":["Golden Idol"]},{"damage_healed":0.0,"max_hp_gain":0.0,"max_hp_loss":0.0,"gold_gain":0.0,"event_name":"FaceTrader","player_choice":"Trade","floor":8.0,"gold_loss":0.0,"damage_taken":0.0,"relics_obtained":["CultistMask"]},{"cards_removed":["Strike_R"],"damage_healed":0.0,"max_hp_gain":0.0,"max_hp_loss":0.0,"gold_gain":0.0,"event_name":"Bonfire Elementals","player_choice":"Offered Basic","floor":14.0,"gold_loss":0.0,"damage_taken":0.0},{"damage_healed":0.0,"max_hp_gain":0.0,"max_hp_loss":0.0,"gold_gain":0.0,"event_name":"The Mausoleum","player_choice":"Opened","floor":21.0,"gold_loss":0.0,"damage_taken":0.0,"relics_obtained":["Happy Flower"]},{"damage_healed":0.0,"max_hp_gain":0.0,"max_hp_loss":0.0,"gold_gain":0.0,"event_name":"N\u0027loth","player_choice":"Traded Relic","floor":25.0,"relics_lost":["CultistMask"],"gold_loss":0.0,"damage_taken":0.0,"relics_obtained":["Nloth\u0027s Gift"]}],"is_beta":false,"boss_relics":[{"not_picked":["Tiny House","Busted Crown"],"picked":"Sozu"}],"items_purged_floors":[],"is_endless":false,"potions_floor_spawned":[1,4,11,19,22,29],"killed_by":"Collector","ascension_level":0}}