{"host":"4t0z2wyk4ymtbfy7","time":1613276630,"event":{"mods":["AchievementEnabler","BaseMod","Colored Map","Colored Powertips","DeckTracker","Keyboard Shortcuts","Marisa£¨Ùöéë¡¡Øª×âÞÞ£©","Minty Spire (QoL Compilation)","SuperFastMode"],"gold_per_floor":[118,77,77,96,115,115,43,78,78,78,78],"floor_reached":10,"language":"KOR","playtime":353,"items_purged":[],"score":92,"play_id":"06a5373f-418c-41b4-9ea4-fc919a166228","local_time":"20210214132350","is_ascension_mode":true,"campfire_choices":[{"data":"Cloak And Dagger","floor":6,"key":"SMITH"}],"circlet_count":0,"master_deck":["Strike_G","Strike_G","Strike_G","Strike_G","Strike_G","Defend_G","Defend_G","Defend_G","Defend_G","Survivor","Neutralize","Cloak And Dagger+1","Accuracy","Backflip","Infinite Blades"],"relics":["Ring of the Snake","NeowsBlessing","Meat on the Bone","MealTicket"],"acts_visited":["Exordium"],"potions_floor_usage":[10],"damage_taken":[{"damage":0,"enemies":"Small Slimes","floor":1,"turns":1},{"damage":0,"enemies":"Cultist","floor":4,"turns":1},{"damage":0,"enemies":"2 Louse","floor":5,"turns":1},{"damage":35,"enemies":"3 Sentries","floor":8,"turns":8},{"damage":50,"enemies":"Lagavulin","floor":10,"turns":9}],"seed_played":"-4228570664905369556","potions_obtained":[{"floor":8,"key":"Regen Potion"}],"is_trial":false,"path_per_floor":["M","$","?","M","M","R","$","E","T","E"],"character_chosen":"THE_SILENT","items_purchased":["Accuracy","Infinite Blades"],"campfire_rested":0,"item_purchase_floors":[2,7],"current_hp_per_floor":[63,63,63,63,63,63,63,28,28,0,0],"gold":78,"neow_bonus":"THREE_ENEMY_KILL","is_daily":false,"chose_seed":false,"campfire_upgraded":1,"win_rate":0.0,"timestamp":1613276630,"path_taken":["M","$","?","?","M","R","$","E","T","E"],"items_purchased_type":["Card","Card"],"build_version":"2020-12-22","purchased_purges":0,"victory":false,"max_hp_per_floor":[70,70,70,70,70,70,70,70,70,70,70],"card_choices":[{"not_picked":["Riddle With Holes","Noxious Fumes"],"picked":"Cloak And Dagger","floor":1},{"not_picked":["Dash","Acrobatics"],"picked":"Backflip","floor":4},{"not_picked":["Dodge and Roll","Heel Hook","Deflect"],"picked":"SKIP","floor":5},{"not_picked":["Escape Plan","Calculated Gamble","Dagger Throw"],"picked":"SKIP","floor":8}],"player_experience":106105,"relics_obtained":[{"floor":8,"key":"Meat on the Bone"},{"floor":9,"key":"MealTicket"}],"event_choices":[{"cards_removed":["Defend_G"],"damage_healed":0,"gold_gain":0,"player_choice":"Offered Basic","damage_taken":0,"max_hp_gain":0,"max_hp_loss":0,"event_name":"Bonfire Elementals","floor":3,"gold_loss":0}],"is_beta":false,"boss_relics":[],"items_purged_floors":[],"is_endless":false,"potions_floor_spawned":[8],"killed_by":"Lagavulin","ascension_level":8}}