{"host":"cbu6enf2xtq4r7r3","time":1613329262,"event":{"mods":["2.2 Compatiblity","AlwaysNeverKeys","BaseMod","Better Match","Better Note","Better Sensory Stone","Better Skull","Better Third Choice","Colored Map","Colored Powertips","Defuse TimeMaze Blight","Emptier Cage","Minty Spire (QoL Compilation)","Permanent Neow","Quick Restart","Random Character Button","Relic Sorter","Reorder Act Four","Shop Mod","StSLib"],"gold_per_floor":[117,134,134,144,164,164,195,195,195,213,213,213,213],"floor_reached":12,"language":"ENG","playtime":418,"items_purged":[],"score":84,"play_id":"e22bc042-4877-4f77-aa72-3d52cbee6622","local_time":"20210214200102","is_ascension_mode":true,"campfire_choices":[{"data":"Tools of the Trade","floor":6,"key":"SMITH"},{"data":"Tactician","floor":8,"key":"SMITH"}],"circlet_count":0,"master_deck":["Survivor","Neutralize","Underhanded Strike","Grand Finale","Heel Hook","Infinite Blades","After Image","Grand Finale","Tools of the Trade+1","Masterful Stab","A Thousand Cuts","Heel Hook","Poisoned Stab","Acrobatics","Poisoned Stab","Tactician+1","Quick Slash"],"relics":["Pandora\u0027s Box","Smiling Mask","Dream Catcher","Toxic Egg 2"],"acts_visited":["Exordium"],"potions_floor_usage":[10],"damage_taken":[{"damage":3,"enemies":"Cultist","floor":1,"turns":4},{"damage":3,"enemies":"Jaw Worm","floor":2,"turns":4},{"damage":1,"enemies":"2 Louse","floor":4,"turns":4},{"damage":9,"enemies":"Looter","floor":5,"turns":2},{"damage":13,"enemies":"Gremlin Nob","floor":7,"turns":4},{"damage":7,"enemies":"Lots of Slimes","floor":10,"turns":4},{"damage":22,"enemies":"3 Sentries","floor":12,"turns":4}],"seed_played":"9070840286532400012","potions_obtained":[{"floor":4,"key":"SpeedPotion"},{"floor":5,"key":"Regen Potion"}],"is_trial":false,"path_per_floor":["M","M","?","M","M","R","E","R","T","M","T","E"],"character_chosen":"THE_SILENT","items_purchased":[],"campfire_rested":0,"item_purchase_floors":[],"current_hp_per_floor":[67,64,64,63,54,54,41,41,41,34,34,12,12],"gold":213,"neow_bonus":"BOSS_RELIC","is_daily":false,"chose_seed":false,"campfire_upgraded":2,"win_rate":0.0,"timestamp":1613329262,"path_taken":["M","?","?","?","M","R","E","R","T","M","?","E"],"items_purchased_type":[],"build_version":"2020-12-22","purchased_purges":0,"victory":false,"max_hp_per_floor":[70,70,70,70,70,70,70,70,70,70,70,70,70],"card_choices":[{"not_picked":["Deflect","Riddle With Holes"],"picked":"Heel Hook","floor":1},{"not_picked":["Sucker Punch","Catalyst"],"picked":"Poisoned Stab","floor":2},{"not_picked":["Accuracy","Deflect"],"picked":"Acrobatics","floor":4},{"not_picked":["Predator","Accuracy"],"picked":"Poisoned Stab","floor":5},{"not_picked":["All Out Attack","Infinite Blades"],"picked":"Tactician","floor":7},{"not_picked":["Masterful Stab","Sucker Punch"],"picked":"Quick Slash","floor":10}],"player_experience":148228,"relics_obtained":[{"floor":7,"key":"Smiling Mask"},{"floor":9,"key":"Dream Catcher"},{"floor":11,"key":"Toxic Egg 2"}],"event_choices":[{"cards_removed":["Outmaneuver"],"damage_healed":0,"gold_gain":0,"player_choice":"Card Removal","damage_taken":0,"max_hp_gain":0,"max_hp_loss":0,"event_name":"Wheel of Change","floor":3,"gold_loss":0}],"is_beta":false,"boss_relics":[],"items_purged_floors":[],"is_endless":false,"potions_floor_spawned":[4,5],"killed_by":"3 Sentries","ascension_level":1}}