{"host":"xb2tau8pgi8aflss","time":1613304494,"event":{"mods":["AchievementEnabler","BaseMod","Hermit","Minty Spire (QoL Compilation)","StSLib","SuperFastMode"],"gold_per_floor":[118,118,118,193,193,218,231,29,81,103,290,312,334,346,358,471,483,508,520,532,544,82,82,82],"floor_reached":23,"language":"KOR","playtime":801,"items_purged":["hermit:Strike_Hermit"],"score":254,"play_id":"7ba5cf23-8227-4611-a75b-fc361c959050","local_time":"20210214210814","is_ascension_mode":true,"campfire_choices":[{"data":"hermit:LoneWolf","floor":15,"key":"SMITH"}],"circlet_count":0,"master_deck":["hermit:Strike_Hermit","hermit:Strike_Hermit","hermit:Strike_Hermit","hermit:Defend_Hermit","hermit:Defend_Hermit","hermit:Defend_Hermit","hermit:Snapshot+1","hermit:Covet","hermit:Quickdraw","hermit:GhostlyPresence","hermit:LoneWolf+1","hermit:Gestalt","hermit:ItchyTrigger","hermit:Snipe","Doubt","hermit:FlashPowder","hermit:EternalForm","hermit:Virtue","Shame","hermit:Brawl","hermit:CalledShot"],"relics":["hermit:Momento","NeowsBlessing","InkBottle","HornCleat","Toy Ornithopter","MawBank","hermit:BartenderGlass","hermit:Horseshoe","Darkstone Periapt","hermit:PetGhost"],"acts_visited":["Exordium","TheCity"],"potions_floor_usage":[16,18,23,23,23,23],"damage_taken":[{"damage":0.0,"enemies":"2 Louse","floor":1.0,"turns":1.0},{"damage":0.0,"enemies":"Gremlin Nob","floor":6.0,"turns":1.0},{"damage":0.0,"enemies":"Cultist","floor":7.0,"turns":1.0},{"damage":0,"enemies":"Small Slimes","floor":10,"turns":3},{"damage":1,"enemies":"3 Louse","floor":12,"turns":3},{"damage":0,"enemies":"2 Fungi Beasts","floor":13,"turns":3},{"damage":39,"enemies":"The Guardian","floor":16,"turns":14},{"damage":33,"enemies":"Chosen","floor":18,"turns":7},{"damage":100088,"enemies":"Gremlin Leader","floor":23,"turns":9}],"seed_played":"-4085914543342886686","potions_obtained":[{"floor":6.0,"key":"DistilledChaos"},{"floor":7.0,"key":"hermit:Tonic"},{"floor":12,"key":"SpeedPotion"},{"floor":16,"key":"SpeedPotion"},{"floor":18,"key":"SkillPotion"}],"is_trial":false,"path_per_floor":["M","?","?","?","T","E","M","$","T","M","?","M","M","$","R","B",null,"M","?","?","?","$","E"],"character_chosen":"HERMIT","items_purchased":["hermit:Gestalt","hermit:ItchyTrigger","Darkstone Periapt","hermit:PetGhost","hermit:Brawl","hermit:CalledShot"],"campfire_rested":0,"item_purchase_floors":[8,8,22,22,22,22],"current_hp_per_floor":[75,75,68,57,57,57,57,57,57,57,57,56,56,56,56,22,75,46,46,46,46,46,0,0],"gold":82,"neow_bonus":"THREE_ENEMY_KILL","is_daily":false,"chose_seed":false,"campfire_upgraded":1,"win_rate":0.0,"timestamp":1613304494,"path_taken":["M","?","?","?","?","E","?","$","T","M","?","M","M","$","R","BOSS","M","?","?","?","$","E"],"items_purchased_type":["Card","Card","Relic","Relic","Card","Card"],"build_version":"2020-12-22","purchased_purges":1,"victory":false,"max_hp_per_floor":[75,75,75,75,75,75,75,75,75,75,75,75,75,75,75,75,75,75,75,75,75,75,75,75],"card_choices":[{"not_picked":["hermit:Ricochet","hermit:Manifest"],"picked":"hermit:Quickdraw","floor":1.0},{"not_picked":["hermit:Feint","hermit:ItchyTrigger"],"picked":"hermit:GhostlyPresence","floor":6.0},{"not_picked":["hermit:Ricochet","hermit:HighNoon"],"picked":"hermit:LoneWolf","floor":7.0},{"not_picked":["hermit:Maintenance","hermit:HoleUp"],"picked":"hermit:Snipe","floor":10},{"not_picked":["hermit:Deadeye","hermit:Determination"],"picked":"hermit:FlashPowder","floor":12},{"not_picked":["hermit:Maintenance","hermit:SprayPray","hermit:Misfire"],"picked":"SKIP","floor":13},{"not_picked":["hermit:Reprieve","hermit:DeadOrAlive"],"picked":"hermit:EternalForm","floor":16},{"not_picked":["hermit:Showdown","hermit:DeadMansHand"],"picked":"hermit:Virtue","floor":18}],"player_experience":835221,"relics_obtained":[{"floor":5.0,"key":"HornCleat"},{"floor":6.0,"key":"Toy Ornithopter"},{"floor":9.0,"key":"MawBank"}],"event_choices":[{"damage_healed":0.0,"max_hp_gain":0.0,"max_hp_loss":0.0,"gold_gain":0.0,"event_name":"Living Wall","player_choice":"Grow","floor":2.0,"gold_loss":0.0,"damage_taken":0.0,"cards_upgraded":["hermit:Snapshot"]},{"damage_healed":0.0,"max_hp_gain":0.0,"max_hp_loss":0.0,"gold_gain":0.0,"event_name":"Scrap Ooze","player_choice":"Success","floor":3.0,"gold_loss":0.0,"damage_taken":7.0,"relics_obtained":["InkBottle"]},{"damage_healed":0.0,"max_hp_gain":0.0,"max_hp_loss":0.0,"gold_gain":75.0,"event_name":"World of Goop","player_choice":"Gather Gold","floor":4.0,"gold_loss":0.0,"damage_taken":11.0},{"damage_healed":0,"gold_gain":175,"player_choice":"AGREE","damage_taken":0,"max_hp_gain":0,"max_hp_loss":0,"event_name":"Liars Game","floor":11,"gold_loss":0,"cards_obtained":["Doubt"]},{"damage_healed":0,"gold_gain":0,"player_choice":"Stole Relic","damage_taken":0,"relics_obtained":["hermit:Horseshoe"],"max_hp_gain":0,"max_hp_loss":0,"event_name":"Addict","floor":19,"gold_loss":0,"cards_obtained":["Shame"]},{"cards_removed":["hermit:Defend_Hermit"],"damage_healed":0,"gold_gain":0,"player_choice":"Elegance","damage_taken":0,"max_hp_gain":0,"max_hp_loss":0,"event_name":"Back to Basics","floor":20,"gold_loss":0},{"damage_healed":0,"gold_gain":0,"player_choice":"Ignored","damage_taken":0,"max_hp_gain":0,"max_hp_loss":0,"event_name":"Vampires","floor":21,"gold_loss":0}],"is_beta":false,"boss_relics":[{"not_picked":["Black Star","Calling Bell"],"picked":"hermit:BartenderGlass"}],"items_purged_floors":[8],"is_endless":false,"potions_floor_spawned":[6,7,12,16,18],"killed_by":"Gremlin Leader","ascension_level":4}}