{"host":"w9njud19qyl0lpz1","time":1613322658,"event":{"mods":["BaseMod","Infinite Spire","Minty Spire (QoL Compilation)","StSLib"],"gold_per_floor":[366,381,381,381,392,392,426,46,346,360,460,476,492,509,509,610,610,627,677,389,407,21,57,76,76,152,152,77,77,177,201,201,309,309,335,335,348,364,364,364,386,392,392],"floor_reached":42,"language":"ENG","playtime":7209,"items_purged":[],"score":495,"play_id":"667e1ce0-326a-4df7-8bb3-bf876d63bcbd","local_time":"20210214121058","is_ascension_mode":false,"campfire_choices":[{"floor":6,"key":"REST"},{"floor":15,"key":"REST"},{"floor":25,"key":"REST"},{"floor":27,"key":"REST"},{"floor":32,"key":"REST"},{"floor":40,"key":"REST"}],"circlet_count":0,"master_deck":["Strike_B","Strike_B","Strike_B","Defend_B","Defend_B","Defend_B","Zap","Dualcast","Steam","Reboot","Ball Lightning","Capacitor","FTL","Barrage","Lockon","Sweeping Beam","Stack","Buffer+1","Conserve Battery","Streamline+1","Chrysalis","Hologram","Barrage","Echo Form","Leap+1","Steam+1","Go for the Eyes+1"],"relics":["Cracked Core","TungstenRod","infinitespire:Midas Blood","White Beast Statue","Old Coin","StoneCalendar","Potion Belt","The Courier","infinitespire:Eraser","Ginger","SlaversCollar"],"acts_visited":["Exordium","TheCity","TheBeyond"],"potions_floor_usage":[7,7,12,16,16,16,18,23,23,23,33,33,35,35,38,41,41,42],"damage_taken":[{"damage":0,"enemies":"Small Slimes","floor":1,"turns":3},{"damage":4,"enemies":"Cultist","floor":2,"turns":4},{"damage":0,"enemies":"infinitespire:Voidling","floor":5,"turns":4},{"damage":21,"enemies":"3 Sentries","floor":7,"turns":10},{"damage":7,"enemies":"Exordium Wildlife","floor":10,"turns":4},{"damage":6,"enemies":"Exordium Thugs","floor":12,"turns":3},{"damage":2,"enemies":"Gremlin Gang","floor":13,"turns":3},{"damage":0,"enemies":"3 Louse","floor":14,"turns":3},{"damage":0,"enemies":"Slime Boss","floor":16,"turns":7},{"damage":2,"enemies":"Spheric Guardian","floor":18,"turns":4},{"damage":4,"enemies":"Chosen","floor":21,"turns":5},{"damage":29,"enemies":"Slavers","floor":23,"turns":7},{"damage":4,"enemies":"Centurion and Healer","floor":24,"turns":7},{"damage":20,"enemies":"Chosen and Byrds","floor":31,"turns":7},{"damage":69,"enemies":"Champ","floor":33,"turns":13},{"damage":38,"enemies":"3 Darklings","floor":35,"turns":7},{"damage":8,"enemies":"Orb Walker","floor":37,"turns":4},{"damage":23,"enemies":"Maw","floor":38,"turns":9},{"damage":25,"enemies":"Spire Growth","floor":41,"turns":7},{"damage":22,"enemies":"4 Shapes","floor":42,"turns":6}],"seed_played":"1644943627586312396","potions_obtained":[{"floor":1,"key":"LiquidMemories"},{"floor":2,"key":"EssenceOfSteel"},{"floor":10,"key":"Fire Potion"},{"floor":12,"key":"CultistPotion"},{"floor":13,"key":"EntropicBrew"},{"floor":14,"key":"Fire Potion"},{"floor":16,"key":"FocusPotion"},{"floor":18,"key":"Ancient Potion"},{"floor":21,"key":"Block Potion"},{"floor":23,"key":"Explosive Potion"},{"floor":24,"key":"LiquidBronze"},{"floor":31,"key":"LiquidMemories"},{"floor":33,"key":"FocusPotion"},{"floor":35,"key":"Strength Potion"},{"floor":37,"key":"Dexterity Potion"},{"floor":38,"key":"Regen Potion"},{"floor":41,"key":"LiquidMemories"}],"is_trial":false,"path_per_floor":["M","M","?","?","M","R","E","$","T","M","?","M","M","M","R","B",null,"M","?","$","M","$","E","M","R","T","R","?","AVR","?","M","R","B",null,"M","?","M","M","AVR","R","M","M"],"character_chosen":"DEFECT","items_purchased":["White Beast Statue","Capacitor","FTL","StoneCalendar","Chrysalis","Potion Belt","Hologram"],"campfire_rested":6,"item_purchase_floors":[8,8,8,20,22,22,22],"current_hp_per_floor":[54,50,32,32,32,54,33,33,33,26,26,20,18,18,40,40,75,73,73,73,69,69,40,36,58,58,75,75,75,75,55,75,6,75,37,37,29,6,6,28,18,0,0],"gold":392,"neow_bonus":"TWO_FIFTY_GOLD","is_daily":false,"chose_seed":false,"campfire_upgraded":0,"win_rate":0.0,"timestamp":1613322658,"path_taken":["M","M","?","?","?","R","E","$","T","M","?","M","?","M","R","BOSS","M","?","?","M","$","E","?","R","T","R","?","AVR","?","M","R","BOSS","M","?","M","?","AVR","R","M","M"],"items_purchased_type":["Relic","Card","Card","Relic","Card","Relic","Card"],"build_version":"2020-12-22","purchased_purges":0,"victory":false,"max_hp_per_floor":[75,75,75,75,75,75,75,75,75,75,75,75,75,75,75,75,75,75,75,75,75,75,75,75,75,75,75,75,75,75,75,75,75,75,75,75,75,75,75,75,75,75,75],"card_choices":[{"not_picked":["Stack","Redo","Sweeping Beam"],"picked":"SKIP","floor":1},{"not_picked":["Hologram","Cold Snap"],"picked":"Steam","floor":2},{"not_picked":["Blizzard","Storm"],"picked":"Reboot","floor":5},{"not_picked":["Force Field","Go for the Eyes"],"picked":"Ball Lightning","floor":7},{"not_picked":["Lockon","Turbo"],"picked":"Barrage","floor":10},{"not_picked":["Gash","Rebound"],"picked":"Lockon","floor":12},{"not_picked":["Cold Snap","Steam"],"picked":"Sweeping Beam","floor":13},{"not_picked":["Heatsinks","Blizzard"],"picked":"Stack","floor":14},{"not_picked":["Reboot","Hyperbeam"],"picked":"Buffer","floor":16},{"not_picked":["Reinforced Body","Self Repair"],"picked":"Conserve Battery","floor":18},{"not_picked":["Stack+1","Skim"],"picked":"Streamline+1","floor":21},{"not_picked":["Reprogram","Streamline","Hologram"],"picked":"SKIP","floor":23},{"not_picked":["Cold Snap","Go for the Eyes+1"],"picked":"Barrage","floor":24},{"not_picked":["Beam Cell","Cold Snap","Stack+1"],"picked":"SKIP","floor":31},{"not_picked":["Amplify","Multi-Cast"],"picked":"Echo Form","floor":33},{"not_picked":["Skim","Redo","Genetic Algorithm"],"picked":"SKIP","floor":35},{"not_picked":["Cold Snap","Conserve Battery+1"],"picked":"Leap+1","floor":37},{"not_picked":["Heatsinks","Cold Snap"],"picked":"Steam+1","floor":38},{"not_picked":["Cold Snap","Streamline+1"],"picked":"Go for the Eyes+1","floor":41}],"player_experience":2479574,"relics_obtained":[{"floor":7,"key":"infinitespire:Midas Blood"},{"floor":9,"key":"Old Coin"},{"floor":23,"key":"The Courier"},{"floor":26,"key":"infinitespire:Eraser"}],"event_choices":[{"damage_healed":0,"gold_gain":0,"player_choice":"Success","damage_taken":18,"relics_obtained":["TungstenRod"],"max_hp_gain":0,"max_hp_loss":0,"event_name":"Scrap Ooze","floor":3,"gold_loss":0},{"cards_removed":["Strike_B"],"damage_healed":0,"gold_gain":0,"player_choice":"Purged","damage_taken":0,"max_hp_gain":0,"max_hp_loss":0,"event_name":"Purifier","floor":4,"gold_loss":0},{"damage_healed":0,"gold_gain":100,"player_choice":"Pray","damage_taken":0,"max_hp_gain":0,"max_hp_loss":0,"event_name":"Golden Shrine","floor":11,"gold_loss":0},{"damage_healed":0,"gold_gain":100,"player_choice":"Bet on Murderer","damage_taken":0,"max_hp_gain":0,"max_hp_loss":0,"event_name":"The Joust","floor":19,"gold_loss":50},{"cards_removed":["Defend_B"],"damage_healed":0,"gold_gain":0,"player_choice":"Gave Gold","damage_taken":0,"max_hp_gain":0,"max_hp_loss":0,"event_name":"Beggar","floor":28,"gold_loss":75},{"damage_healed":0,"gold_gain":100,"player_choice":"Pray","damage_taken":0,"max_hp_gain":0,"max_hp_loss":0,"event_name":"Golden Shrine","floor":30,"gold_loss":0},{"damage_healed":0,"gold_gain":0,"player_choice":"Upgraded","damage_taken":0,"max_hp_gain":0,"max_hp_loss":0,"event_name":"Upgrade Shrine","floor":36,"gold_loss":0,"cards_upgraded":["Buffer"]}],"is_beta":false,"boss_relics":[{"not_picked":["Coffee Dripper","Ectoplasm","Philosopher\u0027s Stone"]},{"not_picked":["Runic Dome","Runic Pyramid"],"picked":"SlaversCollar"}],"items_purged_floors":[],"is_endless":false,"potions_floor_spawned":[1,2,10,12,13,14,16,18,21,23,24,31,33,35,37,38,41],"killed_by":"4 Shapes","ascension_level":0}}