{"host":"pbf6u3tyx46snqc7","time":1613331637,"event":{"mods":["AchievementEnabler","BaseMod","Colored Map","Minty Spire (QoL Compilation)","Rare Cards Sparkle","SuperFastMode"],"gold_per_floor":[115,133,133,133,133,165,178,178,178,138,150,164,178,51,51,151,151,165,165,178,203,203,203,203,203],"floor_reached":24,"language":"KOR","playtime":693,"items_purged":["Strike_R"],"score":246,"play_id":"8ad1c044-abff-4e91-9afb-daf829abb6d8","local_time":"20210215044037","is_ascension_mode":false,"campfire_choices":[{"data":"Barricade","floor":8,"key":"SMITH"},{"data":"Body Slam","floor":15,"key":"SMITH"},{"data":"Entrench","floor":23,"key":"SMITH"}],"circlet_count":0,"master_deck":["Strike_R","Strike_R","Defend_R","Defend_R","Defend_R","Defend_R","Bash","Armaments","Barricade+1","Power Through","Pommel Strike","Body Slam+1","Immolate","CurseOfTheBell","Entrench+1","Thunderclap","Exhume","Dark Embrace"],"relics":["Burning Blood","NeowsBlessing","Pear","Magic Flower","Question Card","Calling Bell","Dream Catcher","Champion Belt","Mercury Hourglass","Blood Vial"],"acts_visited":["Exordium","TheCity"],"potions_floor_usage":[16,16,18],"damage_taken":[{"damage":0,"enemies":"Small Slimes","floor":1,"turns":1},{"damage":0,"enemies":"Cultist","floor":2,"turns":1},{"damage":0,"enemies":"3 Sentries","floor":6,"turns":2},{"damage":15,"enemies":"Jaw Worm","floor":7,"turns":6},{"damage":10,"enemies":"Looter","floor":11,"turns":5},{"damage":11,"enemies":"Large Slime","floor":12,"turns":13},{"damage":10,"enemies":"2 Fungi Beasts","floor":13,"turns":6},{"damage":13,"enemies":"The Guardian","floor":16,"turns":11},{"damage":15,"enemies":"3 Byrds","floor":18,"turns":4},{"damage":0,"enemies":"Spheric Guardian","floor":20,"turns":4},{"damage":98,"enemies":"Book of Stabbing","floor":24,"turns":5}],"seed_played":"-2220249655752861975","potions_obtained":[{"floor":10,"key":"Fire Potion"},{"floor":10,"key":"SkillPotion"},{"floor":10,"key":"SkillPotion"},{"floor":12,"key":"DistilledChaos"},{"floor":18,"key":"Regen Potion"},{"floor":20,"key":"DuplicationPotion"}],"is_trial":false,"path_per_floor":["M","M","?","?","?","E","M","R","T","?","M","M","M","$","R","B",null,"M","?","M","T","?","R","E"],"character_chosen":"IRONCLAD","items_purchased":["Body Slam"],"campfire_rested":0,"item_purchase_floors":[14],"current_hp_per_floor":[80,80,85,88,88,94,88,88,88,88,87,85,84,84,84,80,95,89,89,95,95,95,95,0,0],"gold":203,"neow_bonus":"THREE_ENEMY_KILL","is_daily":false,"chose_seed":false,"campfire_upgraded":3,"win_rate":0.0,"timestamp":1613331637,"path_taken":["M","M","?","?","?","E","M","R","T","?","M","?","M","$","R","BOSS","M","?","M","?","?","R","E"],"items_purchased_type":["Card"],"build_version":"2020-12-22","purchased_purges":1,"victory":false,"max_hp_per_floor":[80,80,85,95,95,95,95,95,95,95,95,95,95,95,95,95,95,95,95,95,95,95,95,95,95],"card_choices":[{"not_picked":["True Grit","Heavy Blade"],"picked":"Armaments","floor":1},{"not_picked":["Shrug It Off","Ghostly Armor","Headbutt"],"picked":"SKIP","floor":2},{"not_picked":["Perfected Strike","Burning Pact"],"picked":"Barricade","floor":6},{"not_picked":["Shrug It Off","Twin Strike"],"picked":"Power Through","floor":7},{"not_picked":["Fire Breathing","Armaments","Combust","Perfected Strike"],"picked":"SKIP","floor":11},{"not_picked":["Rampage","Thunderclap","Flame Barrier","Sever Soul"],"picked":"SKIP","floor":12},{"not_picked":["Twin Strike","Headbutt","Rampage"],"picked":"Pommel Strike","floor":13},{"not_picked":["Demon Form","Corruption","Fiend Fire"],"picked":"Immolate","floor":16},{"not_picked":["Warcry","Whirlwind","Infernal Blade+1"],"picked":"Entrench","floor":18},{"not_picked":["Headbutt+1","Anger+1","Thunderclap","Iron Wave+1"],"picked":"SKIP","floor":20},{"not_picked":["Headbutt+1","Anger+1","Iron Wave+1"],"picked":"Thunderclap","floor":20}],"player_experience":427081,"relics_obtained":[{"floor":6,"key":"Magic Flower"},{"floor":9,"key":"Question Card"},{"floor":17,"key":"Dream Catcher"},{"floor":17,"key":"Champion Belt"},{"floor":17,"key":"Mercury Hourglass"},{"floor":21,"key":"Blood Vial"}],"event_choices":[{"damage_healed":0,"gold_gain":0,"player_choice":"Donut","damage_taken":0,"max_hp_gain":5,"max_hp_loss":0,"event_name":"Big Fish","floor":3,"gold_loss":0},{"damage_healed":0,"gold_gain":0,"player_choice":"Success","damage_taken":7,"relics_obtained":["Pear"],"max_hp_gain":0,"max_hp_loss":0,"event_name":"Scrap Ooze","floor":4,"gold_loss":0},{"damage_healed":0,"gold_gain":0,"player_choice":"Ignored","damage_taken":0,"max_hp_gain":0,"max_hp_loss":0,"event_name":"Liars Game","floor":5,"gold_loss":0},{"damage_healed":0,"gold_gain":0,"player_choice":"Bought 3 Potions","damage_taken":0,"max_hp_gain":0,"max_hp_loss":0,"event_name":"The Woman in Blue","floor":10,"gold_loss":0},{"damage_healed":0,"gold_gain":0,"player_choice":"Ignored","damage_taken":0,"max_hp_gain":0,"max_hp_loss":0,"event_name":"Ghosts","floor":19,"gold_loss":0},{"damage_healed":0,"gold_gain":0,"cards_transformed":["Strike_R","Strike_R"],"player_choice":"Became Test Subject","damage_taken":0,"max_hp_gain":0,"max_hp_loss":0,"event_name":"Drug Dealer","floor":22,"gold_loss":0,"cards_obtained":["Exhume","Dark Embrace"]}],"is_beta":false,"boss_relics":[{"not_picked":["Runic Cube","Mark of Pain"],"picked":"Calling Bell"}],"items_purged_floors":[14],"is_endless":false,"potions_floor_spawned":[12,13,18,20],"killed_by":"Book of Stabbing","ascension_level":0}}