{"host":"n72bscdjmcbq86ho","time":1613299986,"event":{"mods":["2.2 Compatiblity","AchievementEnabler","Act Like it!","AlwaysNeverKeys","Aspiration","BaseMod","Better Altar","Better Note","Better Sensory Stone","Better Skull","Better Third Choice","BetterRewards","Block Reminder","Colored Map","Colored Powertips","Conspire","Curses Come First","Dark Map","Defuse TimeMaze Blight","Energized Spire","GifTheSpireLib","Halation","Hermit","Highlight Path","Hubris","Infinite Spire","Marisa????????","Minty Spire (QoL Compilation)","Permanent Neow","Quick Restart","Rare Cards Sparkle","RatMod","Relic Filter","Relic Sorter","Relic Stats","Replay The Spire","Reworked Bosses","Shop Mod","Spikes Relics","StSLib","Stuff the Spire","SuperFastMode","The Blue Laboratory","The Sage","Uncapped","Unceasing Turn Reminder","UnlockEverythingMod","Waifu the Spire","egg"],"gold_per_floor":[116,136,147,147,159,159,194,194,194,210,291,32,49,59,77,112,112,211,211,230,248,263,93,105,125,125,125,125,137,163,181,193,210,210,308,308,318,331,345,365,365,395,395,409,409,488,488,488,527,527,527,545],"floor_reached":53,"language":"ENG","playtime":14901,"items_purged":["Strike_MRS","Strike_MRS","Strike_MRS"],"score":786,"play_id":"28eff858-2525-4568-9488-ea469da43fac","local_time":"20210214215306","is_ascension_mode":false,"campfire_choices":[{"floor":6.0,"key":"RECALL"},{"data":"DC","floor":17.0,"key":"SMITH"},{"floor":26.0,"key":"REST"},{"data":"UltimateShortwave","floor":34.0,"key":"SMITH"},{"floor":43.0,"key":"REST"},{"floor":48,"key":"REST"}],"circlet_count":0,"master_deck":["Defend_MRS","Defend_MRS","Defend_MRS","MasterSpark","UpSweep","LuminesStrike","MilkyWay","GrandCross","DC+1","ChargingUp","IllusionStar","6A","LuminesStrike+1","UltimateShortwave","PulseMagic","WitchLeyline","EarthLightRay","GasGiant","SatelliteIllusion","Acceleration+1","OneTimeOff","OpenUniverse","GravityBeat","GrandCross","DoubleSpark","UltimateShortwave+1","SuperPerseids+1","GravityBeat","SporeBomb","EventHorizon","StarlightTyphoon","BinaryStars","Robbery","IllusionStar+1","Orbital+1","MagicAbsorber","PulseMagic+1","DarkMatter","MagicAbsorber+1","Madness","Madness","IllusionStar+1","Feint","Metamorphosis","Occultation"],"relics":["MiniHakkero","aspiration:Nostalgia","Burning Blood","Replay:Wax Seal","hubris:Reverence","StuffTheSpire:Gunfinga","energizedSpire:DeadBattery","ReplayFunnel","Pear","ReplayTheSpireMod:DimensionalGlitch","Calipers","Simple Rune","infinitespire:ShieldingShard","Durian"],"acts_visited":["Exordium","TheCity","TheBeyond"],"potions_floor_usage":[],"damage_taken":[{"damage":8.0,"enemies":"Jaw Worm","floor":1.0,"turns":4.0},{"damage":1.0,"enemies":"Cultist","floor":2.0,"turns":4.0},{"damage":5.0,"enemies":"conspire:RoseBush","floor":3.0,"turns":2.0},{"damage":7.0,"enemies":"3 Louse","floor":5.0,"turns":4.0},{"damage":5.0,"enemies":"Gremlin Nob","floor":7.0,"turns":3.0},{"damage":0.0,"enemies":"2 Fungi Beasts","floor":10.0,"turns":2.0},{"damage":8.0,"enemies":"Gremlin Gang","floor":13.0,"turns":4.0},{"damage":12.0,"enemies":"Exordium Wildlife","floor":14.0,"turns":4.0},{"damage":0.0,"enemies":"Large Slime","floor":15.0,"turns":5.0},{"damage":8.0,"enemies":"Lagavulin","floor":16.0,"turns":3.0},{"damage":32.0,"enemies":"Hexaghost","floor":18.0,"turns":6.0},{"damage":0.0,"enemies":"Shell Parasite","floor":20.0,"turns":3.0},{"damage":0.0,"enemies":"Chosen","floor":21.0,"turns":3.0},{"damage":2.0,"enemies":"Centurion and Healer","floor":22.0,"turns":5.0},{"damage":27.0,"enemies":"Cultist and Chosen","floor":24.0,"turns":7.0},{"damage":16.0,"enemies":"conspire:HollyBat","floor":25.0,"turns":7.0},{"damage":0.0,"enemies":"Snecko","floor":29.0,"turns":3.0},{"damage":9.0,"enemies":"Gremlin Leader","floor":30.0,"turns":3.0},{"damage":0.0,"enemies":"Sentry and Sphere","floor":31.0,"turns":3.0},{"damage":0.0,"enemies":"conspire:HollyBat","floor":32.0,"turns":7.0},{"damage":21.0,"enemies":"Snake Plant","floor":33.0,"turns":3.0},{"damage":16.0,"enemies":"bossMod:newChamp","floor":35.0,"turns":10.0},{"damage":11.0,"enemies":"3 Darklings","floor":37.0,"turns":5.0},{"damage":0.0,"enemies":"Orb Walker","floor":38.0,"turns":3.0},{"damage":0.0,"enemies":"Jaw Worm Horde","floor":39.0,"turns":2.0},{"damage":1.0,"enemies":"Spire Growth","floor":40.0,"turns":2.0},{"damage":38.0,"enemies":"Nemesis","floor":42.0,"turns":5.0},{"damage":9.0,"enemies":"Maw","floor":44.0,"turns":6.0},{"damage":9.0,"enemies":"Reptomancer","floor":46.0,"turns":4.0},{"damage":17,"enemies":"3 Darklings","floor":49,"turns":5},{"damage":31,"enemies":"bossMod:newAwakened","floor":52,"turns":11}],"seed_played":"7422013331834865692","potions_obtained":[{"floor":2.0,"key":"BlessingOfTheForge"},{"floor":7.0,"key":"Block Potion"},{"floor":10.0,"key":"Energy Potion"},{"floor":13.0,"key":"SneckoOil"},{"floor":14.0,"key":"Weak Potion"},{"floor":21.0,"key":"PowerPotion"},{"floor":24.0,"key":"Weak Potion"},{"floor":25.0,"key":"Energy Potion"},{"floor":33.0,"key":"PowerPotion"},{"floor":37.0,"key":"Weak Potion"},{"floor":39.0,"key":"Explosive Potion"},{"floor":42.0,"key":"Fire Potion"},{"floor":46.0,"key":"blueLaboratory:PyrophylliteBrew"}],"is_trial":false,"path_per_floor":["M","M","M","?","M","R","E","PTL","PTL","M","T","$","M","M","M","E","R","B",null,"M","M","M","$","M","M","R","?","T","M","E","M","M","M","R","B",null,"M","M","M","M","AVR","E","R","M","T","E","?","R","M","?","R_BF","B",null],"character_chosen":"MARISA","items_purchased":["LuminesStrike+1","UltimateShortwave","GravityBeat","Adrenaline Potion"],"campfire_rested":3,"item_purchase_floors":[12,12,23,23],"current_hp_per_floor":[73,75,75,75,74,74,75,75,75,75,75,75,73,67,73,71,71,49,75,75,75,75,75,54,48,70,70,70,75,82,85,85,70,70,64,85,79,84,85,85,85,52,77,71,71,72,61,88,74,74,74,48],"gold":545,"neow_bonus":"NOSTALGIA","is_daily":false,"chose_seed":false,"campfire_upgraded":2,"win_rate":0.0,"timestamp":1613299986,"path_taken":["M","M","M","?","M","R","E","PTL","PTL","?","T","$","M","M","?","E","R","BOSS","M","M","M","$","M","M","R","?","T","M","E","?","M","M","R","BOSS","M","M","M","M","AVR","E","R","M","T","E","?","R","M","?","R_BF","BOSS"],"items_purchased_type":["Card","Card","Card","Potion"],"build_version":"2020-12-22","purchased_purges":3,"victory":true,"max_hp_per_floor":[75,75,75,75,75,75,75,75,75,75,75,75,75,75,75,75,75,75,75,75,75,75,75,75,75,75,75,75,75,85,85,85,85,85,85,85,85,85,85,85,85,85,85,85,85,90,90,90,90,90,90,90],"relic_stats":{"counters":[31,138],"obtain_stats":[{"ReplayFunnel":28,"Pear":30,"Calipers":41,"aspiration:Nostalgia":0,"energizedSpire:DeadBattery":19,"Burning Blood":0,"StuffTheSpire:Gunfinga":16,"infinitespire:ShieldingShard":45,"Simple Rune":42,"Durian":46,"MiniHakkero":0,"Replay:Wax Seal":7,"ReplayTheSpireMod:DimensionalGlitch":36,"hubris:Reverence":11},{"ReplayFunnel":16,"Pear":18,"Calipers":26,"aspiration:Nostalgia":0,"energizedSpire:DeadBattery":11,"Burning Blood":0,"StuffTheSpire:Gunfinga":10,"infinitespire:ShieldingShard":28,"Simple Rune":27,"Durian":29,"MiniHakkero":0,"Replay:Wax Seal":5,"ReplayTheSpireMod:DimensionalGlitch":22,"hubris:Reverence":6},{"ReplayFunnel":66,"Pear":72,"Calipers":107,"aspiration:Nostalgia":0,"energizedSpire:DeadBattery":41,"Burning Blood":0,"StuffTheSpire:Gunfinga":35,"infinitespire:ShieldingShard":118,"Simple Rune":112,"Durian":122,"MiniHakkero":0,"Replay:Wax Seal":17,"ReplayTheSpireMod:DimensionalGlitch":95,"hubris:Reverence":19}],"Burning Blood":117},"card_choices":[{"not_picked":["WitchLeyline","PowerUp"],"picked":"LuminesStrike","floor":1.0},{"not_picked":["BlazeAway","OortCloud"],"picked":"MilkyWay","floor":2.0},{"not_picked":["EnergyFlow","Orbital"],"picked":"GrandCross","floor":3.0},{"not_picked":["UnstableBomb","Singularity"],"picked":"ChargingUp","floor":5.0},{"not_picked":["JA","MysteriousBeam"],"picked":"IllusionStar","floor":7.0},{"not_picked":["OortCloud","MysteriousBeam"],"picked":"6A","floor":10.0},{"not_picked":["BigCrunch","Acceleration"],"picked":"PulseMagic","floor":13.0},{"not_picked":["DragonMeteor","SporeBomb"],"picked":"WitchLeyline","floor":14.0},{"not_picked":["IllusionStar","ShootingEcho"],"picked":"EarthLightRay","floor":15.0},{"not_picked":["DC","WitchLeyline"],"picked":"GasGiant","floor":16.0},{"not_picked":["TreasureHunter","AbsoluteMagnitude"],"picked":"SatelliteIllusion","floor":18.0},{"not_picked":["ChargingUp","MachineGunSpark"],"picked":"Acceleration+1","floor":20.0},{"not_picked":["WitchOfGreed","ManaConvection"],"picked":"OneTimeOff","floor":21.0},{"not_picked":["ChargingUp","ShootTheMoon+1"],"picked":"OpenUniverse","floor":22.0},{"not_picked":["PowerUp","ShootingEcho+1"],"picked":"GrandCross","floor":24.0},{"not_picked":["ShootTheMoon+1","UnstableBomb"],"picked":"DoubleSpark","floor":25.0},{"not_picked":["WitchLeyline","UnstableBomb"],"picked":"SuperPerseids+1","floor":29.0},{"not_picked":["DC","CollectingQuirk"],"picked":"GravityBeat","floor":30.0},{"not_picked":["OpenUniverse","PowerUp"],"picked":"SporeBomb","floor":31.0},{"not_picked":["LuminesStrike","ChargeUpSpray"],"picked":"EventHorizon","floor":32.0},{"not_picked":["EnergyFlow","AsteroidBelt"],"picked":"StarlightTyphoon","floor":33.0},{"not_picked":["SatelliteIllusion","BigCrunch"],"picked":"BinaryStars","floor":35.0},{"not_picked":["NonDirectionalLaser+1","MachineGunSpark+1"],"picked":"Robbery","floor":37.0},{"not_picked":["DoubleSpark","GalacticHalo"],"picked":"IllusionStar+1","floor":38.0},{"not_picked":["OrrerysSun+1","Acceleration+1"],"picked":"Orbital+1","floor":39.0},{"not_picked":["WitchLeyline","GravityBeat+1"],"picked":"MagicAbsorber","floor":40.0},{"not_picked":["SuperPerseids","WitchOfGreed+1"],"picked":"PulseMagic+1","floor":42.0},{"not_picked":["DarkSpark+1","LuminesStrike"],"picked":"DarkMatter","floor":44.0},{"not_picked":["DoubleSpark+1","DC+1"],"picked":"MagicAbsorber+1","floor":46.0},{"not_picked":["EnergyFlow","DarkMatter+1"],"picked":"IllusionStar+1","floor":49},{"not_picked":["Madness","hubris:Ssssneak"],"picked":"Feint","floor":50},{"not_picked":["Swift Strike","hubris:EnhanceAbility"],"picked":"Metamorphosis","floor":50}],"player_experience":4955,"relics_obtained":[{"floor":7.0,"key":"Replay:Wax Seal"},{"floor":11.0,"key":"hubris:Reverence"},{"floor":16.0,"key":"StuffTheSpire:Gunfinga"},{"floor":28.0,"key":"ReplayFunnel"},{"floor":30.0,"key":"Pear"},{"floor":42.0,"key":"Simple Rune"},{"floor":45.0,"key":"infinitespire:ShieldingShard"},{"floor":46.0,"key":"Durian"}],"event_choices":[{"damage_healed":0.0,"max_hp_gain":0.0,"max_hp_loss":0.0,"gold_gain":0.0,"cards_transformed":["Strike_MRS"],"event_name":"Transmorgrifier","player_choice":"Transformed","floor":4.0,"gold_loss":0.0,"damage_taken":0.0,"cards_obtained":["DC"]},{"damage_healed":0.0,"max_hp_gain":0.0,"max_hp_loss":0.0,"gold_gain":0.0,"event_name":"Duplicator","player_choice":"Copied","floor":27.0,"gold_loss":0.0,"damage_taken":0.0,"cards_obtained":["UltimateShortwave"]},{"damage_healed":0.0,"max_hp_gain":0.0,"max_hp_loss":0.0,"gold_gain":0.0,"event_name":"Winding Halls","player_choice":"Embrace Madness","floor":47.0,"gold_loss":0.0,"damage_taken":11.0,"cards_obtained":["Madness","Madness"]},{"damage_healed":0,"gold_gain":3,"player_choice":"1","damage_taken":0,"max_hp_gain":0,"max_hp_loss":0,"event_name":"betterStone:BetterStone","floor":50,"gold_loss":0}],"is_beta":false,"boss_relics":[{"not_picked":["aspiration:IroncladSkillbook","energizedSpire:EnergizedDie"],"picked":"energizedSpire:DeadBattery"},{"not_picked":["halation:MonkeysPaw","Replay:Drink Me"],"picked":"ReplayTheSpireMod:DimensionalGlitch"}],"items_purged_floors":[12,23,41],"is_endless":false,"potions_floor_spawned":[2,7,10,13,14,21,24,25,33,37,39,42,46],"ascension_level":0}}