{"host":"elopfwcg7dlszy37","time":1613269407,"event":{"mods":["BaseMod","BetterRewards","Conspire","Hubris","Infinite Spire","Marisa????????","Minty Spire (QoL Compilation)","Replay The Spire","Shop Mod","StSLib"],"gold_per_floor":[219,238,413,428,37,70,70,70,70],"floor_reached":8,"language":"ENG","playtime":175,"items_purged":[],"score":81,"play_id":"47323d5b-f517-4950-b9d3-9ba875d2823f","local_time":"20210213212327","is_ascension_mode":true,"campfire_choices":[],"circlet_count":0,"master_deck":["Strike_R","Strike_R","Strike_R","Strike_R","Strike_R","Defend_R","Defend_R","Defend_R","Defend_R","Bash","Replay:Undeath\u0027s Touch","Dropkick","Doubt"],"relics":["Burning Blood","Gremlin Horn","MerchantsRug","hubris:TenFootPole"],"acts_visited":["Exordium"],"potions_floor_usage":[6],"damage_taken":[{"damage":7,"enemies":"Jaw Worm","floor":1,"turns":3},{"damage":0,"enemies":"2 Louse","floor":2,"turns":2},{"damage":25,"enemies":"conspire:RoseBush","floor":4,"turns":3},{"damage":52,"enemies":"Gremlin Nob","floor":6,"turns":6},{"damage":0,"enemies":"3 Sentries","floor":8,"turns":1}],"seed_played":"-7206026207158289553","potions_obtained":[{"floor":2,"key":"conspire:TimeTravelPotion"},{"floor":6,"key":"DistilledChaos"}],"is_trial":false,"path_per_floor":["M","M","?","M","$","E","?","E"],"character_chosen":"IRONCLAD","items_purchased":["Gremlin Horn","MerchantsRug"],"campfire_rested":0,"item_purchase_floors":[5,5],"current_hp_per_floor":[71,77,77,58,58,28,28,28,28],"gold":70,"neow_bonus":"HUNDRED_GOLD","is_daily":false,"chose_seed":false,"campfire_upgraded":0,"win_rate":0.0,"timestamp":1613269407,"path_taken":["M","M","?","M","$","E","?","E"],"items_purchased_type":["Relic","Relic"],"build_version":"2020-12-22","purchased_purges":0,"victory":false,"max_hp_per_floor":[80,80,80,80,80,80,80,80,80],"card_choices":[{"not_picked":["True Grit","Power Through"],"picked":"Replay:Undeath\u0027s Touch","floor":1},{"not_picked":["Twin Strike","Entrench"],"picked":"Dropkick","floor":2},{"not_picked":["ReplayTheSpireMod:LeadingStrike","Uppercut","Perfected Strike"],"picked":"SKIP","floor":4},{"not_picked":["Body Slam","Sentinel","Defy Death"],"picked":"SKIP","floor":6}],"player_experience":351001,"relics_obtained":[{"floor":6,"key":"hubris:TenFootPole"}],"event_choices":[{"damage_healed":0,"gold_gain":175,"player_choice":"AGREE","damage_taken":0,"max_hp_gain":0,"max_hp_loss":0,"event_name":"Liars Game","floor":3,"gold_loss":0,"cards_obtained":["Doubt"]}],"is_beta":false,"boss_relics":[],"items_purged_floors":[],"is_endless":true,"potions_floor_spawned":[2,6],"killed_by":"3 Sentries","ascension_level":9}}