{"host":"pj7egx7jkoz18hom","time":1613316500,"event":{"mods":["AchievementEnabler","BaseMod","Keyboard Shortcuts","Minty Spire (QoL Compilation)","SuperFastMode"],"gold_per_floor":[118,91,91,105,105,132,132,167,216,216,216,216,232,232,232,335,335,352,30,41,60,8,41,61,86,110,110,110,181,181,207,207,302,302,320,320,77,90,100,100,115,128,128,128,128,128],"floor_reached":45,"language":"KOR","playtime":1437,"items_purged":["Pain","Bite"],"score":690,"play_id":"1fe6be2b-bd8d-49f3-99fd-7810b4a5c07a","local_time":"20210215002820","is_ascension_mode":true,"campfire_choices":[{"data":"True Grit","floor":7,"key":"SMITH"},{"data":"Demon Form","floor":10,"key":"SMITH"},{"data":"Seeing Red","floor":12,"key":"SMITH"},{"data":"Shrug It Off","floor":15,"key":"SMITH"},{"floor":27,"key":"REST"},{"data":"Spot Weakness","floor":30,"key":"SMITH"},{"data":"Thunderclap","floor":32,"key":"SMITH"},{"data":"Heavy Blade","floor":40,"key":"SMITH"},{"data":"Feed","floor":44,"key":"SMITH"}],"circlet_count":0,"master_deck":["Defend_R+1","Defend_R","Defend_R","Defend_R","Bash+1","True Grit+1","Shrug It Off+1","Thunderclap+1","Demon Form+1","Seeing Red+1","Spot Weakness+1","True Grit+1","Heavy Blade+1","Bloodletting+1","Bite","Bite","Bite","Bite","Rage+1","Feed+1","Heavy Blade+1","Madness+1","Madness+1","Parasite"],"relics":["Burning Blood","NeowsBlessing","Nunchaku","Bird Faced Urn","Lantern","Centennial Puzzle","WarpedTongs","Velvet Choker","Bottled Tornado","Happy Flower","Toxic Egg 2","Pen Nib","Sundial","Paper Frog","Mark of Pain","Anchor"],"acts_visited":["Exordium","TheCity","TheBeyond"],"potions_floor_usage":[8,25,25,41,45],"damage_taken":[{"damage":0,"enemies":"Small Slimes","floor":1,"turns":1},{"damage":0,"enemies":"2 Louse","floor":4,"turns":1},{"damage":0,"enemies":"Gremlin Nob","floor":6,"turns":1},{"damage":22,"enemies":"3 Sentries","floor":8,"turns":7},{"damage":8,"enemies":"Cultist","floor":13,"turns":4},{"damage":15,"enemies":"Hexaghost","floor":16,"turns":9},{"damage":21,"enemies":"Shell Parasite","floor":18,"turns":6},{"damage":26,"enemies":"2 Thieves","floor":20,"turns":4},{"damage":18,"enemies":"Sentry and Sphere","floor":21,"turns":7},{"damage":28,"enemies":"Book of Stabbing","floor":23,"turns":5},{"damage":9,"enemies":"Centurion and Healer","floor":24,"turns":4},{"damage":0,"enemies":"Gremlin Leader","floor":25,"turns":3},{"damage":29,"enemies":"Book of Stabbing","floor":31,"turns":5},{"damage":40,"enemies":"Automaton","floor":33,"turns":7},{"damage":6,"enemies":"Orb Walker","floor":35,"turns":3},{"damage":35,"enemies":"3 Shapes","floor":38,"turns":4},{"damage":8,"enemies":"Writhing Mass","floor":39,"turns":4},{"damage":37,"enemies":"Maw","floor":41,"turns":6},{"damage":23,"enemies":"3 Darklings","floor":42,"turns":5},{"damage":54,"enemies":"Nemesis","floor":45,"turns":7}],"seed_played":"-1629323513908458549","potions_obtained":[{"floor":1,"key":"SneckoOil"},{"floor":21,"key":"Swift Potion"},{"floor":23,"key":"Fire Potion"},{"floor":31,"key":"FairyPotion"},{"floor":33,"key":"ElixirPotion"},{"floor":35,"key":"SmokeBomb"},{"floor":38,"key":"Dexterity Potion"},{"floor":39,"key":"LiquidMemories"}],"is_trial":false,"path_per_floor":["M","$","?","M","?","E","R","E","T","R","?","R","M","?","R","B",null,"M","$","M","M","$","E","M","E","T","R","?","T","R","E","R","B",null,"M","?","$","M","M","R","M","M","T","R","E"],"character_chosen":"IRONCLAD","items_purchased":["Shrug It Off","Bottled Tornado","Fire Potion","Anchor"],"campfire_rested":1,"item_purchase_floors":[2,19,22,37],"current_hp_per_floor":[80,80,73,79,61,67,67,53,53,53,37,37,37,37,37,30,80,67,67,49,39,39,19,18,26,26,50,50,50,50,37,37,22,56,56,49,49,27,33,33,17,30,30,30,0,0],"gold":128,"neow_bonus":"THREE_ENEMY_KILL","is_daily":false,"chose_seed":false,"campfire_upgraded":8,"win_rate":0.0,"timestamp":1613316500,"path_taken":["M","$","?","M","?","E","R","E","T","R","?","R","M","?","R","BOSS","M","$","M","M","?","E","M","E","T","R","?","?","R","E","R","BOSS","M","?","$","M","M","R","M","M","T","R","E"],"items_purchased_type":["Card","Relic","Potion","Relic"],"build_version":"2020-12-22","purchased_purges":2,"victory":false,"max_hp_per_floor":[80,80,80,80,80,80,80,80,80,80,80,80,80,80,80,80,80,80,80,80,80,80,80,80,80,80,80,56,56,56,56,56,56,56,56,56,56,56,56,56,56,56,56,56,56,56],"card_choices":[{"not_picked":["Disarm","Perfected Strike"],"picked":"True Grit","floor":1},{"not_picked":["Havoc","Twin Strike"],"picked":"Thunderclap","floor":4},{"not_picked":["Bloodletting","Immolate"],"picked":"Demon Form","floor":6},{"not_picked":["Pommel Strike","Shockwave"],"picked":"Seeing Red","floor":8},{"not_picked":["True Grit","Burning Pact"],"picked":"Spot Weakness","floor":13},{"not_picked":["Warcry","Carnage"],"picked":"True Grit+1","floor":18},{"not_picked":["Uppercut+1","Wild Strike","Carnage+1"],"picked":"SKIP","floor":20},{"not_picked":["Sword Boomerang","Berserk"],"picked":"Heavy Blade+1","floor":21},{"not_picked":["Iron Wave","Sword Boomerang","Clash"],"picked":"SKIP","floor":23},{"not_picked":["Disarm","Shrug It Off","Dark Embrace"],"picked":"SKIP","floor":24},{"not_picked":["Twin Strike","Headbutt"],"picked":"Bloodletting+1","floor":25},{"not_picked":["Sword Boomerang+1","Impervious+1"],"picked":"Rage+1","floor":31},{"not_picked":["Exhume+1","Demon Form"],"picked":"Feed","floor":33},{"not_picked":["Body Slam+1","Havoc+1"],"picked":"Heavy Blade","floor":35},{"not_picked":["Anger+1","Searing Blow+1","Dark Embrace"],"picked":"SKIP","floor":38},{"not_picked":["Rampage+1","True Grit+1","Bloodletting+1"],"picked":"SKIP","floor":39},{"not_picked":["Searing Blow","Headbutt+1","Carnage+1"],"picked":"SKIP","floor":41},{"not_picked":["Wild Strike+1","Clash+1","Clothesline"],"picked":"SKIP","floor":42}],"player_experience":66496,"relics_obtained":[{"floor":6,"key":"Bird Faced Urn"},{"floor":8,"key":"Lantern"},{"floor":9,"key":"Centennial Puzzle"},{"floor":23,"key":"Happy Flower"},{"floor":25,"key":"Toxic Egg 2"},{"floor":26,"key":"Pen Nib"},{"floor":29,"key":"Sundial"},{"floor":31,"key":"Paper Frog"}],"event_choices":[{"cards_removed":["Strike_R"],"damage_healed":0,"gold_gain":0,"player_choice":"Card Removal","damage_taken":7,"max_hp_gain":0,"max_hp_loss":0,"event_name":"Golden Wing","floor":3,"gold_loss":0},{"damage_healed":0,"gold_gain":0,"player_choice":"Success","damage_taken":18,"relics_obtained":["Nunchaku"],"max_hp_gain":0,"max_hp_loss":0,"event_name":"Scrap Ooze","floor":5,"gold_loss":0},{"damage_healed":0,"gold_gain":0,"player_choice":"Entered Light","damage_taken":16,"max_hp_gain":0,"max_hp_loss":0,"event_name":"Shining Light","floor":11,"gold_loss":0,"cards_upgraded":["Defend_R","Bash"]},{"damage_healed":0,"gold_gain":0,"player_choice":"Rummage","damage_taken":0,"relics_obtained":["WarpedTongs"],"max_hp_gain":0,"max_hp_loss":0,"event_name":"Accursed Blacksmith","floor":14,"gold_loss":0,"cards_obtained":["Pain"]},{"damage_healed":0,"gold_gain":0,"player_choice":"Became a vampire","damage_taken":0,"max_hp_gain":0,"max_hp_loss":24,"event_name":"Vampires","floor":28,"gold_loss":0,"cards_obtained":["Bite","Bite","Bite","Bite","Bite"]},{"damage_healed":0,"gold_gain":0,"player_choice":"Embrace Madness","damage_taken":7,"max_hp_gain":0,"max_hp_loss":0,"event_name":"Winding Halls","floor":36,"gold_loss":0,"cards_obtained":["Madness","Madness"]}],"is_beta":false,"boss_relics":[{"not_picked":["SacredBark","Runic Cube"],"picked":"Velvet Choker"},{"not_picked":["Busted Crown","Fusion Hammer"],"picked":"Mark of Pain"}],"items_purged_floors":[19,37],"is_endless":false,"potions_floor_spawned":[1,21,23,31,33,35,38,39],"killed_by":"Nemesis","ascension_level":4}}