{"host":"7gewg82ormp6yt4e","time":1613305771,"event":{"mods":["BaseMod","Block Reminder","Colored Map","DeckTracker","Highlight Path","Minty Spire (QoL Compilation)","Relic Stats","StSLib","ojb\u0027s Info Mod"],"gold_per_floor":[111,111,111,124,137,172,172,44,93,117,150,150,184,199,199,298,298,348,348,9,9,28,28,72,72,72,72,146,190,190,11,11,127,127,227,560,560,560,576,576,576],"floor_reached":40,"language":"JPN","playtime":2397,"items_purged":["Regret","Shame"],"score":969,"play_id":"5cdbfc27-1f02-45d7-9b29-3faeeca7a968","local_time":"20210214212931","is_ascension_mode":true,"campfire_choices":[{"floor":7.0,"key":"REST"},{"floor":12.0,"key":"REST"},{"floor":15.0,"key":"RECALL"},{"floor":23.0,"key":"REST"},{"floor":25.0,"key":"REST"},{"floor":27.0,"key":"REST"},{"floor":32.0,"key":"REST"}],"circlet_count":0,"master_deck":["AscendersBane","Strike_P+1","Strike_P+1","Strike_P+1","Defend_P+1","Defend_P+1","Defend_P+1","Defend_P+1","Eruption","Vigilance","EmptyFist","Tantrum","ClearTheMind","Omniscience","EmptyBody","InnerPeace","DeceiveReality","Adaptation","WheelKick","Wish","CutThroughFate","WheelKick","Decay","ReachHeaven","FlurryOfBlows","Worship","Devotion","CurseOfTheBell","Wireheading"],"relics":["Fusion Hammer","Bronze Scales","Meat on the Bone","Bag of Preparation","Blue Candle","Nunchaku","Cursed Key","Strange Spoon","Oddly Smooth Stone","Regal Pillow","Ornamental Fan","Pen Nib","Calling Bell","Vajra","HornCleat","WingedGreaves"],"acts_visited":["Exordium","TheCity","TheBeyond"],"potions_floor_usage":[40],"damage_taken":[{"damage":0.0,"enemies":"Jaw Worm","floor":1.0,"turns":2.0},{"damage":4.0,"enemies":"2 Louse","floor":4.0,"turns":2.0},{"damage":0.0,"enemies":"Cultist","floor":5.0,"turns":2.0},{"damage":3.0,"enemies":"Gremlin Nob","floor":6.0,"turns":3.0},{"damage":9.0,"enemies":"3 Louse","floor":10.0,"turns":2.0},{"damage":22.0,"enemies":"Lagavulin","floor":11.0,"turns":7.0},{"damage":10.0,"enemies":"3 Sentries","floor":13.0,"turns":4.0},{"damage":10.0,"enemies":"Exordium Wildlife","floor":14.0,"turns":3.0},{"damage":0.0,"enemies":"Slime Boss","floor":16.0,"turns":5.0},{"damage":14.0,"enemies":"2 Thieves","floor":18.0,"turns":4.0},{"damage":0.0,"enemies":"Chosen","floor":22.0,"turns":2.0},{"damage":8.0,"enemies":"Slavers","floor":24.0,"turns":4.0},{"damage":25.0,"enemies":"Shelled Parasite and Fungi","floor":28.0,"turns":7.0},{"damage":5.0,"enemies":"Snecko","floor":29.0,"turns":4.0},{"damage":26.0,"enemies":"Collector","floor":33.0,"turns":7.0},{"damage":12.0,"enemies":"3 Shapes","floor":35.0,"turns":10.0},{"damage":20.0,"enemies":"3 Darklings","floor":39.0,"turns":5.0},{"damage":45,"enemies":"Nemesis","floor":40,"turns":5}],"seed_played":"-7275526870008955921","potions_obtained":[{"floor":4.0,"key":"GamblersBrew"},{"floor":5.0,"key":"StancePotion"},{"floor":6.0,"key":"Weak Potion"},{"floor":11.0,"key":"LiquidBronze"},{"floor":22.0,"key":"Strength Potion"},{"floor":28.0,"key":"BottledMiracle"},{"floor":29.0,"key":"Explosive Potion"},{"floor":35.0,"key":"CultistPotion"},{"floor":39.0,"key":"Fire Potion"}],"is_trial":false,"path_per_floor":["M","?","?","M","M","E","R","$","T","M","E","R","E","M","R","B",null,"M","?","$","?","M","R","E","R","T","R","M","M","?","$","R","B",null,"M","?","?","?","M","E"],"character_chosen":"WATCHER","items_purchased":["EmptyBody","Strange Spoon","Oddly Smooth Stone","Worship"],"campfire_rested":6,"item_purchase_floors":[8,20,20,31],"current_hp_per_floor":[61,61,61,57,57,54,62,62,62,53,43,61,51,41,41,41,57,43,43,43,43,43,61,53,62,62,62,37,32,32,32,62,36,56,44,44,44,44,36,0,0],"gold":576,"neow_bonus":"BOSS_RELIC","is_daily":false,"chose_seed":false,"campfire_upgraded":0,"win_rate":0.0,"timestamp":1613305771,"path_taken":["M","?","?","M","M","E","R","$","T","M","E","R","E","M","R","BOSS","M","?","$","?","?","R","E","R","T","R","M","M","?","$","R","BOSS","M","?","?","?","M","E"],"items_purchased_type":["Card","Relic","Relic","Card"],"build_version":"2020-12-22","purchased_purges":2,"victory":false,"max_hp_per_floor":[68,62,62,62,62,62,62,62,62,62,62,62,62,62,62,62,62,62,62,62,62,62,62,62,62,62,62,62,62,62,62,62,62,62,62,62,62,59,59,59,59],"relic_stats":{"Strange Spoon":[18],"Nunchaku":[12],"Regal Pillow":12,"counters":[18,78],"Ornamental Fan":[56],"Bronze Scales":[159],"Blue Candle":[7],"Pen Nib":[5],"Bag of Preparation":[28],"Cursed Key":1,"obtain_stats":[{"Regal Pillow":24,"Golden Idol":2,"Blue Candle":11,"Oddly Smooth Stone":20,"Vajra":34,"Pen Nib":30,"Bag of Preparation":9,"Cursed Key":17,"Calling Bell":34,"Strange Spoon":20,"Nunchaku":13,"HornCleat":34,"Ornamental Fan":26,"Bronze Scales":3,"Fusion Hammer":0,"WingedGreaves":34,"PureWater":0,"Meat on the Bone":6},{"Regal Pillow":12,"Golden Idol":1,"Blue Candle":6,"Oddly Smooth Stone":10,"Vajra":15,"Pen Nib":14,"Bag of Preparation":4,"Cursed Key":9,"Calling Bell":15,"Strange Spoon":10,"Nunchaku":7,"HornCleat":15,"Ornamental Fan":12,"Bronze Scales":1,"Fusion Hammer":0,"WingedGreaves":15,"PureWater":0,"Meat on the Bone":4},{"Regal Pillow":40,"Golden Idol":2,"Blue Candle":18,"Oddly Smooth Stone":34,"Vajra":58,"Pen Nib":51,"Bag of Preparation":9,"Cursed Key":30,"Calling Bell":58,"Strange Spoon":34,"Nunchaku":22,"HornCleat":58,"Ornamental Fan":40,"Bronze Scales":2,"Fusion Hammer":0,"WingedGreaves":58,"PureWater":0,"Meat on the Bone":9}],"Meat on the Bone":24},"card_choices":[{"not_picked":["FollowUp","Protect"],"picked":"EmptyFist","floor":1.0},{"not_picked":["MentalFortress","FlyingSleeves"],"picked":"Tantrum","floor":4.0},{"not_picked":["CrushJoints","SashWhip"],"picked":"ClearTheMind","floor":5.0},{"not_picked":["ThirdEye","ReachHeaven"],"picked":"Omniscience","floor":6.0},{"not_picked":["FlurryOfBlows","Crescendo"],"picked":"InnerPeace","floor":10.0},{"not_picked":["Fasting2","ConjureBlade"],"picked":"DeceiveReality","floor":11.0},{"not_picked":["ThirdEye","Collect"],"picked":"Adaptation","floor":13.0},{"not_picked":["Protect","EmptyFist"],"picked":"WheelKick","floor":14.0},{"not_picked":["DeusExMachina","Brilliance"],"picked":"Wish","floor":16.0},{"not_picked":["Evaluate","Prostrate+1"],"picked":"CutThroughFate","floor":18.0},{"not_picked":["EmptyBody","ClearTheMind"],"picked":"WheelKick","floor":22.0},{"not_picked":["SandsOfTime","Swivel","Collect"],"picked":"SKIP","floor":24.0},{"not_picked":["Brilliance","Consecrate"],"picked":"ReachHeaven","floor":28.0},{"not_picked":["EmptyBody","Prostrate"],"picked":"FlurryOfBlows","floor":29.0},{"not_picked":["ConjureBlade","Establishment"],"picked":"Devotion","floor":33.0},{"not_picked":["EmptyBody","CutThroughFate","FollowUp+1"],"picked":"SKIP","floor":35.0},{"not_picked":["SignatureMove","SashWhip"],"picked":"Wireheading","floor":39.0}],"player_experience":2863545,"relics_obtained":[{"floor":6.0,"key":"Meat on the Bone"},{"floor":9.0,"key":"Bag of Preparation"},{"floor":11.0,"key":"Blue Candle"},{"floor":13.0,"key":"Nunchaku"},{"floor":24.0,"key":"Regal Pillow"},{"floor":26.0,"key":"Ornamental Fan"},{"floor":34.0,"key":"Vajra"},{"floor":34.0,"key":"HornCleat"},{"floor":34.0,"key":"WingedGreaves"}],"event_choices":[{"damage_healed":0.0,"max_hp_gain":0.0,"max_hp_loss":6.0,"gold_gain":0.0,"event_name":"Golden Idol","player_choice":"Lose Max HP","floor":2.0,"gold_loss":0.0,"damage_taken":0.0,"relics_obtained":["Golden Idol"]},{"damage_healed":0.0,"max_hp_gain":0.0,"max_hp_loss":0.0,"gold_gain":0.0,"event_name":"Big Fish","player_choice":"Box","floor":3.0,"gold_loss":0.0,"damage_taken":0.0,"relics_obtained":["Bronze Scales"],"cards_obtained":["Regret"]},{"damage_healed":0.0,"max_hp_gain":0.0,"max_hp_loss":0.0,"gold_gain":0.0,"event_name":"Back to Basics","player_choice":"Simplicity","floor":19.0,"gold_loss":0.0,"damage_taken":0.0,"cards_upgraded":["Strike_P","Strike_P","Strike_P","Strike_P","Defend_P","Defend_P","Defend_P","Defend_P"]},{"cards_removed":["Strike_P"],"damage_healed":0.0,"max_hp_gain":0.0,"max_hp_loss":0.0,"gold_gain":0.0,"event_name":"Purifier","player_choice":"Purged","floor":21.0,"gold_loss":0.0,"damage_taken":0.0},{"damage_healed":0.0,"max_hp_gain":0.0,"max_hp_loss":0.0,"gold_gain":0.0,"event_name":"Addict","player_choice":"Stole Relic","floor":30.0,"gold_loss":0.0,"damage_taken":0.0,"relics_obtained":["Pen Nib"],"cards_obtained":["Shame"]},{"damage_healed":0.0,"max_hp_gain":0.0,"max_hp_loss":0.0,"gold_gain":333.0,"event_name":"The Moai Head","player_choice":"Gave Idol","floor":36.0,"relics_lost":["Golden Idol"],"gold_loss":0.0,"damage_taken":0.0},{"damage_healed":0.0,"max_hp_gain":0.0,"max_hp_loss":0.0,"gold_gain":0.0,"event_name":"Tomb of Lord Red Mask","player_choice":"Ignored","floor":37.0,"gold_loss":0.0,"damage_taken":0.0},{"damage_healed":0.0,"max_hp_gain":0.0,"max_hp_loss":3.0,"gold_gain":0.0,"event_name":"Winding Halls","player_choice":"Max HP","floor":38.0,"gold_loss":0.0,"damage_taken":0.0}],"is_beta":false,"boss_relics":[{"not_picked":["Sozu","Black Star"],"picked":"Cursed Key"},{"not_picked":["Tiny House","Coffee Dripper"],"picked":"Calling Bell"}],"items_purged_floors":[8,31],"is_endless":false,"potions_floor_spawned":[4,5,6,11,16,22,28,29,35,39],"killed_by":"Nemesis","ascension_level":20}}