{"host":"15dd7v8o90xso62x","time":1613318254,"event":{"mods":["BaseMod","Minty Spire (QoL Compilation)","Quick Restart","StSLib","SuperFastMode"],"gold_per_floor":[109,119,44,44,44,76,86,99,99,119,119,18,32,8,8,85,385,397,397,297,309,326,326,360,360,360,156,226,226,261,461,461,546,546,565,582,432,458,458,491,491,523,523,539,564,389,407,425,425,425,425],"floor_reached":52,"language":"KOR","playtime":2506,"items_purged":["Storm of Steel","Bullet Time","Tools of the Trade","Corpse Explosion","Night Terror"],"score":2206,"play_id":"b32f995c-0d98-4b11-a940-16ebd1aa0e28","local_time":"20210215005734","daily_mods":["Shiny"],"is_ascension_mode":true,"campfire_choices":[{"floor":11.0,"key":"REST"},{"data":"Prepared","floor":15.0,"key":"SMITH"},{"data":"Tactician","floor":23.0,"key":"SMITH"},{"data":"Acrobatics","floor":25.0,"key":"SMITH"},{"data":"Adrenaline","floor":32.0,"key":"SMITH"},{"data":"Burst","floor":41.0,"key":"SMITH"},{"floor":49,"key":"REST"}],"circlet_count":0,"master_deck":["AscendersBane","Venomology","Malaise","Phantasmal Killer","Die Die Die","Adrenaline+1","Burst+1","Wraith Form v2","After Image","Glass Knife","A Thousand Cuts","Grand Finale","Tactician+1","Prepared+1","Acrobatics+1","CurseOfTheBell","Reflex","Adrenaline"],"relics":["Ring of the Snake","Calipers","Dream Catcher","Tiny Chest","Calling Bell","CeramicFish","Eternal Feather","Old Coin","Red Mask","Singing Bowl","Shuriken","Strawberry","HoveringKite","MealTicket","Snake Skull","Toxic Egg 2","Lizard Tail","Gambling Chip"],"acts_visited":["Exordium","TheCity","TheBeyond"],"potions_floor_usage":[45,47,47,51],"damage_taken":[{"damage":2.0,"enemies":"2 Louse","floor":1.0,"turns":2.0},{"damage":16.0,"enemies":"Jaw Worm","floor":2.0,"turns":4.0},{"damage":23.0,"enemies":"Lagavulin","floor":6.0,"turns":7.0},{"damage":0.0,"enemies":"Small Slimes","floor":7.0,"turns":3.0},{"damage":0.0,"enemies":"2 Fungi Beasts","floor":8.0,"turns":1.0},{"damage":0.0,"enemies":"Gremlin Gang","floor":10.0,"turns":1.0},{"damage":3.0,"enemies":"3 Louse","floor":13.0,"turns":3.0},{"damage":43.0,"enemies":"Slime Boss","floor":16.0,"turns":12.0},{"damage":0.0,"enemies":"3 Byrds","floor":18.0,"turns":2.0},{"damage":14.0,"enemies":"Shell Parasite","floor":21.0,"turns":6.0},{"damage":10.0,"enemies":"Snecko","floor":22.0,"turns":4.0},{"damage":1.0,"enemies":"Masked Bandits","floor":24.0,"turns":2.0},{"damage":0.0,"enemies":"Gremlin Leader","floor":30.0,"turns":3.0},{"damage":0.0,"enemies":"Automaton","floor":33.0,"turns":3.0},{"damage":12.0,"enemies":"Orb Walker","floor":35.0,"turns":4.0},{"damage":14.0,"enemies":"3 Shapes","floor":36.0,"turns":3.0},{"damage":11.0,"enemies":"Nemesis","floor":40.0,"turns":7.0},{"damage":0.0,"enemies":"Giant Head","floor":42.0,"turns":3.0},{"damage":0,"enemies":"Sphere and 2 Shapes","floor":44,"turns":1},{"damage":0,"enemies":"Mind Bloom Boss Battle","floor":45,"turns":2},{"damage":77,"enemies":"Transient","floor":47,"turns":6},{"damage":0,"enemies":"Jaw Worm Horde","floor":48,"turns":1},{"damage":34,"enemies":"Time Eater","floor":50,"turns":3},{"damage":0,"enemies":"Donu and Deca","floor":51,"turns":2}],"seed_played":"-6403980425498527783","potions_obtained":[{"floor":8.0,"key":"Fire Potion"},{"floor":13.0,"key":"Block Potion"},{"floor":16.0,"key":"Block Potion"},{"floor":18.0,"key":"ColorlessPotion"},{"floor":21.0,"key":"SpeedPotion"},{"floor":44,"key":"Regen Potion"},{"floor":48,"key":"SneckoOil"}],"is_trial":true,"path_per_floor":["M","M","?","?","T","E","M","M","T","M","R","$","M","$","R","B",null,"M","?","$","M","M","R","?","R","T","$","T","?","E","?","R","B",null,"M","M","$","T","?","E","R","E","T","M","?","$","M","M","R","B","B",null],"character_chosen":"THE_SILENT","items_purchased":["Prepared","Acrobatics","Reflex"],"campfire_rested":2,"item_purchase_floors":[12,14,27],"current_hp_per_floor":[57,41,41,41,41,18,18,18,18,18,37,37,34,34,34,6,51,51,51,51,37,27,36,35,44,44,44,44,44,53,53,62,62,72,62,50,50,50,50,56,65,67,67,69,76,83,8,10,47,13,13],"gold":425,"neow_bonus":"","is_daily":false,"chose_seed":false,"campfire_upgraded":5,"win_rate":0.0,"timestamp":1613318254,"path_taken":["M","M","?","?","?","E","M","M","T","M","R","?","M","$","R","BOSS","M","?","$","M","M","R","?","R","T","$","?","?","E","?","R","BOSS","M","?","$","?","?","E","R","E","T","M","?","$","M","M","R","BOSS","BOSS"],"items_purchased_type":["Card","Card","Card"],"build_version":"2020-12-22","purchased_purges":5,"victory":true,"max_hp_per_floor":[66,66,66,66,66,66,66,66,66,66,66,66,66,66,66,66,66,66,66,66,66,66,66,66,66,66,66,66,66,75,75,75,75,75,77,79,79,79,75,77,77,79,79,81,83,83,85,87,89,89,89],"card_choices":[{"not_picked":["Dash","Backflip","Flying Knee"],"picked":"SKIP","floor":1.0},{"not_picked":["PiercingWail","Escape Plan","Setup"],"picked":"SKIP","floor":2.0},{"not_picked":["Quick Slash","Wraith Form v2","Choke"],"picked":"SKIP","floor":6.0},{"not_picked":["Noxious Fumes","Underhanded Strike","Setup"],"picked":"SKIP","floor":7.0},{"not_picked":["Deadly Poison","Dagger Spray","Cloak And Dagger"],"picked":"SKIP","floor":8.0},{"not_picked":["PiercingWail","Dagger Spray","Concentrate"],"picked":"SKIP","floor":10.0},{"not_picked":["Dagger Spray","All Out Attack"],"picked":"Tactician","floor":11.0},{"not_picked":["Dodge and Roll","Tools of the Trade","Blade Dance"],"picked":"SKIP","floor":13.0},{"not_picked":["All Out Attack","Slice","Sucker Punch"],"picked":"SKIP","floor":18.0},{"not_picked":["Cloak And Dagger","Riddle With Holes","Choke"],"picked":"SKIP","floor":21.0},{"not_picked":["Bane","Sucker Punch","Deflect"],"picked":"SKIP","floor":22.0},{"not_picked":["Prepared","Poisoned Stab","Concentrate"],"picked":"Singing Bowl","floor":30.0},{"not_picked":["Envenom","Glass Knife"],"picked":"Adrenaline","floor":33.0},{"not_picked":["Backflip","Dagger Throw","Bane"],"picked":"Singing Bowl","floor":35.0},{"not_picked":["Dagger Spray+1","Prepared+1","Caltrops"],"picked":"Singing Bowl","floor":36.0},{"not_picked":["Eviscerate","Setup+1","Leg Sweep+1"],"picked":"Singing Bowl","floor":40.0},{"not_picked":["Dagger Throw+1","Acrobatics+1","A Thousand Cuts"],"picked":"Singing Bowl","floor":42.0},{"not_picked":["Dagger Spray","Escape Plan+1","Masterful Stab"],"picked":"Singing Bowl","floor":44},{"not_picked":["Eviscerate","Poisoned Stab","Slice"],"picked":"Singing Bowl","floor":45},{"not_picked":["Backflip+1","PiercingWail+1","Bane+1"],"picked":"Singing Bowl","floor":47},{"not_picked":["Sucker Punch","Choke","Underhanded Strike"],"picked":"Singing Bowl","floor":48},{"not_picked":["Dodge and Roll+1","Dagger Spray","Flying Knee"],"picked":"Singing Bowl","floor":49}],"player_experience":952410,"relics_obtained":[{"floor":5.0,"key":"Calipers"},{"floor":6.0,"key":"Dream Catcher"},{"floor":9.0,"key":"Tiny Chest"},{"floor":17.0,"key":"CeramicFish"},{"floor":17.0,"key":"Eternal Feather"},{"floor":17.0,"key":"Old Coin"},{"floor":24.0,"key":"Red Mask"},{"floor":26.0,"key":"Singing Bowl"},{"floor":28.0,"key":"Shuriken"},{"floor":30.0,"key":"Strawberry"},{"floor":38.0,"key":"MealTicket"},{"floor":40.0,"key":"Snake Skull"},{"floor":42.0,"key":"Toxic Egg 2"},{"floor":43.0,"key":"Lizard Tail"},{"floor":45,"key":"Gambling Chip"}],"event_choices":[{"cards_removed":["Doppelganger"],"damage_healed":0.0,"max_hp_gain":0.0,"max_hp_loss":0.0,"gold_gain":0.0,"event_name":"The Cleric","player_choice":"Card Removal","floor":3.0,"gold_loss":75.0,"damage_taken":0.0},{"cards_removed":["Envenom"],"damage_healed":0.0,"max_hp_gain":0.0,"max_hp_loss":0.0,"gold_gain":0.0,"event_name":"Living Wall","player_choice":"Forget","floor":4.0,"gold_loss":0.0,"damage_taken":0.0},{"cards_removed":["Unload"],"damage_healed":0.0,"max_hp_gain":0.0,"max_hp_loss":0.0,"gold_gain":0.0,"event_name":"Back to Basics","player_choice":"Elegance","floor":19.0,"gold_loss":0.0,"damage_taken":0.0},{"damage_healed":0.0,"max_hp_gain":0.0,"max_hp_loss":0.0,"gold_gain":0.0,"event_name":"Masked Bandits","player_choice":"Fought Bandits","floor":24.0,"gold_loss":0.0,"damage_taken":0.0},{"damage_healed":0.0,"max_hp_gain":0.0,"max_hp_loss":0.0,"gold_gain":0.0,"event_name":"Vampires","player_choice":"Ignored","floor":29.0,"gold_loss":0.0,"damage_taken":0.0},{"damage_healed":0.0,"max_hp_gain":0.0,"max_hp_loss":0.0,"gold_gain":250.0,"event_name":"The Joust","player_choice":"Bet on Owner","floor":31.0,"gold_loss":50.0,"damage_taken":0.0},{"damage_healed":0.0,"max_hp_gain":0.0,"max_hp_loss":4.0,"gold_gain":0.0,"event_name":"Winding Halls","player_choice":"Max HP","floor":39.0,"gold_loss":0.0,"damage_taken":0.0},{"damage_healed":0,"gold_gain":0,"player_choice":"Fight","damage_taken":0,"max_hp_gain":0,"max_hp_loss":0,"event_name":"MindBloom","floor":45,"gold_loss":0}],"is_beta":false,"boss_relics":[{"not_picked":["Philosopher\u0027s Stone","WristBlade"],"picked":"Calling Bell"},{"not_picked":["Cursed Key","Coffee Dripper"],"picked":"HoveringKite"}],"items_purged_floors":[12,20,27,37,46],"is_endless":false,"potions_floor_spawned":[8,10,13,16,18,21,44,45,48],"ascension_level":20}}