{"host":"zsnmfqgcm92hlreo","time":1613279492,"event":{"mods":["AchievementEnabler","BaseMod","Bestiary","Block Reminder","Colored Map","Colored Powertips","Filter the Spire","Minty Spire (QoL Compilation)","Permanent Neow","Quick Restart","Relic Stats","StSLib","Weighted Paths"],"gold_per_floor":[115,135,205,216,233,263,263,294,341,491,416,431,457,116,116,189,189,206,217,228,240,250,289,289,327,404,447,447,476,488,166,166,249,249,277,301,326,364,384,384,164,183,231,562,562,593,593,619,619,619,619,619,619,229,258,258],"floor_reached":57,"language":"ENG","playtime":3003,"items_purged":["Doubt","Strike_R","Strike_R","Strike_R"],"score":3092,"play_id":"0e20d6c8-3d0f-416e-bd58-744d09d1b6a1","local_time":"20210213231132","is_ascension_mode":true,"campfire_choices":[{"floor":7.0,"key":"REST"},{"data":"Bash","floor":15.0,"key":"SMITH"},{"data":"Demon Form","floor":24.0,"key":"SMITH"},{"floor":28.0,"key":"REST"},{"data":"Dual Wield","floor":32.0,"key":"SMITH"},{"data":"Heavy Blade","floor":40.0,"key":"SMITH"},{"data":"Demon Form","floor":45.0,"key":"SMITH"},{"data":"Strike_R","floor":47.0,"key":"PURGE"},{"floor":49.0,"key":"RECALL"},{"floor":53.0,"key":"REST"}],"circlet_count":0,"master_deck":["AscendersBane","Strike_R","Defend_R+1","Defend_R+1","Defend_R","Defend_R","Bash+1","Clothesline","Heavy Blade+1","Battle Trance","Inflame","Whirlwind","Inflame","Demon Form+1","Heavy Blade","Heavy Blade","Barricade","Heavy Blade","Juggernaut","Pommel Strike+1","Impervious","Reaper","Exhume","Dual Wield+1","Armaments+1","Impervious","Immolate","Shrug It Off","True Grit+1","Impervious","Inflame+1","Body Slam","Spot Weakness+1","Demon Form+1","Bludgeon","Flame Barrier","Demon Form+1"],"relics":["Snecko Eye","HornCleat","White Beast Statue","War Paint","Boot","Prayer Wheel","Mark of Pain","CeramicFish","Dead Branch","Matryoshka","Pear","Toy Ornithopter","SlaversCollar","Peace Pipe","Membership Card","InkBottle","Old Coin","Pen Nib","DollysMirror","Lantern","Akabeko","Unceasing Top"],"acts_visited":["TheEnding"],"potions_floor_usage":[],"damage_taken":[{"damage":9.0,"enemies":"Jaw Worm","floor":1.0,"turns":3.0},{"damage":0.0,"enemies":"Small Slimes","floor":2.0,"turns":2.0},{"damage":0.0,"enemies":"Cultist","floor":4.0,"turns":2.0},{"damage":0.0,"enemies":"Blue Slaver","floor":5.0,"turns":1.0},{"damage":25.0,"enemies":"3 Sentries","floor":6.0,"turns":6.0},{"damage":0.0,"enemies":"Gremlin Nob","floor":8.0,"turns":3.0},{"damage":0.0,"enemies":"Looter","floor":12.0,"turns":3.0},{"damage":18.0,"enemies":"3 Sentries","floor":13.0,"turns":6.0},{"damage":0.0,"enemies":"Slime Boss","floor":16.0,"turns":3.0},{"damage":9.0,"enemies":"2 Thieves","floor":18.0,"turns":3.0},{"damage":0.0,"enemies":"3 Byrds","floor":19.0,"turns":3.0},{"damage":4.0,"enemies":"Centurion and Healer","floor":20.0,"turns":4.0},{"damage":0.0,"enemies":"Snecko","floor":21.0,"turns":2.0},{"damage":0.0,"enemies":"Chosen and Byrds","floor":22.0,"turns":3.0},{"damage":18.0,"enemies":"Gremlin Leader","floor":23.0,"turns":4.0},{"damage":35.0,"enemies":"Book of Stabbing","floor":25.0,"turns":4.0},{"damage":34.0,"enemies":"Slavers","floor":27.0,"turns":5.0},{"damage":29.0,"enemies":"Snake Plant","floor":29.0,"turns":7.0},{"damage":15.0,"enemies":"3 Cultists","floor":30.0,"turns":4.0},{"damage":6.0,"enemies":"Collector","floor":33.0,"turns":7.0},{"damage":6.0,"enemies":"3 Darklings","floor":35.0,"turns":4.0},{"damage":3.0,"enemies":"Orb Walker","floor":36.0,"turns":3.0},{"damage":0.0,"enemies":"Mind Bloom Boss Battle","floor":37.0,"turns":6.0},{"damage":14.0,"enemies":"4 Shapes","floor":38.0,"turns":11.0},{"damage":8.0,"enemies":"Maw","floor":39.0,"turns":8.0},{"damage":35.0,"enemies":"Jaw Worm Horde","floor":42.0,"turns":6.0},{"damage":0.0,"enemies":"Giant Head","floor":44.0,"turns":6.0},{"damage":0.0,"enemies":"Reptomancer","floor":46.0,"turns":3.0},{"damage":13.0,"enemies":"Transient","floor":48.0,"turns":6.0},{"damage":28.0,"enemies":"Awakened One","floor":50.0,"turns":5.0},{"damage":121.0,"enemies":"Time Eater","floor":51.0,"turns":11.0},{"damage":42.0,"enemies":"Shield and Spear","floor":55.0,"turns":6.0},{"damage":108,"enemies":"The Heart","floor":56,"turns":7}],"seed_played":"-2599359055584613291","potions_obtained":[{"floor":4.0,"key":"SkillPotion"},{"floor":5.0,"key":"SteroidPotion"},{"floor":13.0,"key":"BlessingOfTheForge"},{"floor":16.0,"key":"SneckoOil"},{"floor":18.0,"key":"LiquidBronze"},{"floor":20.0,"key":"Block Potion"},{"floor":21.0,"key":"DuplicationPotion"},{"floor":22.0,"key":"SkillPotion"},{"floor":23.0,"key":"DistilledChaos"},{"floor":25.0,"key":"HeartOfIron"},{"floor":27.0,"key":"SteroidPotion"},{"floor":29.0,"key":"GamblersBrew"},{"floor":46.0,"key":"Ancient Potion"},{"floor":48.0,"key":"FairyPotion"}],"is_trial":false,"path_per_floor":["M","M","?","M","M","E","R","E","T","?","$","M","E","$","R","B",null,"M","M","M","M","M","E","R","E","T","E","R","M","M","$","R","B",null,"M","M","?","M","M","R","$","M","T","E","R","E","R","M","R","B","B",null,"R","$","E","B",null],"character_chosen":"IRONCLAD","items_purchased":["Prayer Wheel","Impervious","Toy Ornithopter","Membership Card","Flame Barrier","DollysMirror","Lantern","Akabeko","DuplicationPotion"],"campfire_rested":3,"item_purchase_floors":[14,31,31,41,54,54,54,54,54],"current_hp_per_floor":[59,59,59,59,59,34,56,56,56,56,56,56,38,38,38,38,66,57,57,53,53,53,35,35,18,18,42,67,55,74,74,74,83,85,85,82,82,85,85,85,85,68,68,81,81,85,85,85,85,85,6,65,85,85,79,67],"gold":258,"neow_bonus":"BOSS_RELIC","is_daily":false,"chose_seed":false,"campfire_upgraded":5,"win_rate":0.0,"timestamp":1613279492,"path_taken":["M","M","?","M","M","E","R","E","T","?","?","M","E","$","R","BOSS","M","M","M","M","M","E","R","E","T","E","R","M","M","?","R","BOSS","M","M","?","M","M","R","$","M","T","E","R","E","R","M","R","BOSS","BOSS","R","$","E","BOSS"],"items_purchased_type":["Relic","Card","Relic","Relic","Card","Relic","Relic","Relic","Potion"],"build_version":"2020-12-22","purchased_purges":4,"victory":true,"max_hp_per_floor":[75,75,75,75,75,75,75,75,75,75,75,75,75,75,75,75,75,75,75,75,75,75,75,75,75,75,85,85,85,85,85,85,85,85,85,85,85,85,85,85,85,85,85,85,85,85,85,85,85,85,85,85,85,85,85,85],"relic_stats":{"counters":[6,38],"CeramicFish":27,"Dead Branch":[47],"Pen Nib":[6],"War Paint":[],"Boot":[3],"Peace Pipe":1,"Snecko Eye":[64,59,84,65],"Prayer Wheel":1,"obtain_stats":[{"Lantern":54,"Pear":0,"CeramicFish":0,"Dead Branch":0,"Pen Nib":46,"War Paint":0,"Boot":0,"White Beast Statue":0,"Akabeko":54,"Old Coin":0,"Peace Pipe":0,"SlaversCollar":0,"HornCleat":0,"Matryoshka":0,"DollysMirror":54,"Snecko Eye":0,"Prayer Wheel":0,"Mark of Pain":0,"Membership Card":0,"Toy Ornithopter":0,"InkBottle":0,"Unceasing Top":55},{"Lantern":4,"Pear":0,"CeramicFish":0,"Dead Branch":0,"Pen Nib":1,"War Paint":0,"Boot":0,"White Beast Statue":0,"Akabeko":4,"Old Coin":0,"Peace Pipe":0,"SlaversCollar":0,"HornCleat":0,"Matryoshka":0,"DollysMirror":4,"Snecko Eye":0,"Prayer Wheel":0,"Mark of Pain":0,"Membership Card":0,"Toy Ornithopter":0,"InkBottle":0,"Unceasing Top":5},{"Lantern":25,"Pear":0,"CeramicFish":0,"Dead Branch":0,"Pen Nib":3,"War Paint":0,"Boot":0,"White Beast Statue":0,"Akabeko":25,"Old Coin":0,"Peace Pipe":0,"SlaversCollar":0,"HornCleat":0,"Matryoshka":0,"DollysMirror":25,"Snecko Eye":0,"Prayer Wheel":0,"Mark of Pain":0,"Membership Card":0,"Toy Ornithopter":0,"InkBottle":0,"Unceasing Top":31}],"Toy Ornithopter":4,"InkBottle":[14],"Unceasing Top":[0]},"card_choices":[{"not_picked":["Body Slam","Headbutt"],"picked":"Clothesline","floor":1.0},{"not_picked":["Shrug It Off","Entrench"],"picked":"Heavy Blade","floor":2.0},{"not_picked":["Shrug It Off","Thunderclap"],"picked":"Battle Trance","floor":4.0},{"not_picked":["Body Slam","Armaments"],"picked":"Inflame","floor":5.0},{"not_picked":["Second Wind","Offering"],"picked":"Whirlwind","floor":6.0},{"not_picked":["Combust","Metallicize"],"picked":"Inflame","floor":8.0},{"not_picked":["True Grit","Anger","Battle Trance"],"picked":"SKIP","floor":12.0},{"not_picked":["Bloodletting","Flex","Headbutt"],"picked":"SKIP","floor":13.0},{"not_picked":["Feed","Brutality"],"picked":"Demon Form","floor":16.0},{"not_picked":["Perfected Strike","Battle Trance"],"picked":"Heavy Blade","floor":18.0},{"not_picked":["Twin Strike","Wild Strike+1"],"picked":"Heavy Blade","floor":18.0},{"not_picked":["Clash","Iron Wave"],"picked":"Barricade","floor":19.0},{"not_picked":["Havoc","Evolve"],"picked":"Heavy Blade","floor":19.0},{"not_picked":["Cleave","Hemokinesis","True Grit"],"picked":"SKIP","floor":20.0},{"not_picked":["Cleave","Clash","Warcry"],"picked":"SKIP","floor":20.0},{"not_picked":["Anger","Pommel Strike"],"picked":"Juggernaut","floor":21.0},{"not_picked":["Pummel+1","Battle Trance","Anger"],"picked":"SKIP","floor":21.0},{"not_picked":["Reckless Charge+1","Headbutt"],"picked":"Pommel Strike+1","floor":22.0},{"not_picked":["Perfected Strike","Pommel Strike"],"picked":"Impervious","floor":22.0},{"not_picked":["Carnage","True Grit"],"picked":"Reaper","floor":23.0},{"not_picked":["Fire Breathing","Cleave"],"picked":"Exhume","floor":25.0},{"not_picked":["Reckless Charge+1","Havoc+1"],"picked":"Dual Wield","floor":27.0},{"not_picked":["True Grit","Bloodletting+1"],"picked":"Armaments+1","floor":29.0},{"not_picked":["Power Through","Sever Soul+1","Seeing Red"],"picked":"SKIP","floor":29.0},{"not_picked":["Heavy Blade","Wild Strike+1","Headbutt"],"picked":"SKIP","floor":30.0},{"not_picked":["Sword Boomerang","Perfected Strike","Power Through"],"picked":"SKIP","floor":30.0},{"not_picked":["Bludgeon","Juggernaut"],"picked":"Immolate","floor":33.0},{"not_picked":["Clash","Havoc"],"picked":"Shrug It Off","floor":35.0},{"not_picked":["Body Slam","Shrug It Off"],"picked":"True Grit+1","floor":35.0},{"not_picked":["Warcry","Whirlwind"],"picked":"Impervious","floor":36.0},{"not_picked":["Perfected Strike","Bloodletting","Pommel Strike"],"picked":"SKIP","floor":36.0},{"not_picked":["Clothesline","Body Slam"],"picked":"Inflame+1","floor":38.0},{"not_picked":["Clash","Cleave"],"picked":"Body Slam","floor":38.0},{"not_picked":["Heavy Blade+1","Perfected Strike"],"picked":"Spot Weakness+1","floor":39.0},{"not_picked":["Blood for Blood+1","True Grit","Iron Wave"],"picked":"SKIP","floor":39.0},{"not_picked":["Warcry+1","Battle Trance"],"picked":"Demon Form","floor":42.0},{"not_picked":["Cleave","Heavy Blade","Flex+1"],"picked":"SKIP","floor":42.0},{"not_picked":["Heavy Blade","Shrug It Off","Sever Soul"],"picked":"SKIP","floor":44.0},{"not_picked":["Headbutt+1","Flex","Warcry+1"],"picked":"SKIP","floor":46.0},{"not_picked":["Armaments","Dropkick"],"picked":"Bludgeon","floor":48.0},{"not_picked":["Wild Strike","Anger+1","Iron Wave"],"picked":"SKIP","floor":48.0},{"not_picked":["Juggernaut","Rage+1","Ghostly Armor"],"picked":"SKIP","floor":55.0}],"player_experience":1119461,"relics_obtained":[{"floor":6.0,"key":"HornCleat"},{"floor":8.0,"key":"White Beast Statue"},{"floor":9.0,"key":"War Paint"},{"floor":13.0,"key":"Boot"},{"floor":23.0,"key":"CeramicFish"},{"floor":25.0,"key":"Dead Branch"},{"floor":26.0,"key":"Matryoshka"},{"floor":27.0,"key":"Pear"},{"floor":37.0,"key":"Peace Pipe"},{"floor":43.0,"key":"InkBottle"},{"floor":44.0,"key":"Old Coin"},{"floor":46.0,"key":"Pen Nib"},{"floor":55.0,"key":"Unceasing Top"}],"event_choices":[{"damage_healed":0.0,"max_hp_gain":0.0,"max_hp_loss":0.0,"gold_gain":70.0,"event_name":"Golden Wing","player_choice":"Gained Gold","floor":3.0,"gold_loss":0.0,"damage_taken":0.0},{"damage_healed":0.0,"max_hp_gain":0.0,"max_hp_loss":0.0,"gold_gain":150.0,"event_name":"Liars Game","player_choice":"AGREE","floor":10.0,"gold_loss":0.0,"damage_taken":0.0,"cards_obtained":["Doubt"]},{"damage_healed":0.0,"max_hp_gain":0.0,"max_hp_loss":0.0,"gold_gain":0.0,"event_name":"MindBloom","player_choice":"Fight","floor":37.0,"gold_loss":0.0,"damage_taken":0.0}],"is_beta":false,"boss_relics":[{"not_picked":["Runic Cube","Empty Cage"],"picked":"Mark of Pain"},{"not_picked":["Tiny House","Black Star"],"picked":"SlaversCollar"}],"items_purged_floors":[11,31,41,54],"is_endless":false,"potions_floor_spawned":[4,5,12,13,16,18,19,20,21,22,23,25,27,29,30,33,35,36,37,38,39,42,44,46,48,55],"ascension_level":20}}