{"host":"raaimkojny05jekw","time":1613276878,"event":{"mods":["AchievementEnabler","BaseMod","Colored Map","Colored Powertips","DeckTracker","Minty Spire (QoL Compilation)","Quick Restart","Rare Cards Sparkle","everything is the same but u backflip on backflip"],"gold_per_floor":[114,114,132,307,307,307,257,281,281,304,41,75,75,104,104,236,236,261,280,289,135,157,157,196,214,263,39,39,39,39,39],"floor_reached":30,"language":"KOR","playtime":813,"items_purged":["Doubt","Strike_R"],"score":337,"play_id":"8bb26615-0b79-436a-a3f7-bae990d57317","local_time":"20210214132758","is_ascension_mode":true,"campfire_choices":[{"data":"Apotheosis","floor":6,"key":"SMITH"},{"data":"Inflame","floor":15,"key":"SMITH"},{"data":"Evolve","floor":23,"key":"SMITH"},{"data":"1","floor":28,"key":"LIFT"}],"circlet_count":0,"master_deck":["Strike_R","Strike_R","Strike_R","Defend_R","Defend_R","Defend_R","Defend_R","Bash","Apotheosis+1","Wild Strike","Evolve+1","Power Through","Feed","Inflame+1","Blind","Wild Strike","Cleave","Offering","Heavy Blade+1","Inflame+1","Mayhem","Ghostly Armor+1","Battle Trance"],"relics":["Burning Blood","Bloody Idol","CeramicFish","Membership Card","StrikeDummy","Velvet Choker","Chemical X","Blue Candle","Regal Pillow","Girya"],"acts_visited":["Exordium","TheCity"],"potions_floor_usage":[16,19,22],"damage_taken":[{"damage":8,"enemies":"Jaw Worm","floor":1,"turns":4},{"damage":3,"enemies":"Small Slimes","floor":3,"turns":3},{"damage":3,"enemies":"2 Louse","floor":8,"turns":3},{"damage":13,"enemies":"Large Slime","floor":10,"turns":5},{"damage":29,"enemies":"Exordium Thugs","floor":12,"turns":5},{"damage":3,"enemies":"2 Fungi Beasts","floor":14,"turns":3},{"damage":27,"enemies":"The Guardian","floor":16,"turns":8},{"damage":6,"enemies":"Chosen","floor":18,"turns":4},{"damage":19,"enemies":"2 Thieves","floor":19,"turns":3},{"damage":0,"enemies":"Snake Plant","floor":22,"turns":2},{"damage":28,"enemies":"Gremlin Leader","floor":24,"turns":5},{"damage":20,"enemies":"Centurion and Healer","floor":25,"turns":5},{"damage":42,"enemies":"Book of Stabbing","floor":30,"turns":4}],"seed_played":"-134450156072962965","potions_obtained":[{"floor":3,"key":"ColorlessPotion"},{"floor":14,"key":"SteroidPotion"},{"floor":18,"key":"PowerPotion"},{"floor":25,"key":"Explosive Potion"}],"is_trial":false,"path_per_floor":["M","?","M","?","?","R","?","M","T","M","$","M","?","M","R","B",null,"M","M","?","$","M","R","E","M","T","$","R","?","E"],"character_chosen":"IRONCLAD","items_purchased":["Membership Card","Inflame","Blind","Mayhem","Chemical X","Battle Trance","Girya"],"campfire_rested":0,"item_purchase_floors":[11,11,11,21,21,27,27],"current_hp_per_floor":[70,52,55,55,60,60,60,63,63,56,56,37,34,37,37,20,69,73,64,64,64,73,73,51,37,37,37,37,37,0,0],"gold":39,"neow_bonus":"RANDOM_COLORLESS_2","is_daily":false,"chose_seed":false,"campfire_upgraded":3,"win_rate":0.0,"timestamp":1613276878,"path_taken":["M","?","M","?","?","R","?","M","T","M","$","M","?","M","R","BOSS","M","M","?","?","M","R","E","M","T","$","R","?","E"],"items_purchased_type":["Relic","Card","Card","Card","Relic","Card","Relic"],"build_version":"2020-12-22","purchased_purges":2,"victory":false,"max_hp_per_floor":[72,72,72,72,77,77,77,77,77,77,77,81,81,81,81,85,85,89,93,93,93,96,96,96,96,96,96,96,96,96,96],"card_choices":[{"not_picked":["Transmutation","The Bomb"],"picked":"Apotheosis","floor":0},{"not_picked":["Anger","Heavy Blade"],"picked":"Wild Strike","floor":1},{"not_picked":["Pommel Strike","Iron Wave"],"picked":"Evolve","floor":3},{"not_picked":["Armaments","Uppercut"],"picked":"Power Through","floor":8},{"not_picked":["Anger","Shrug It Off"],"picked":"Feed","floor":10},{"not_picked":["Entrench","Dual Wield"],"picked":"Wild Strike","floor":12},{"not_picked":["Iron Wave","Thunderclap"],"picked":"Cleave","floor":14},{"not_picked":["Corruption","Exhume"],"picked":"Offering","floor":16},{"not_picked":["Shrug It Off","Anger+1"],"picked":"Heavy Blade+1","floor":18},{"not_picked":["Body Slam","Dark Embrace","Twin Strike"],"picked":"SKIP","floor":19},{"not_picked":["Shrug It Off","Clash"],"picked":"Ghostly Armor+1","floor":22},{"not_picked":["Sever Soul","Ghostly Armor","Flex"],"picked":"SKIP","floor":24},{"not_picked":["Cleave","Headbutt","Armaments"],"picked":"SKIP","floor":25}],"player_experience":745939,"relics_obtained":[{"floor":9,"key":"CeramicFish"},{"floor":24,"key":"Blue Candle"},{"floor":26,"key":"Regal Pillow"}],"event_choices":[{"damage_healed":0,"gold_gain":0,"player_choice":"Take Damage","damage_taken":18,"relics_obtained":["Golden Idol"],"max_hp_gain":0,"max_hp_loss":0,"event_name":"Golden Idol","floor":2,"gold_loss":0},{"damage_healed":0,"gold_gain":175,"player_choice":"AGREE","damage_taken":0,"max_hp_gain":0,"max_hp_loss":0,"event_name":"Liars Game","floor":4,"gold_loss":0,"cards_obtained":["Doubt"]},{"damage_healed":0,"gold_gain":0,"player_choice":"Donut","damage_taken":0,"max_hp_gain":5,"max_hp_loss":0,"event_name":"Big Fish","floor":5,"gold_loss":0},{"cards_removed":["Strike_R"],"damage_healed":0,"gold_gain":0,"player_choice":"Card Removal","damage_taken":0,"max_hp_gain":0,"max_hp_loss":0,"event_name":"The Cleric","floor":7,"gold_loss":50},{"damage_healed":0,"gold_gain":0,"player_choice":"Success","damage_taken":3,"relics_obtained":["StrikeDummy"],"max_hp_gain":0,"max_hp_loss":0,"event_name":"Scrap Ooze","floor":13,"gold_loss":0},{"damage_healed":0,"gold_gain":0,"player_choice":"Copied","damage_taken":0,"max_hp_gain":0,"max_hp_loss":0,"event_name":"Duplicator","floor":20,"gold_loss":0,"cards_obtained":["Inflame"]},{"damage_healed":0,"gold_gain":0,"player_choice":"Gave Idol","damage_taken":0,"relics_obtained":["Bloody Idol"],"max_hp_gain":0,"max_hp_loss":0,"event_name":"Forgotten Altar","floor":29,"relics_lost":["Golden Idol"],"gold_loss":0}],"is_beta":false,"boss_relics":[{"not_picked":["Snecko Eye","Ectoplasm"],"picked":"Velvet Choker"}],"items_purged_floors":[11,27],"is_endless":false,"potions_floor_spawned":[3,14,18,25],"killed_by":"Book of Stabbing","ascension_level":6}}