{"host":"sc0o2qwpf9j16a4i","time":1613309777,"event":{"mods":["AchievementEnabler","BaseMod","BetterRewards","Block Reminder","Colored Map","Colored Powertips","Custom Start","Highlight Path","Jorbs\u0027s Wanderer Trilogy","Minty Spire (QoL Compilation)","Relic Stats","StSLib"],"gold_per_floor":[111,125,175,475,37,65,82,82,82,82,95,95,165,200,200,295,295,314,327,377,447,497,497,532,543,566,600,611,630,438,457,457,571,571,584,634,650,700,773,773,786,805,805,822,872,886,913,87,87,87],"floor_reached":51,"language":"ENG","playtime":2433,"items_purged":["stsjorbsmod:Strike_Wanderer","stsjorbsmod:Strike_Wanderer"],"score":881,"play_id":"baae8f87-27ac-408a-916e-aa91823360d5","local_time":"20210214153617","is_ascension_mode":false,"campfire_choices":[{"data":"stsjorbsmod:Introspection","floor":10,"key":"SMITH"},{"data":"stsjorbsmod:BurningFlask","floor":15,"key":"SMITH"},{"data":"stsjorbsmod:RayOfFrost","floor":23,"key":"SMITH"},{"data":"stsjorbsmod:MagicMirror","floor":32,"key":"SMITH"},{"floor":40,"key":"RECALL"},{"data":"stsjorbsmod:FlameWard","floor":49,"key":"SMITH"}],"circlet_count":0,"master_deck":["stsjorbsmod:ForbiddenGrimoire+1","stsjorbsmod:Defend_Wanderer","stsjorbsmod:Defend_Wanderer","stsjorbsmod:Defend_Wanderer","stsjorbsmod:FreshAdventure","stsjorbsmod:EyeOfTheStorm","stsjorbsmod:BurningFlask+1","stsjorbsmod:MagicMirror+1","stsjorbsmod:SmithingStrike","stsjorbsmod:Introspection+1","stsjorbsmod:MagicMissiles+1","stsjorbsmod:Firebolt","stsjorbsmod:DisguiseSelf","stsjorbsmod:Materialize","stsjorbsmod:Materialize","stsjorbsmod:LoseGrip","stsjorbsmod:ArcaneForm","stsjorbsmod:RayOfFrost+1","stsjorbsmod:Firebolt+1","Necronomicurse","stsjorbsmod:Entangle","stsjorbsmod:GatherPower+1","stsjorbsmod:WeightOfMemory+1","stsjorbsmod:Prestidigitation","stsjorbsmod:FlameWard+1"],"relics":["stsjorbsmod:GrimoireRelic","NeowsBlessing","Old Coin","Whetstone","The Courier","HornCleat","SsserpentHead","Anchor","Snecko Eye","Necronomicon","Singing Bowl","Tiny Chest","Sundial","Empty Cage","Mercury Hourglass","Bottled Lightning","Happy Flower","Shuriken","Letter Opener","Vajra","Ornamental Fan"],"acts_visited":["Exordium","TheCity","TheBeyond"],"potions_floor_usage":[16,27,27,33,44,50,50,50],"damage_taken":[{"damage":0,"enemies":"Cultist","floor":1,"turns":1},{"damage":0,"enemies":"Jaw Worm","floor":2,"turns":1},{"damage":0,"enemies":"Gremlin Nob","floor":6,"turns":1},{"damage":1,"enemies":"2 Louse","floor":7,"turns":3},{"damage":2,"enemies":"2 Fungi Beasts","floor":11,"turns":3},{"damage":4,"enemies":"Red Slaver","floor":13,"turns":3},{"damage":18,"enemies":"Lagavulin","floor":14,"turns":6},{"damage":25,"enemies":"The Guardian","floor":16,"turns":13},{"damage":8,"enemies":"2 Thieves","floor":18,"turns":4},{"damage":1,"enemies":"Spheric Guardian","floor":19,"turns":3},{"damage":0,"enemies":"Centurion and Healer","floor":21,"turns":5},{"damage":2,"enemies":"Book of Stabbing","floor":24,"turns":3},{"damage":3,"enemies":"Chosen and Byrds","floor":25,"turns":4},{"damage":3,"enemies":"Gremlin Leader","floor":27,"turns":6},{"damage":1,"enemies":"Cultist and Chosen","floor":28,"turns":4},{"damage":17,"enemies":"Sentry and Sphere","floor":29,"turns":4},{"damage":4,"enemies":"Centurion and Healer","floor":31,"turns":4},{"damage":7,"enemies":"Champ","floor":33,"turns":5},{"damage":4,"enemies":"3 Shapes","floor":35,"turns":4},{"damage":6,"enemies":"3 Darklings","floor":37,"turns":5},{"damage":7,"enemies":"Spire Growth","floor":41,"turns":4},{"damage":2,"enemies":"Sphere and 2 Shapes","floor":42,"turns":3},{"damage":7,"enemies":"4 Shapes","floor":44,"turns":4},{"damage":0,"enemies":"3 Darklings","floor":46,"turns":4},{"damage":3,"enemies":"Nemesis","floor":47,"turns":4},{"damage":89,"enemies":"Awakened One","floor":50,"turns":11}],"seed_played":"2304193285945579851","potions_obtained":[{"floor":2,"key":"DuplicationPotion"},{"floor":7,"key":"SkillPotion"},{"floor":13,"key":"Fire Potion"},{"floor":18,"key":"Explosive Potion"},{"floor":28,"key":"EssenceOfSteel"},{"floor":31,"key":"DistilledChaos"},{"floor":37,"key":"Block Potion"},{"floor":46,"key":"SkillPotion"}],"is_trial":false,"path_per_floor":["M","M","?","T","$","E","M","?","T","R","M","?","M","E","R","B",null,"M","M","?","M","?","R","E","M","T","E","M","M","$","M","R","B",null,"M","?","M","?","T","R","M","M","T","M","T","M","E","$","R","B",null],"character_chosen":"WANDERER","items_purchased":["stsjorbsmod:SmithingStrike","stsjorbsmod:Introspection","stsjorbsmod:MagicMissiles","Whetstone","stsjorbsmod:Entangle","Shuriken","Letter Opener","Vajra","stsjorbsmod:Prestidigitation","stsjorbsmod:FlameWard","Ornamental Fan"],"campfire_rested":0,"item_purchase_floors":[5,5,5,5,30,48,48,48,48,48,48],"current_hp_per_floor":[68,68,68,68,68,68,68,73,73,73,72,72,69,53,53,28,73,69,73,73,75,59,59,61,65,65,66,72,61,61,63,63,61,85,87,87,89,89,89,89,88,92,92,89,89,95,97,97,97,8],"gold":87,"neow_bonus":"THREE_ENEMY_KILL","is_daily":false,"chose_seed":false,"campfire_upgraded":5,"win_rate":0.0,"timestamp":1613309777,"path_taken":["M","M","?","?","$","E","M","?","T","R","M","?","?","E","R","BOSS","M","M","?","?","?","R","E","M","T","E","M","M","$","M","R","BOSS","M","?","M","?","?","R","M","M","T","M","?","M","E","$","R","BOSS"],"items_purchased_type":["Card","Card","Card","Relic","Card","Relic","Relic","Relic","Card","Card","Relic"],"build_version":"2020-12-22","purchased_purges":2,"victory":true,"max_hp_per_floor":[68,68,68,68,68,68,68,73,73,73,73,73,73,73,73,73,73,73,73,73,75,75,75,75,77,77,79,81,83,83,85,85,85,85,87,87,89,89,89,89,91,93,93,93,93,95,97,97,97,97],"relic_stats":{"Singing Bowl":22,"Happy Flower":[3],"counters":[26,112],"Whetstone":["stsjorbsmod:Strike_Wanderer","stsjorbsmod:MagicMissiles"],"Letter Opener":[65],"Mercury Hourglass":[126],"SsserpentHead":400,"Sundial":[10],"Shuriken":[1],"Ornamental Fan":[4],"Snecko Eye":[138,135,136,167],"Tiny Chest":1,"Necronomicon":[22],"obtain_stats":[{"NeowsBlessing":0,"Singing Bowl":24,"Happy Flower":47,"Vajra":48,"stsjorbsmod:GrimoireRelic":0,"The Courier":6,"Whetstone":5,"Letter Opener":48,"Empty Cage":34,"Old Coin":4,"Mercury Hourglass":43,"SsserpentHead":12,"Anchor":14,"HornCleat":9,"Sundial":27,"Shuriken":48,"Ornamental Fan":48,"Snecko Eye":17,"Tiny Chest":26,"Necronomicon":22,"Bottled Lightning":45},{"NeowsBlessing":0,"Singing Bowl":12,"Happy Flower":25,"Vajra":25,"stsjorbsmod:GrimoireRelic":0,"The Courier":3,"Whetstone":2,"Letter Opener":25,"Empty Cage":18,"Old Coin":2,"Mercury Hourglass":22,"SsserpentHead":5,"Anchor":7,"HornCleat":4,"Sundial":14,"Shuriken":25,"Ornamental Fan":25,"Snecko Eye":8,"Tiny Chest":13,"Necronomicon":11,"Bottled Lightning":23},{"NeowsBlessing":0,"Singing Bowl":46,"Happy Flower":101,"Vajra":101,"stsjorbsmod:GrimoireRelic":0,"The Courier":3,"Whetstone":2,"Letter Opener":101,"Empty Cage":73,"Old Coin":2,"Mercury Hourglass":89,"SsserpentHead":9,"Anchor":18,"HornCleat":6,"Sundial":56,"Shuriken":101,"Ornamental Fan":101,"Snecko Eye":31,"Tiny Chest":50,"Necronomicon":43,"Bottled Lightning":93}]},"card_choices":[{"not_picked":["stsjorbsmod:Message","stsjorbsmod:LoseGrip"],"picked":"stsjorbsmod:BurningFlask","floor":1},{"not_picked":["stsjorbsmod:LoseGrip","stsjorbsmod:ArcaneWeapon"],"picked":"stsjorbsmod:MagicMirror","floor":2},{"not_picked":["stsjorbsmod:Determination","stsjorbsmod:Prepare"],"picked":"stsjorbsmod:Firebolt","floor":6},{"not_picked":["stsjorbsmod:MistyStep","stsjorbsmod:FaerieFire"],"picked":"stsjorbsmod:DisguiseSelf","floor":7},{"not_picked":["stsjorbsmod:FranticSearch","stsjorbsmod:WeightOfMemory"],"picked":"stsjorbsmod:Materialize","floor":11},{"not_picked":["stsjorbsmod:ScorchingRay","stsjorbsmod:Prepare"],"picked":"stsjorbsmod:Materialize","floor":13},{"not_picked":["stsjorbsmod:Index","stsjorbsmod:Mindworm"],"picked":"stsjorbsmod:LoseGrip","floor":14},{"not_picked":["stsjorbsmod:SiphonEnergy","stsjorbsmod:Fireball"],"picked":"stsjorbsmod:ArcaneForm","floor":16},{"not_picked":["stsjorbsmod:UnseenServant","stsjorbsmod:BurningFlask"],"picked":"stsjorbsmod:RayOfFrost","floor":18},{"not_picked":["stsjorbsmod:ParryingBlow","stsjorbsmod:BookOfTongues+1","stsjorbsmod:Hurt"],"picked":"SKIP","floor":19},{"not_picked":["stsjorbsmod:DisguiseSelf","stsjorbsmod:Hurt+1"],"picked":"stsjorbsmod:Firebolt+1","floor":21},{"not_picked":["stsjorbsmod:BurningFlask","stsjorbsmod:IvoryTower"],"picked":"stsjorbsmod:WanderingMind+1","floor":24},{"not_picked":["stsjorbsmod:Will","stsjorbsmod:Hurt+1","stsjorbsmod:ParryingBlow"],"picked":"Singing Bowl","floor":25},{"not_picked":["stsjorbsmod:Index","stsjorbsmod:FaerieFire","stsjorbsmod:TinyHut+1"],"picked":"Singing Bowl","floor":27},{"not_picked":["stsjorbsmod:Message","stsjorbsmod:Mindworm","stsjorbsmod:TinyHut"],"picked":"Singing Bowl","floor":28},{"not_picked":["stsjorbsmod:BookOfTongues","stsjorbsmod:Prestidigitation+1","stsjorbsmod:Aid"],"picked":"Singing Bowl","floor":29},{"not_picked":["stsjorbsmod:ChainLightning+1","stsjorbsmod:Prepare","stsjorbsmod:UnseenServant"],"picked":"Singing Bowl","floor":31},{"not_picked":["stsjorbsmod:Entangle","stsjorbsmod:DeathThroes"],"picked":"stsjorbsmod:GatherPower","floor":33},{"not_picked":["stsjorbsmod:BurningFlask","stsjorbsmod:Firebolt+1","stsjorbsmod:Mending"],"picked":"Singing Bowl","floor":35},{"not_picked":["stsjorbsmod:UnseenServant","stsjorbsmod:FracturedMind","stsjorbsmod:DisguiseSelf+1"],"picked":"Singing Bowl","floor":37},{"not_picked":["stsjorbsmod:DoubleCheck","stsjorbsmod:Trauma","stsjorbsmod:Inferno+1"],"picked":"Singing Bowl","floor":41},{"not_picked":["stsjorbsmod:Mania+1","stsjorbsmod:TinyHut+1","stsjorbsmod:ArcaneWeapon+1"],"picked":"Singing Bowl","floor":42},{"not_picked":["stsjorbsmod:Prepare","stsjorbsmod:DisguiseSelf+1"],"picked":"stsjorbsmod:WeightOfMemory+1","floor":44},{"not_picked":["stsjorbsmod:Hurt+1","stsjorbsmod:Index","stsjorbsmod:Patron"],"picked":"Singing Bowl","floor":46},{"not_picked":["stsjorbsmod:SchoolsOfMagic","stsjorbsmod:Mania","stsjorbsmod:Rest+1"],"picked":"Singing Bowl","floor":47}],"player_experience":1414694,"relics_obtained":[{"floor":4,"key":"Old Coin"},{"floor":6,"key":"The Courier"},{"floor":9,"key":"HornCleat"},{"floor":14,"key":"Anchor"},{"floor":22,"key":"Necronomicon"},{"floor":24,"key":"Singing Bowl"},{"floor":26,"key":"Tiny Chest"},{"floor":27,"key":"Sundial"},{"floor":43,"key":"Mercury Hourglass"},{"floor":45,"key":"Bottled Lightning"},{"floor":47,"key":"Happy Flower"}],"event_choices":[{"damage_healed":0,"gold_gain":50,"player_choice":"Gained Gold","damage_taken":0,"max_hp_gain":0,"max_hp_loss":0,"event_name":"Golden Wing","floor":3,"gold_loss":0},{"damage_healed":0,"gold_gain":0,"player_choice":"Donut","damage_taken":0,"max_hp_gain":5,"max_hp_loss":0,"event_name":"Big Fish","floor":8,"gold_loss":0},{"damage_healed":0,"gold_gain":0,"player_choice":"Trade","damage_taken":0,"relics_obtained":["SsserpentHead"],"max_hp_gain":0,"max_hp_loss":0,"event_name":"FaceTrader","floor":12,"gold_loss":0},{"cards_removed":["stsjorbsmod:Strike_Wanderer"],"damage_healed":0,"gold_gain":0,"player_choice":"Purged","damage_taken":0,"max_hp_gain":0,"max_hp_loss":0,"event_name":"Purifier","floor":20,"gold_loss":0},{"damage_healed":0,"gold_gain":0,"player_choice":"Obtained Book","damage_taken":16,"max_hp_gain":0,"max_hp_loss":0,"event_name":"Cursed Tome","floor":22,"gold_loss":0},{"cards_removed":["stsjorbsmod:WanderingMind"],"damage_healed":0,"gold_gain":0,"player_choice":"Removed Skill","damage_taken":0,"max_hp_gain":0,"max_hp_loss":0,"event_name":"Falling","floor":36,"gold_loss":0},{"damage_healed":0,"gold_gain":0,"player_choice":"Ignored","damage_taken":0,"max_hp_gain":0,"max_hp_loss":0,"event_name":"Tomb of Lord Red Mask","floor":38,"gold_loss":0}],"is_beta":false,"boss_relics":[{"not_picked":["Runic Pyramid","Astrolabe"],"picked":"Snecko Eye"},{"not_picked":["Runic Dome","SacredBark"],"picked":"Empty Cage"}],"items_purged_floors":[5,30],"is_endless":false,"potions_floor_spawned":[2,7,13,14,18,25,28,31,37,46],"ascension_level":0}}