{"host":"lmshf3swj20gmdor","time":1613291861,"event":{"mods":["2.2 Compatiblity","BaseMod","Conspire","Downfall","Googly Eyes","Hubris","Minty Spire (QoL Compilation)","Replay The Spire","Spikes Relics","StSLib","Synergy Search","The Servant 0.9.4"],"gold_per_floor":[114,114,124,124,144,176,176,204,204,8,8,8,36,54,54,158,158,175,175,188,270,270,270,302,302,302,316,248,248,276,291,291,391,391,402,419,314,334,334,334,362,362,362,374,386,423,455,467,467],"floor_reached":48,"language":"ENG","playtime":1515,"items_purged":[],"score":1091,"play_id":"ef39ec8c-d748-43ec-ba5e-19daac074e42","local_time":"20210214083741","is_ascension_mode":true,"campfire_choices":[{"data":"Gash","floor":7,"key":"SMITH"},{"floor":11,"key":"REST"},{"floor":23,"key":"REST"},{"floor":25,"key":"REST"},{"floor":29,"key":"REST"},{"floor":32,"key":"DIG"},{"floor":40,"key":"REST"},{"data":"White Noise","floor":42,"key":"SMITH"},{"data":"Electrodynamics","floor":44,"key":"SMITH"}],"circlet_count":0,"master_deck":["AscendersBane","conspire:GhostlyStrike","conspire:GhostlyDefend+1","conspire:GhostlyDefend","conspire:GhostlyDefend","conspire:GhostlyDefend","Zap","Dualcast","Storm","Gash+1","Degenerate+1","Auto Shields","Rainbow+1","Gash+1","Barrage","Loop","Electrodynamics+1","Compile Driver","White Noise+1","Gash+1","Static Discharge+1","Lockon+1","Leap+1","Ball Lightning","Capacitor+1","Capacitor+1","FIFO Queue+1","Gash+1"],"relics":["Cracked Core","NeowsBlessing","RetroEgg","Guardian:PocketSentry","WingedGreaves","DataDisk","hubris:TinFlute","Replay:Bronze Core","Mummified Hand","hubris:PeanutButter","Frozen Egg 2","Replay:Bottled Steam","Incense Burner","hubris:ScarierMask","hubris:Icosahedron","Happy Flower","MawBank","hubris:CrystalStatue"],"acts_visited":["Exordium","TheCity","TheBeyond"],"potions_floor_usage":[33,33],"damage_taken":[{"damage":0,"enemies":"2 Louse","floor":1,"turns":1},{"damage":0,"enemies":"Cultist","floor":3,"turns":1},{"damage":0,"enemies":"Jaw Worm","floor":5,"turns":1},{"damage":23,"enemies":"Gremlin Nob","floor":6,"turns":4},{"damage":25,"enemies":"3 Sentries","floor":8,"turns":5},{"damage":11,"enemies":"Gremlin Nob","floor":13,"turns":4},{"damage":3,"enemies":"Looter","floor":14,"turns":2},{"damage":38,"enemies":"Fading Forest","floor":16,"turns":11},{"damage":13,"enemies":"Chosen","floor":18,"turns":6},{"damage":22,"enemies":"Shell Parasite","floor":20,"turns":4},{"damage":44,"enemies":"Book of Stabbing","floor":24,"turns":5},{"damage":3,"enemies":"Centurion and Healer","floor":27,"turns":3},{"damage":28,"enemies":"Gremlin Leader","floor":30,"turns":4},{"damage":7,"enemies":"Shelled Parasite and Fungi","floor":31,"turns":5},{"damage":4,"enemies":"Pondfish","floor":33,"turns":8},{"damage":7,"enemies":"Orb Walker","floor":35,"turns":4},{"damage":0,"enemies":"3 Shapes","floor":36,"turns":4},{"damage":29,"enemies":"Transient","floor":38,"turns":5},{"damage":23,"enemies":"Nemesis","floor":41,"turns":7},{"damage":7,"enemies":"R_Hoarder","floor":46,"turns":9},{"damage":3,"enemies":"Sphere and 2 Shapes","floor":47,"turns":2},{"damage":25,"enemies":"4 Shapes","floor":48,"turns":1}],"seed_played":"-8766557018862621486","potions_obtained":[{"floor":5,"key":"sneckomod:MuddlingPotion"},{"floor":6,"key":"Weak Potion"},{"floor":13,"key":"EssenceOfSteel"},{"floor":33,"key":"Regen Potion"},{"floor":36,"key":"Milkshake"},{"floor":46,"key":"hexamod:SoulburnPotion"}],"is_trial":false,"path_per_floor":["M","?","M","?","M","E","R","E","T","$","R","?","E","M","R","B",null,"M","?","M","T","?","R","E","R","T","M","$","R","E","M","R","B",null,"M","M","$","M","?","R","E","R","T","R","?","E","M","M"],"character_chosen":"DEFECT","items_purchased":["DataDisk","Gash","Static Discharge+1","Ball Lightning","Capacitor+1"],"campfire_rested":5,"item_purchase_floors":[10,10,28,37,37],"current_hp_per_floor":[68,68,68,68,68,45,45,20,20,20,42,42,31,28,50,20,61,48,48,26,26,26,48,4,26,26,23,23,45,17,10,10,6,58,51,51,51,22,22,44,21,21,21,21,21,21,18,0,0],"gold":467,"neow_bonus":"THREE_ENEMY_KILL","is_daily":false,"chose_seed":false,"campfire_upgraded":3,"win_rate":0.0,"timestamp":1613291861,"path_taken":["M","?","M","?","M","E","R","E","T","$","R","?","E","M","R","BOSS","M","?","M","?","?","R","E","R","T","M","$","R","E","M","R","BOSS","M","M","$","?","?","R","E","R","T","R","?","E","?","M"],"items_purchased_type":["Relic","Card","Card","Card","Card"],"build_version":"2020-12-22","purchased_purges":0,"victory":false,"max_hp_per_floor":[75,75,75,75,75,75,75,75,75,75,75,75,75,75,75,75,75,75,75,75,75,75,75,75,75,75,75,75,75,75,75,75,75,75,75,75,75,75,75,75,75,75,75,75,75,75,75,75,75],"card_choices":[{"not_picked":["BasicCrystalCard","Fusion"],"picked":"Storm","floor":1},{"not_picked":["Redo","Leap"],"picked":"Gash","floor":3},{"not_picked":["ReplayTheSpireMod:Calculation Training","White Noise"],"picked":"Auto Shields","floor":5},{"not_picked":["Streamline","Conserve Battery","Turbo"],"picked":"SKIP","floor":6},{"not_picked":["Double Energy","Stack"],"picked":"Rainbow","floor":8},{"not_picked":["Beam Cell","Coolheaded"],"picked":"Barrage","floor":13},{"not_picked":["BasicCrystalCard","Stack"],"picked":"Loop","floor":14},{"not_picked":["Amplify","ReplayRNGCard"],"picked":"Electrodynamics","floor":16},{"not_picked":["Sweeping Beam","Rip and Tear"],"picked":"Compile Driver","floor":18},{"not_picked":["Panic Button+1","conspire:SharedLibrary+1"],"picked":"White Noise","floor":20},{"not_picked":["Panic Button","Sweeping Beam"],"picked":"Gash","floor":24},{"not_picked":["Consume","Heatsinks+1","Rip and Tear+1"],"picked":"SKIP","floor":27},{"not_picked":["Heatsinks+1","Steam","Multi-Cast"],"picked":"SKIP","floor":30},{"not_picked":["Cold Snap","Conserve Battery","Beam Cell"],"picked":"SKIP","floor":31},{"not_picked":["Recycle+1","Turbo"],"picked":"Lockon+1","floor":35},{"not_picked":["Conserve Battery+1","Reinforced Body+1"],"picked":"Leap+1","floor":36},{"not_picked":["Skim","Streamline","ReplayTheSpireMod:GoodbyeWorld+1"],"picked":"SKIP","floor":38},{"not_picked":["Panic Button+1","Hello World+1","Streamline+1"],"picked":"SKIP","floor":41},{"not_picked":["Coolheaded+1","Recycle"],"picked":"FIFO Queue+1","floor":46},{"not_picked":["Streamline+1","Sweeping Beam+1"],"picked":"Gash+1","floor":47}],"player_experience":810125,"relics_obtained":[{"floor":6,"key":"RetroEgg"},{"floor":8,"key":"Guardian:PocketSentry"},{"floor":9,"key":"WingedGreaves"},{"floor":13,"key":"hubris:TinFlute"},{"floor":21,"key":"Mummified Hand"},{"floor":24,"key":"hubris:PeanutButter"},{"floor":26,"key":"Frozen Egg 2"},{"floor":30,"key":"Replay:Bottled Steam"},{"floor":32,"key":"Incense Burner"},{"floor":41,"key":"Happy Flower"},{"floor":43,"key":"MawBank"},{"floor":46,"key":"hubris:CrystalStatue"}],"event_choices":[{"damage_healed":0,"gold_gain":0,"player_choice":"Agree","damage_taken":0,"max_hp_gain":0,"max_hp_loss":0,"event_name":"conspire:LoneGhost","floor":2,"gold_loss":0},{"cards_removed":["conspire:GhostlyStrike"],"damage_healed":0,"gold_gain":0,"player_choice":"Purged","damage_taken":0,"max_hp_gain":0,"max_hp_loss":0,"event_name":"Purifier","floor":12,"gold_loss":0},{"cards_removed":["conspire:GhostlyStrike"],"damage_healed":0,"gold_gain":0,"player_choice":"Card Removal","damage_taken":0,"max_hp_gain":0,"max_hp_loss":0,"event_name":"Wheel of Change","floor":22,"gold_loss":0},{"damage_healed":0,"gold_gain":0,"player_choice":"Upgraded","damage_taken":0,"max_hp_gain":0,"max_hp_loss":0,"event_name":"Upgrade Shrine","floor":45,"gold_loss":0,"cards_upgraded":["Rainbow"]}],"is_beta":false,"boss_relics":[{"not_picked":["ChewingGum","hubris:VirtuousBlindfold"],"picked":"Replay:Bronze Core"},{"not_picked":["Ring of Chaos","hubris:RunicObelisk"],"picked":"hubris:ScarierMask"}],"items_purged_floors":[],"is_endless":false,"potions_floor_spawned":[5,6,13,16,20,27,31,33,36,46,47],"killed_by":"4 Shapes","ascension_level":10}}