{"host":"684z1xpuwaoqmmh1","time":1613315479,"event":{"mods":["A Magickal Journey","BaseMod","Downfall","Hermit","Jorbs\u0027s Wanderer Trilogy","Marisa????????","Minty Spire (QoL Compilation)","Robot Space Explorer","Shade Mod","StSLib","The Bug Knight","The Dragon Tamer","The Elementalist","The Hayseed","The Hierophant","The Marked","The Mystic","The Runesmith","The Saiyan","The Senshi","The Spell Scribe","The Vixen","TheBandit","TheFirefly"],"gold_per_floor":[111,111,111,131,144,144,144],"floor_reached":6,"language":"ENG","playtime":223,"items_purged":[],"score":70,"play_id":"153e2a7e-58da-4838-a37e-2f92b226e9f3","local_time":"20210214171119","is_ascension_mode":true,"campfire_choices":[],"circlet_count":0,"master_deck":["AscendersBane","theSenshi:SailorKick","theSenshi:SailorKick","theSenshi:SailorKick","theSenshi:SailorKick","theSenshi:SailorBlock","theSenshi:SailorBlock","theSenshi:SailorBlock","theSenshi:SailorBlock","theSenshi:RoseThrow","theSenshi:MoonPrismPowerMakeUp","theSenshi:SailorMarsAssists+1","theSenshi:SailorChibiMoonAssists","theSenshi:SailorNeptuneAssists"],"relics":["theSenshi:TransformationBroochRelic","sneckomod:BlankCard","Blue Candle"],"acts_visited":["Exordium"],"potions_floor_usage":[],"damage_taken":[{"damage":0,"enemies":"Jaw Worm","floor":1,"turns":5},{"damage":6,"enemies":"Small Slimes","floor":4,"turns":2},{"damage":0,"enemies":"Cultist","floor":5,"turns":3},{"damage":57,"enemies":"3 Sentries","floor":6,"turns":10}],"seed_played":"1917492219654023068","potions_obtained":[{"floor":5,"key":"FearPotion"}],"is_trial":false,"path_per_floor":["M","?","?","M","M","E"],"character_chosen":"THE_SENSHI","items_purchased":[],"campfire_rested":0,"item_purchase_floors":[],"current_hp_per_floor":[68,63,63,57,57,0,0],"gold":144,"neow_bonus":"RANDOM_COMMON_RELIC","is_daily":false,"chose_seed":false,"campfire_upgraded":0,"win_rate":0.0,"timestamp":1613315479,"path_taken":["M","?","?","M","?","E"],"items_purchased_type":[],"build_version":"2020-12-22","purchased_purges":0,"victory":false,"max_hp_per_floor":[75,75,75,75,75,75,75],"card_choices":[{"not_picked":["theSenshi:LateForSchool","theSenshi:SailorChibiMoonAssists"],"picked":"theSenshi:SailorMarsAssists","floor":1},{"not_picked":["theSenshi:SchoolBag","theSenshi:SailorMarsAssists"],"picked":"theSenshi:SailorChibiMoonAssists","floor":4},{"not_picked":["theSenshi:InTheNickOfTime","theSenshi:SailorChibiMoonAssists"],"picked":"theSenshi:SailorNeptuneAssists","floor":5}],"player_experience":3284546,"relics_obtained":[],"event_choices":[{"damage_healed":0,"gold_gain":0,"player_choice":"Upgraded","damage_taken":0,"max_hp_gain":0,"max_hp_loss":0,"event_name":"Upgrade Shrine","floor":3,"gold_loss":0,"cards_upgraded":["theSenshi:SailorMarsAssists"]}],"is_beta":false,"boss_relics":[],"items_purged_floors":[],"is_endless":false,"potions_floor_spawned":[5],"killed_by":"3 Sentries","ascension_level":19}}