{"host":"lktusdb9orijgc6z","time":1613343538,"event":{"mods":["BaseMod","Bestiary","Colored Map","Colored Powertips","Filter the Spire","Minty Spire (QoL Compilation)","Permanent Neow","Quick Restart","Relic Stats","StSLib","everything is the same but u backflip on backflip","slay the spire mod where everything is the same but ironclad has a cowboy hat"],"gold_per_floor":[118,130,147,44,62,62,62],"floor_reached":6,"language":"ENG","playtime":267,"items_purged":[],"score":76,"play_id":"b5669438-bbb8-4178-9c65-1f4b24dd955d","local_time":"20210214235858","is_ascension_mode":true,"campfire_choices":[],"circlet_count":0,"master_deck":["AscendersBane","Strike_B","Strike_B","Strike_B","Strike_B","Defend_B","Defend_B","Defend_B","Defend_B","Zap","Dualcast","Sweeping Beam","Auto Shields","Genetic Algorithm","Self Repair","Rebound","Ball Lightning"],"relics":["Snecko Eye"],"acts_visited":["Exordium"],"potions_floor_usage":[],"damage_taken":[{"damage":7,"enemies":"Jaw Worm","floor":1,"turns":4},{"damage":26,"enemies":"Small Slimes","floor":2,"turns":4},{"damage":0,"enemies":"Cultist","floor":3,"turns":3},{"damage":27,"enemies":"Red Slaver","floor":5,"turns":5},{"damage":24,"enemies":"Lagavulin","floor":6,"turns":5}],"seed_played":"5170387883051350423","potions_obtained":[{"floor":2,"key":"SpeedPotion"}],"is_trial":false,"path_per_floor":["M","M","M","$","M","E"],"character_chosen":"DEFECT","items_purchased":["Self Repair","Rebound"],"campfire_rested":0,"item_purchase_floors":[4,4],"current_hp_per_floor":[57,31,31,31,11,0,0],"gold":62,"neow_bonus":"BOSS_RELIC","is_daily":false,"chose_seed":false,"campfire_upgraded":0,"win_rate":0.0,"timestamp":1613343538,"path_taken":["M","M","M","$","M","E"],"items_purchased_type":["Card","Card"],"build_version":"2020-12-22","purchased_purges":0,"victory":false,"max_hp_per_floor":[71,71,71,71,71,71,71],"relic_stats":{"counters":[5,21],"Snecko Eye":[39,26,48,34],"obtain_stats":[{"Snecko Eye":0,"Cracked Core":0},{"Snecko Eye":0,"Cracked Core":0},{"Snecko Eye":0,"Cracked Core":0}]},"card_choices":[{"not_picked":["Leap","Cold Snap"],"picked":"Sweeping Beam","floor":1},{"not_picked":["Loop","Gash"],"picked":"Auto Shields","floor":2},{"not_picked":["Coolheaded","Leap"],"picked":"Genetic Algorithm","floor":3},{"not_picked":["Aggregate","Gash"],"picked":"Ball Lightning","floor":5}],"player_experience":791436,"relics_obtained":[],"event_choices":[],"is_beta":false,"boss_relics":[],"items_purged_floors":[],"is_endless":false,"potions_floor_spawned":[2],"killed_by":"Lagavulin","ascension_level":20}}