{"host":"d6bqzrtz2aqgz4ke","time":1613344629,"event":{"mods":["BaseMod","BetterRewards","Colored Map","Conspire","Energized Spire","GifTheSpireLib","Highlight Path","Hubris","Infinite Spire","Minty Spire (QoL Compilation)","Rare Cards Sparkle","Relic Sorter","Replay The Spire","StSLib","The Animator","The Saiyan"],"gold_per_floor":[68596200,68595234,68595247,68595263,68595263,68595263,68595289,68595315,68595315,68595315,68595346,68595358,68595358,68595374,68595374,68595475,68595475,68595504,68594623,68594650,68594039,68594039,68594039,68594057,68594057,68594057,68594057,68594057],"floor_reached":27,"language":"ENG","playtime":3256,"items_purged":["animator:Defend","animator:Strike","animator:Strike","animator:Melzalgald"],"score":363,"play_id":"2ee722c1-9995-4301-b675-369b1449a8c0","local_time":"20210214161709","is_ascension_mode":false,"campfire_choices":[{"data":"animator:Urushihara","floor":6,"key":"SMITH"},{"data":"animator:DolaRiku","floor":10,"key":"SMITH"},{"data":"animator:PandorasActor","floor":13,"key":"SMITH"},{"data":"animator:Sonic","floor":15,"key":"PURGE"},{"data":"animator:Urushihara","floor":23,"key":"SMITH"}],"circlet_count":0,"master_deck":["animator:Strike_Konosuba","animator:Defend_Konosuba","animator:Strike","animator:Defend","animator:Defend+1","animator:Kazuma","animator:Aqua+1","animator:Urushihara+1","animator:FielNirvalen","animator:DolaRiku+1","animator:PandorasActor+1","animator:Entoma+2","animator:Aqua+1","animator:Mitsurugi","animator:DwarfShaman","animator:Vesta","animator:Eris","animator:YunYun","animator:GazelDwargon","animator:DolaRiku+1","animator:HououinKyouma","animator:Urushihara+1","animator:IchigoKurosaki","RitualDagger","animator:Kaijin"],"relics":["animator:LivingPicture","animator:TheMissingPiece","hubris:TenFootPole","Chameleon Ring","ReplayTheSpireMod:Lightbulb","Runic Capacitor","infinitespire:BottledMercury","Oddly Smooth Stone","Anchor","Busted Crown","Replay:Bottled Eggs","ReplayTheSpireMod:ShopPack","animator:Buoy","Orichalcum","animator:WornHelmet","ClockworkSouvenir"],"acts_visited":["Exordium","TheCity"],"potions_floor_usage":[11,11,16,16,16,27,27,27],"damage_taken":[{"damage":0,"enemies":"Cultist","floor":1,"turns":5},{"damage":1,"enemies":"Jaw Worm","floor":3,"turns":5},{"damage":6,"enemies":"infinitespire:Voidling","floor":4,"turns":6},{"damage":7,"enemies":"Replay:BlueRogue","floor":7,"turns":7},{"damage":0,"enemies":"Large Slime","floor":8,"turns":5},{"damage":14,"enemies":"conspire:MimicChest","floor":11,"turns":5},{"damage":6,"enemies":"3 Louse","floor":12,"turns":4},{"damage":0,"enemies":"Blue Slaver","floor":14,"turns":4},{"damage":0,"enemies":"Slime Boss","floor":16,"turns":6},{"damage":20,"enemies":"3 Byrds","floor":18,"turns":5},{"damage":19,"enemies":"conspire:FuzzyDice","floor":20,"turns":6},{"damage":2,"enemies":"Snake Plant","floor":24,"turns":4},{"damage":89,"enemies":"animator:HornedBat","floor":27,"turns":8}],"seed_played":"-6169775046511276244","potions_obtained":[{"floor":3,"key":"FearPotion"},{"floor":11,"key":"infinitespire:BlackPotion"},{"floor":12,"key":"LifebloodPotion"},{"floor":20,"key":"Venom Potion"},{"floor":24,"key":"SteroidPotion"}],"is_trial":false,"path_per_floor":["M","$","M","M","?","R","E","M","T","R","?","M","R","M","R_BF","B",null,"M","$","M","$","?","R","M","?","T","E"],"character_chosen":"THE_ANIMATOR","items_purchased":["animator:Urushihara","hubris:TenFootPole","Chameleon Ring","ReplayTheSpireMod:Lightbulb","Runic Capacitor","animator:FielNirvalen","SpeedPotion","SteroidPotion","ColorlessPotion","animator:DolaRiku","Replay:Bottled Eggs","animator:GazelDwargon","animator:DolaRiku+1","ReplayTheSpireMod:ShopPack","animator:Buoy","Regen Potion","Strength Potion","Orichalcum","animator:WornHelmet","ClockworkSouvenir"],"campfire_rested":0,"item_purchase_floors":[0,0,2,2,2,2,2,2,2,2,19,19,19,19,19,19,19,21,21,21],"current_hp_per_floor":[66,66,65,66,66,66,61,65,65,65,52,50,50,56,56,61,69,56,56,46,46,43,43,50,50,50,0,0],"gold":68594057,"neow_bonus":"","is_daily":false,"chose_seed":false,"campfire_upgraded":4,"win_rate":0.0,"timestamp":1613344629,"path_taken":["M","$","M","?","?","R","E","?","T","R","?","M","R","M","R_BF","BOSS","M","$","M","$","?","R","M","?","T","E"],"items_purchased_type":["Card","Relic","Relic","Relic","Relic","Card","Potion","Potion","Potion","Card","Relic","Card","Card","Relic","Relic","Potion","Potion","Relic","Relic","Relic"],"build_version":"2020-12-22","purchased_purges":4,"victory":false,"max_hp_per_floor":[66,66,66,66,66,66,66,66,66,66,66,66,66,68,68,69,69,71,71,71,71,71,71,71,71,71,71,71],"card_choices":[{"not_picked":["animator:OrikoMikuni","animator:Verdia"],"picked":"animator:Sonic","floor":1},{"not_picked":["animator:Sonic","animator:Spearman"],"picked":"animator:PandorasActor","floor":3},{"not_picked":["animator:Priestess","animator:KyokoSakura"],"picked":"animator:Entoma","floor":4},{"not_picked":["animator:Mitsurugi","animator:Hans"],"picked":"animator:Aqua","floor":7},{"not_picked":["animator:Kazuma","animator:SilverFang"],"picked":"animator:Mitsurugi","floor":8},{"not_picked":["animator:MamiTomoe","animator:Kaijin"],"picked":"animator:DwarfShaman","floor":11},{"not_picked":["animator:IzunaHatsuse","animator:Millim"],"picked":"animator:Melzalgald","floor":12},{"not_picked":["animator:MamiTomoe","animator:Priestess"],"picked":"animator:Vesta","floor":14},{"not_picked":["animator:Boros","animator:Kyubey"],"picked":"animator:Eris","floor":16},{"not_picked":[],"picked":"animator:YunYun","floor":18},{"not_picked":[],"picked":"animator:HououinKyouma","floor":19},{"not_picked":[],"picked":"animator:Urushihara","floor":19},{"not_picked":[],"picked":"animator:IchigoKurosaki","floor":19},{"not_picked":["animator:YuiTsuruno"],"picked":"SKIP","floor":20},{"not_picked":[],"picked":"animator:Kaijin","floor":24}],"player_experience":33414,"relics_obtained":[{"floor":7,"key":"infinitespire:BottledMercury"},{"floor":9,"key":"Oddly Smooth Stone"},{"floor":11,"key":"Anchor"}],"event_choices":[{"damage_healed":0,"gold_gain":0,"player_choice":"Bought 0 Potions","damage_taken":0,"max_hp_gain":0,"max_hp_loss":0,"event_name":"The Woman in Blue","floor":5,"gold_loss":0},{"damage_healed":0,"gold_gain":0,"player_choice":"Joined the Cult","damage_taken":6,"max_hp_gain":0,"max_hp_loss":0,"event_name":"Nest","floor":22,"gold_loss":0,"cards_obtained":["RitualDagger"]}],"is_beta":false,"boss_relics":[{"not_picked":["energizedSpire:MagnifyingGlass","Philosopher\u0027s Stone"],"picked":"Busted Crown"}],"items_purged_floors":[0,2,19,21],"is_endless":false,"potions_floor_spawned":[3,7,11,12,20,24],"killed_by":"animator:HornedBat","ascension_level":0}}