{"host":"yfdtuf6ojcxn06xg","time":1613275014,"event":{"mods":["2.2 Compatiblity","AchievementEnabler","BaseMod","Colored Map","Colored Powertips","Curses Come First","Hermit","JesterMod","Jorbs\u0027s Wanderer Trilogy","Minty Spire (QoL Compilation)","Quick Restart","Rare Cards Sparkle","Relic Stats","Replay The Spire","StSLib","The Cursed","The Disciple","The Hierophant","The Jungle","The Marked","The Necromancer","The Servant 0.9.4"],"gold_per_floor":[115,134,144,144,144,178,195,207,207,207,223,248,259,277,277,381,381,392,410,35,75,75,109,109,140,140,180,245,245,245,269,269,295,295],"floor_reached":33,"language":"ENG","playtime":1877,"items_purged":["Strike_G"],"score":333,"play_id":"ef7786df-7810-424e-933f-f4d23314e2ff","local_time":"20210213225654","is_ascension_mode":false,"campfire_choices":[{"floor":10,"key":"REST"},{"floor":15,"key":"REST"},{"floor":24,"key":"REST"},{"floor":29,"key":"REST"},{"data":"Doppelganger","floor":32,"key":"SMITH"}],"circlet_count":0,"master_deck":["Strike_G","Strike_G","Strike_G","Defend_G","Defend_G","Defend_G","Defend_G","Defend_G","Survivor","Neutralize+1","Doppelganger+1","ReplayTheSpireMod:Scrap Shanks","Backstab","ReplayTheSpireMod:Private Reserves","Neutralize","Deflect","Blade Dance","Dagger Spray","Cloak And Dagger","Caltrops","Terror","Bullet Time","Backstab+1","Hidden Blade","ReplayTheSpireMod:Speed Training"],"relics":["Ring of the Snake","Mirror","Replay:Ringing Soul","Molten Egg 2","SacredBark","Replay:Bandana","Pen Nib","Byrd Skull","Replay:Mystery Machine","Happy Flower"],"acts_visited":["Exordium","Exordium"],"potions_floor_usage":[6,6,8,14,19,23,28,28,33,33,33],"damage_taken":[{"damage":6,"enemies":"Jaw Worm","floor":1,"turns":6},{"damage":1,"enemies":"2 Louse","floor":2,"turns":3},{"damage":0,"enemies":"Cultist","floor":3,"turns":4},{"damage":12,"enemies":"Replay:BlueRogue","floor":6,"turns":5},{"damage":18,"enemies":"Gremlin Gang","floor":7,"turns":7},{"damage":22,"enemies":"Exordium Wildlife","floor":8,"turns":5},{"damage":0,"enemies":"3 Louse","floor":11,"turns":3},{"damage":25,"enemies":"Gremlin Nob","floor":12,"turns":5},{"damage":0,"enemies":"Blue Slaver","floor":13,"turns":3},{"damage":3,"enemies":"Exordium Wildlife","floor":14,"turns":3},{"damage":20,"enemies":"The Guardian","floor":16,"turns":12},{"damage":7,"enemies":"theJungle:5_Spyders","floor":18,"turns":9},{"damage":18,"enemies":"theJungle:Flameango_and_Byrd","floor":19,"turns":6},{"damage":9,"enemies":"theJungle:JungleHuntersEncounter","floor":21,"turns":6},{"damage":13,"enemies":"theJungle:2_Flameangoes","floor":23,"turns":7},{"damage":10,"enemies":"theJungle:Lyon","floor":25,"turns":5},{"damage":15,"enemies":"theJungle:JungleHuntersEncounter","floor":27,"turns":6},{"damage":0,"enemies":"theJungle:2_Phrogs","floor":28,"turns":7},{"damage":72,"enemies":"theJungle:FunGuy","floor":33,"turns":6}],"seed_played":"5743955023866071767","potions_obtained":[{"floor":1,"key":"PowerPotion"},{"floor":2,"key":"Elixir"},{"floor":3,"key":"FearPotion"},{"floor":7,"key":"Energy Potion"},{"floor":13,"key":"Regen Potion"},{"floor":14,"key":"Energy Potion"},{"floor":16,"key":"Toxic Potion"},{"floor":18,"key":"SkillPotion"},{"floor":23,"key":"FearPotion"},{"floor":28,"key":"Reflective Coating"}],"is_trial":false,"path_per_floor":["M","M","M","?","?","E","M","M","T","R","M","E","M","M","R","B",null,"M","M","$","M","?","M","R","M","T","M","E","R","?","T","R","B"],"character_chosen":"THE_SILENT","items_purchased":["Replay:Bandana","Pen Nib"],"campfire_rested":4,"item_purchase_floors":[20,20],"current_hp_per_floor":[64,63,63,63,63,51,33,11,11,32,35,10,13,22,45,28,82,78,63,63,54,54,41,67,60,60,45,45,72,72,72,72,0,0],"gold":295,"neow_bonus":"TRANSFORM_CARD","is_daily":false,"chose_seed":false,"campfire_upgraded":1,"win_rate":0.0,"timestamp":1613275014,"path_taken":["M","M","M","?","?","E","?","M","T","R","M","E","M","M","R","BOSS","M","?","$","M","?","M","R","M","T","M","E","R","?","?","R","BOSS"],"items_purchased_type":["Relic","Relic"],"build_version":"2020-12-22","purchased_purges":1,"victory":false,"max_hp_per_floor":[70,70,70,70,70,70,70,70,70,70,73,73,76,79,79,82,82,85,88,88,88,88,88,88,91,91,91,91,91,91,91,91,91,91],"relic_stats":{"Happy Flower":[2],"counters":[19,108],"Pen Nib":[11],"obtain_stats":[{"Replay:Ringing Soul":9,"Replay:Bandana":20,"Happy Flower":31,"SacredBark":17,"Molten Egg 2":12,"Pen Nib":20,"Replay:Mystery Machine":28,"Mirror":6,"Byrd Skull":26,"Ring of the Snake":0},{"Replay:Ringing Soul":6,"Replay:Bandana":13,"Happy Flower":18,"SacredBark":11,"Molten Egg 2":8,"Pen Nib":13,"Replay:Mystery Machine":18,"Mirror":4,"Byrd Skull":16,"Ring of the Snake":0},{"Replay:Ringing Soul":30,"Replay:Bandana":71,"Happy Flower":102,"SacredBark":56,"Molten Egg 2":38,"Pen Nib":71,"Replay:Mystery Machine":102,"Mirror":18,"Byrd Skull":89,"Ring of the Snake":0}],"Ring of the Snake":[38]},"card_choices":[{"not_picked":["Flying Knee","Poisoned Stab"],"picked":"ReplayTheSpireMod:Scrap Shanks","floor":1},{"not_picked":["Bouncing Flask","Noxious Fumes"],"picked":"Backstab","floor":2},{"not_picked":["ReplayTheSpireMod:Tripwire","ReplayTheSpireMod:Scrap Shanks","Riddle With Holes"],"picked":"SKIP","floor":3},{"not_picked":["Slice","Flying Knee"],"picked":"Deflect","floor":6},{"not_picked":["Dodge and Roll","Acrobatics"],"picked":"Blade Dance","floor":7},{"not_picked":["Riddle With Holes","Finisher"],"picked":"Dagger Spray","floor":8},{"not_picked":["Catalyst","Underhanded Strike"],"picked":"Cloak And Dagger","floor":11},{"not_picked":["Bane+1","Corpse Explosion","Poisoned Stab+1"],"picked":"SKIP","floor":12},{"not_picked":["Sucker Punch+1","Dash+1"],"picked":"Caltrops","floor":13},{"not_picked":["Dodge and Roll","Eviscerate+1"],"picked":"Terror","floor":14},{"not_picked":["ReplayTheSpireMod:Necrosis","Atom Bomb+1"],"picked":"Bullet Time","floor":16},{"not_picked":["Concentrate","PiercingWail"],"picked":"Backstab+1","floor":18},{"not_picked":["Expertise","Bane+1"],"picked":"Hidden Blade","floor":19},{"not_picked":["Bane+1","Predator+1","Poisoned Stab+1"],"picked":"SKIP","floor":21},{"not_picked":["ReplayTheSpireMod:Exploit Weakness","Dodge and Roll","Backflip"],"picked":"SKIP","floor":23},{"not_picked":["PiercingWail","Distraction"],"picked":"ReplayTheSpireMod:Speed Training","floor":25},{"not_picked":["Dodge and Roll","Tactician","Catalyst"],"picked":"SKIP","floor":27},{"not_picked":["Quick Slash+1","Dagger Spray+1","Tactician"],"picked":"SKIP","floor":28}],"player_experience":266348,"relics_obtained":[{"floor":6,"key":"Mirror"},{"floor":9,"key":"Replay:Ringing Soul"},{"floor":12,"key":"Molten Egg 2"},{"floor":26,"key":"Byrd Skull"},{"floor":28,"key":"Replay:Mystery Machine"},{"floor":31,"key":"Happy Flower"}],"event_choices":[{"damage_healed":0,"gold_gain":0,"player_choice":"Grow","damage_taken":0,"max_hp_gain":0,"max_hp_loss":0,"event_name":"Living Wall","floor":4,"gold_loss":0,"cards_upgraded":["Neutralize"]},{"damage_healed":0,"gold_gain":0,"player_choice":"2 cards matched","damage_taken":0,"max_hp_gain":0,"max_hp_loss":0,"event_name":"Match and Keep!","floor":5,"gold_loss":0,"cards_obtained":["ReplayTheSpireMod:Private Reserves","Neutralize"]}],"is_beta":false,"boss_relics":[{"not_picked":["ReplayTheSpireMod:DimensionalGlitch","Ectoplasm"],"picked":"SacredBark"}],"items_purged_floors":[20],"is_endless":false,"potions_floor_spawned":[1,2,3,7,13,14,16,18,23,28],"killed_by":"theJungle:FunGuy","ascension_level":0}}