{"host":"7mhqs6f6s6k42ena","time":1613301372,"event":{"mods":["BaseMod","Minty Spire (QoL Compilation)","StSLib"],"gold_per_floor":[131,84,12,87,48893,48919,48919,48007,48030,48030,48030,48049,48049,47222,47222,47320,47320,47334,46411,46411,46424,45315,45315,45315,45315,45339,45339,45355,45355,44851,44851,44851,44958,44958,44981,44083,44083,44133,44133,44142,43453,43453,43476,42756,42756,42770,42770,42789,42789,42890,42890,42910,42256,41333,41342,41367,41367,41367,41367,41367,41367,41397,41397,41397,41397,41397,41500,41550,41568,41568,40915,40915,40431,40431,40431,40431,40463,40463,40498,39874,39874,39892,39901,40005,40005,40033,40084,39283,39283,38669,38669,38669,38669,38697,38697,38059,38059,38059,38359,38359,38462,38462,38487,38265,38343,38343,38343,38343,38343,38189,38215,38034,38034,38046,37645,37605,37605,37712,37712,37722,37366,37375,36991,36617,36617,36617,36617,36661,36661,36661,36661,36661,36690,36690,36789,36789,36808,36808,36305,35791,35791,35791,35841,35841,35875,35246,35246,35246,35246,35263,35263,35366,35366,35366],"floor_reached":153,"language":"ZHS","playtime":6853,"items_purged":[],"score":4630,"play_id":"61036f63-a409-4adb-8c80-640ecf09f992","local_time":"20210214191612","daily_mods":["Allstar","Colorless Cards","Heirloom","Time Dilation","Flight"],"is_ascension_mode":true,"campfire_choices":[{"data":"DevaForm","floor":7.0,"key":"SMITH"},{"floor":11.0,"key":"REST"},{"data":"Echo Form","floor":13.0,"key":"SMITH"},{"data":"Poisoned Stab","floor":15.0,"key":"SMITH"},{"data":"Apotheosis","floor":23.0,"key":"SMITH"},{"data":"After Image","floor":25.0,"key":"SMITH"},{"data":"Chrysalis","floor":27.0,"key":"SMITH"},{"data":"Chrysalis","floor":29.0,"key":"SMITH"},{"data":"Outmaneuver","floor":32.0,"key":"SMITH"},{"data":"Adrenaline","floor":42.0,"key":"SMITH"},{"data":"Magnetism","floor":45.0,"key":"SMITH"},{"data":"Demon Form","floor":47.0,"key":"SMITH"},{"data":"Sadistic Nature","floor":49.0,"key":"SMITH"},{"data":"Enlightenment","floor":57.0,"key":"SMITH"},{"data":"Infinite Blades","floor":58.0,"key":"SMITH"},{"data":"Mind Blast","floor":59.0,"key":"SMITH"},{"data":"Magnetism","floor":66.0,"key":"SMITH"},{"data":"Sadistic Nature","floor":74.0,"key":"SMITH"},{"data":"Deadly Poison","floor":75.0,"key":"SMITH"},{"data":"Choke","floor":76.0,"key":"SMITH"},{"floor":83.0,"key":"REST"},{"floor":91.0,"key":"DIG"},{"floor":92.0,"key":"DIG"},{"floor":93.0,"key":"DIG"},{"floor":97.0,"key":"DIG"},{"floor":100.0,"key":"DIG"},{"floor":108.0,"key":"DIG"},{"data":"Catalyst","floor":109.0,"key":"SMITH"},{"data":"Endless Agony","floor":113.0,"key":"SMITH"},{"data":"Footwork","floor":117.0,"key":"SMITH"},{"data":"Bouncing Flask","floor":125.0,"key":"SMITH"},{"floor":127.0,"key":"DIG"},{"floor":129.0,"key":"DIG"},{"floor":130.0,"key":"DIG"},{"floor":131.0,"key":"DIG"},{"floor":134.0,"key":"DIG"},{"data":"Caltrops","floor":142,"key":"SMITH"},{"data":"Panache","floor":144,"key":"SMITH"},{"data":"Deadly Poison","floor":149,"key":"SMITH"},{"data":"Wraith Form v2","floor":151,"key":"SMITH"}],"circlet_count":4,"master_deck":["Demon Form+1","Wraith Form v2+1","Echo Form+1","DevaForm+1","Strike_G+1","Strike_G+1","Strike_G+1","Strike_G+1","Strike_G+1","Defend_G+1","Defend_G+1","Defend_G+1","Defend_G+1","Survivor","Neutralize","Swift Strike+1","Panache+1","Secret Weapon+1","Outmaneuver+1","Dodge and Roll+1","Deadly Poison+1","Poisoned Stab","Madness","Distraction+1","Accuracy","Violence","Slice","Poisoned Stab+1","PiercingWail","Sadistic Nature+1","Dramatic Entrance","Underhanded Strike+1","Expertise","Chrysalis+1","PiercingWail","Swift Strike","Footwork+1","Choke+1","Apotheosis+1","Blind","All Out Attack+1","PiercingWail+1","Leg Sweep","Slice+1","Good Instincts","Poisoned Stab+1","Chrysalis+1","After Image+1","Panacea","Sadistic Nature+1","Dash+1","Setup","Adrenaline+1","Flying Knee+1","Deflect","Blind","Magnetism+1","Sucker Punch","Impatience+1","Endless Agony+1","Deadly Poison","Caltrops+1","Infinite Blades+1","Master of Strategy","Mind Blast+1","Magnetism+1","Enlightenment+1","Deadly Poison+1","Venomology","DevaForm+1","Dramatic Entrance+1","Finisher+1","Enlightenment+1","Panache+1","Well Laid Plans+1","Noxious Fumes+1","Caltrops+1","Poisoned Stab+1","Mind Blast+1","Catalyst+1","Noxious Fumes+1","A Thousand Cuts+1","Bouncing Flask+1","RitualDagger+1","Terror+1","Doppelganger+1","Bandage Up+1","Heel Hook+1"],"relics":["Ring of the Serpent","FossilizedHelix","Kunai","Nunchaku","TwistedFunnel","Mummified Hand","Orichalcum","Happy Flower","Toolbox","Ancient Tea Set","Ice Cream","Oddly Smooth Stone","Medical Kit","MealTicket","Unceasing Top","Orrery","Nloth\u0027s Gift","Blue Candle","Lizard Tail","OrangePellets","Incense Burner","Potion Belt","Omamori","HandDrill","CeramicFish","SacredBark","ClockworkSouvenir","Singing Bowl","Eternal Feather","Dead Branch","Matryoshka","Strange Spoon","Dream Catcher","Bag of Marbles","Bottled Lightning","Shuriken","Meat on the Bone","Sling","WristBlade","Mercury Hourglass","TheAbacus","Tiny Chest","Tough Bandages","Peace Pipe","Toy Ornithopter","Du-Vu Doll","HornCleat","Juzu Bracelet","Tiny House","Pantograph","StrikeDummy","Chemical X","WarpedTongs","Snake Skull","Art of War","Frozen Eye","Molten Egg 2","Lantern","DollysMirror","Frozen Egg 2","Shovel","TungstenRod","Boot","Lee\u0027s Waffle","Akabeko","Ornamental Fan","Pear","Mango","Bronze Scales","Gremlin Horn","Anchor","Membership Card","InkBottle","PreservedInsect","SlaversCollar","War Paint","Turnip","Bag of Preparation","Vajra","Whetstone","Strawberry","Centennial Puzzle","Blood Vial","Question Card","Tingsha","Bottled Flame","Runic Pyramid","Letter Opener","Sundial","Regal Pillow","Prayer Wheel","Pen Nib","Toxic Egg 2","Paper Crane","Darkstone Periapt","Bottled Tornado","Bird Faced Urn","White Beast Statue","Pocketwatch","CaptainsWheel","MutagenicStrength","Coffee Dripper","The Specimen","Torii","Thread and Needle","StoneCalendar","Calipers","Ginger","Circlet","Busted Crown"],"acts_visited":["Exordium","TheCity","TheBeyond","Exordium","TheCity","TheBeyond","Exordium","TheCity","TheBeyond","Exordium"],"potions_floor_usage":[],"damage_taken":[{"damage":2.0,"enemies":"Small Slimes","floor":1.0,"turns":5.0},{"damage":9.0,"enemies":"3 Sentries","floor":6.0,"turns":4.0},{"damage":0.0,"enemies":"2 Louse","floor":12.0,"turns":1.0},{"damage":14.0,"enemies":"The Guardian","floor":16.0,"turns":7.0},{"damage":7.0,"enemies":"Shell Parasite","floor":18.0,"turns":2.0},{"damage":0.0,"enemies":"Spheric Guardian","floor":21.0,"turns":3.0},{"damage":0.0,"enemies":"Snecko","floor":28.0,"turns":4.0},{"damage":0.0,"enemies":"Champ","floor":33.0,"turns":6.0},{"damage":3.0,"enemies":"3 Shapes","floor":35.0,"turns":2.0},{"damage":0.0,"enemies":"Mind Bloom Boss Battle","floor":38.0,"turns":4.0},{"damage":0.0,"enemies":"Orb Walker","floor":46.0,"turns":2.0},{"damage":0.0,"enemies":"Sphere and 2 Shapes","floor":48.0,"turns":2.0},{"damage":0.0,"enemies":"Awakened One","floor":50.0,"turns":6.0},{"damage":0.0,"enemies":"Jaw Worm","floor":52.0,"turns":1.0},{"damage":0.0,"enemies":"Cultist","floor":56.0,"turns":1.0},{"damage":0.0,"enemies":"Gremlin Nob","floor":62.0,"turns":1.0},{"damage":0.0,"enemies":"The Guardian","floor":67.0,"turns":2.0},{"damage":0.0,"enemies":"2 Thieves","floor":69.0,"turns":1.0},{"damage":0.0,"enemies":"Gremlin Leader","floor":77.0,"turns":1.0},{"damage":0.0,"enemies":"Book of Stabbing","floor":79.0,"turns":1.0},{"damage":0.0,"enemies":"Shell Parasite","floor":82.0,"turns":1.0},{"damage":0.0,"enemies":"Collector","floor":84.0,"turns":3.0},{"damage":0.0,"enemies":"Orb Walker","floor":86.0,"turns":1.0},{"damage":0.0,"enemies":"2 Orb Walkers","floor":87.0,"turns":1.0},{"damage":0.0,"enemies":"Giant Head","floor":94.0,"turns":5.0},{"damage":0.0,"enemies":"Donu and Deca","floor":101.0,"turns":3.0},{"damage":0.0,"enemies":"Cultist","floor":103.0,"turns":1.0},{"damage":0.0,"enemies":"Gremlin Nob","floor":111.0,"turns":1.0},{"damage":0.0,"enemies":"2 Louse","floor":114.0,"turns":1.0},{"damage":0.0,"enemies":"Hexaghost","floor":118.0,"turns":1.0},{"damage":0.0,"enemies":"2 Thieves","floor":120.0,"turns":1.0},{"damage":0.0,"enemies":"Slavers","floor":128.0,"turns":1.0},{"damage":0.0,"enemies":"Book of Stabbing","floor":133.0,"turns":1.0},{"damage":0.0,"enemies":"Collector","floor":135.0,"turns":1.0},{"damage":0.0,"enemies":"3 Darklings","floor":137.0,"turns":1.0},{"damage":0,"enemies":"Mind Bloom Boss Battle","floor":143,"turns":1},{"damage":0,"enemies":"Giant Head","floor":145,"turns":2},{"damage":0,"enemies":"3 Shapes","floor":150,"turns":1},{"damage":0,"enemies":"Donu and Deca","floor":152,"turns":3}],"seed_played":"1491682561045298987","potions_obtained":[{"floor":1.0,"key":"Fire Potion"},{"floor":35.0,"key":"SpeedPotion"},{"floor":101.0,"key":"Fruit Juice"},{"floor":128.0,"key":"Strength Potion"}],"is_trial":true,"path_per_floor":["M","?","$","?","$","E","R","$","T","?","R","M","R","$","R","B",null,"M","$","?","M","$","R","?","R","T","R","M","R","$","?","R","B",null,"M","$","?","?","?","?","$","R","T","$","R","M","R","M","R","B",null,"M","$","$","?","M","R","R","R","T","?","E","?","?","?","R","B",null,"M","?","$","?","$","R","R","R","E","?","E","$","?","M","R","B",null,"M","?","$","?","$","R","R","R","E","?","$","R","?","?","R","B",null,"M","$","?","?","?","R","R","$","E","$","R","M","$","?","R","B",null,"M","$","?","$","$","R","?","R","E","R","R","R","?","E","R","B",null,"M","?","$","$","?","R","?","R","E","$","?","?","R","M","R","B",null],"character_chosen":"THE_SILENT","items_purchased":["ColorlessPotion","Dodge and Roll","Deadly Poison","Poisoned Stab","Madness","Distraction","Accuracy","Kunai","Nunchaku","TwistedFunnel","Strength Potion","LiquidMemories","Violence","Poisoned Stab","PiercingWail","Sadistic Nature","Dramatic Entrance","Orichalcum","Happy Flower","Toolbox","Underhanded Strike","Expertise","Swift Strike","Ice Cream","Oddly Smooth Stone","Medical Kit","Footwork","Choke","MealTicket","Unceasing Top","Orrery","Good Instincts","Poisoned Stab","Chrysalis","Blue Candle","Lizard Tail","OrangePellets","After Image","Panacea","Sadistic Nature","Omamori","HandDrill","CeramicFish","Setup","ClockworkSouvenir","Singing Bowl","Eternal Feather","BlessingOfTheForge","CunningPotion","Deflect","Blind","Matryoshka","Strange Spoon","Dream Catcher","Sucker Punch","Impatience","Shuriken","Meat on the Bone","Sling","Endless Agony","Mercury Hourglass","TheAbacus","Tiny Chest","Deadly Poison","Caltrops","Infinite Blades","Tough Bandages","Peace Pipe","Master of Strategy","Mind Blast","Pantograph","StrikeDummy","Chemical X","Snake Skull","Art of War","Frozen Eye","Deadly Poison","Molten Egg 2","Lantern","DollysMirror","Dramatic Entrance+1","TungstenRod","Boot","Lee\u0027s Waffle","Panache+1","Well Laid Plans+1","Akabeko","Ornamental Fan","Noxious Fumes+1","Fruit Juice","CunningPotion","Gremlin Horn","Anchor","Membership Card","Caltrops+1","Poisoned Stab+1","Mind Blast+1","War Paint","Turnip","Whetstone","Strawberry","Centennial Puzzle","Blood Vial","Noxious Fumes+1","Question Card","Tingsha","Bottled Flame","Letter Opener","Sundial","Regal Pillow","Bouncing Flask","Prayer Wheel","Pen Nib","Toxic Egg 2","Terror+1","Paper Crane","Darkstone Periapt","Bottled Tornado","The Specimen","Torii","Thread and Needle","Bandage Up+1","StoneCalendar","Calipers","Ginger","CultistPotion","Circlet","Circlet","Circlet","Heel Hook+1"],"campfire_rested":2,"item_purchase_floors":[3,3,5,5,5,5,5,5,5,5,5,5,5,8,8,8,8,8,8,8,8,8,14,14,14,14,14,14,19,19,19,19,19,19,22,22,22,22,22,22,30,30,30,30,36,36,36,36,36,36,36,41,41,41,41,41,44,44,44,44,53,53,53,53,53,54,54,54,54,54,71,71,71,73,73,73,73,80,80,80,80,88,88,88,88,88,90,90,90,90,90,96,96,96,96,96,96,104,104,110,110,112,112,112,115,115,115,121,121,121,121,123,123,123,123,124,124,124,139,139,139,139,140,140,140,140,146,146,146,146],"current_hp_per_floor":[68,68,68,68,68,59,59,59,59,59,70,70,70,70,70,56,70,63,63,63,63,70,70,70,70,70,70,70,70,70,70,70,70,70,67,70,70,72,72,72,72,72,72,72,72,74,74,76,76,78,78,80,80,80,80,80,80,80,80,80,80,82,66,59,59,82,84,89,91,91,91,91,91,91,91,91,93,93,93,93,93,95,95,97,97,97,99,106,106,116,126,140,140,142,142,142,142,144,144,144,156,156,156,156,156,154,124,156,156,163,165,165,165,167,167,167,167,167,167,169,169,164,169,169,169,169,169,169,169,169,169,169,171,171,173,173,177,177,177,177,177,177,179,179,181,181,181,178,187,191,191,193,193,193],"gold":35366,"neow_bonus":"","is_daily":false,"chose_seed":false,"campfire_upgraded":27,"win_rate":0.0,"timestamp":1613301372,"path_taken":["M","?","$","?","?","E","R","$","T","?","R","?","R","$","R","BOSS","M","$","?","?","$","R","?","R","T","R","M","R","$","?","R","BOSS","M","$","?","?","?","?","$","R","T","$","R","?","R","?","R","BOSS","M","$","$","?","?","R","R","R","T","?","?","?","?","?","R","BOSS","M","?","$","?","?","R","R","R","E","?","E","$","?","M","R","BOSS","M","?","$","?","$","R","R","R","E","?","$","R","?","?","R","BOSS","M","$","?","?","?","R","R","$","E","$","R","M","?","?","R","BOSS","M","$","?","$","$","R","?","R","E","R","R","R","?","E","R","BOSS","M","?","$","$","?","R","?","R","E","$","?","?","R","M","R","BOSS"],"items_purchased_type":["Potion","Card","Card","Card","Card","Card","Card","Relic","Relic","Relic","Potion","Potion","Card","Card","Card","Card","Card","Relic","Relic","Relic","Card","Card","Card","Relic","Relic","Relic","Card","Card","Relic","Relic","Relic","Card","Card","Card","Relic","Relic","Relic","Card","Card","Card","Relic","Relic","Relic","Card","Relic","Relic","Relic","Potion","Potion","Card","Card","Relic","Relic","Relic","Card","Card","Relic","Relic","Relic","Card","Relic","Relic","Relic","Card","Card","Card","Relic","Relic","Card","Card","Relic","Relic","Relic","Relic","Relic","Relic","Card","Relic","Relic","Relic","Card","Relic","Relic","Relic","Card","Card","Relic","Relic","Card","Potion","Potion","Relic","Relic","Relic","Card","Card","Card","Relic","Relic","Relic","Relic","Relic","Relic","Card","Relic","Relic","Relic","Relic","Relic","Relic","Card","Relic","Relic","Relic","Card","Relic","Relic","Relic","Relic","Relic","Relic","Card","Relic","Relic","Relic","Potion","Undefined","Undefined","Undefined","Card"],"build_version":"2020-12-22","purchased_purges":0,"victory":false,"max_hp_per_floor":[70,70,70,70,70,70,70,70,70,70,70,70,70,70,70,70,70,70,70,70,70,70,70,70,70,70,70,70,70,70,70,70,70,70,70,70,70,72,72,72,72,72,72,72,72,74,74,76,76,78,78,80,80,80,80,80,80,80,80,80,80,82,82,82,82,82,84,89,91,91,91,91,91,91,91,91,93,93,93,93,93,95,95,97,97,97,99,106,106,116,126,140,140,142,142,142,142,144,144,144,156,156,156,156,156,156,156,156,156,163,165,165,165,167,167,167,167,167,167,169,169,169,169,169,169,169,169,169,169,169,169,169,171,171,173,173,177,177,177,177,177,177,179,179,181,181,181,187,187,191,191,193,193,193],"card_choices":[{"not_picked":["Prepared","Finesse"],"picked":"Outmaneuver","floor":1.0},{"not_picked":["Purity","Backflip"],"picked":"Slice","floor":6.0},{"not_picked":["Acrobatics","Outmaneuver"],"picked":"PiercingWail","floor":12.0},{"not_picked":["Glass Knife","Malaise"],"picked":"Apotheosis","floor":16.0},{"not_picked":["Distraction","Acrobatics"],"picked":"Blind","floor":18.0},{"not_picked":["Swift Strike","Concentrate"],"picked":"All Out Attack+1","floor":19.0},{"not_picked":["Footwork","Impatience"],"picked":"Backflip","floor":19.0},{"not_picked":["Dodge and Roll","Outmaneuver"],"picked":"PiercingWail+1","floor":19.0},{"not_picked":["Dodge and Roll","Secret Technique"],"picked":"Leg Sweep","floor":19.0},{"not_picked":["Cloak And Dagger","Forethought"],"picked":"Slice+1","floor":19.0},{"not_picked":["Blade Dance","PiercingWail"],"picked":"Sucker Punch","floor":21.0},{"not_picked":["Backflip","Poisoned Stab+1"],"picked":"Dash+1","floor":28.0},{"not_picked":["The Bomb","Bullet Time"],"picked":"Adrenaline","floor":33.0},{"not_picked":["Bane","Backstab"],"picked":"Flying Knee+1","floor":35.0},{"not_picked":["Skewer+1","Eviscerate+1","Expertise"],"picked":"Singing Bowl","floor":38.0},{"not_picked":["Sucker Punch+1","Expertise+1","Flying Knee"],"picked":"Singing Bowl","floor":46.0},{"not_picked":["Deflect","Blade Dance","Unload"],"picked":"Singing Bowl","floor":48.0},{"not_picked":["Transmutation","Doppelganger","Chrysalis"],"picked":"Singing Bowl","floor":50.0},{"not_picked":["PiercingWail","Backflip","Calculated Gamble"],"picked":"Singing Bowl","floor":52.0},{"not_picked":["Underhanded Strike","Blur"],"picked":"Enlightenment","floor":56.0},{"not_picked":["Night Terror","Transmutation","The Bomb"],"picked":"Singing Bowl","floor":62.0},{"not_picked":["Transmutation","Secret Technique","Thinking Ahead"],"picked":"Singing Bowl","floor":67.0},{"not_picked":["Dodge and Roll","Madness","Dagger Throw"],"picked":"Singing Bowl","floor":69.0},{"not_picked":["Dodge and Roll","Finesse+1","Metamorphosis"],"picked":"Singing Bowl","floor":77.0},{"not_picked":["Blade Dance","Flying Knee"],"picked":"Venomology","floor":79.0},{"not_picked":["Sucker Punch+1","Backflip","Blade Dance+1"],"picked":"Singing Bowl","floor":82.0},{"not_picked":["Accuracy+1","Flying Knee+1"],"picked":"Finisher+1","floor":83.0},{"not_picked":["Master of Strategy","HandOfGreed+1","Grand Finale+1"],"picked":"Singing Bowl","floor":84.0},{"not_picked":["Bane+1","Crippling Poison+1"],"picked":"Enlightenment","floor":86.0},{"not_picked":["Slice+1","Deflect+1","Cloak And Dagger+1"],"picked":"Singing Bowl","floor":87.0},{"not_picked":["Dodge and Roll+1","Finesse+1","Violence"],"picked":"Singing Bowl","floor":94.0},{"not_picked":["Blind","Deep Breath","Forethought"],"picked":"Singing Bowl","floor":98.0},{"not_picked":["HandOfGreed+1","Chrysalis","After Image+1"],"picked":"Singing Bowl","floor":101.0},{"not_picked":["Slice+1","Prepared"],"picked":"Catalyst","floor":103.0},{"not_picked":["Eviscerate+1","Thinking Ahead","PiercingWail"],"picked":"Singing Bowl","floor":111.0},{"not_picked":["Backflip","PiercingWail","Tactician"],"picked":"Singing Bowl","floor":114.0},{"not_picked":["Grand Finale+1","The Bomb","Magnetism+1"],"picked":"A Thousand Cuts+1","floor":118.0},{"not_picked":["Dagger Spray+1","Purity","Good Instincts","Finisher+1"],"picked":"Singing Bowl","floor":120.0},{"not_picked":["Flying Knee+1","Dagger Spray+1","Master of Strategy+1"],"picked":"Doppelganger+1","floor":128.0},{"not_picked":["Blade Dance+1","Underhanded Strike+1","Bandage Up+1","Eviscerate+1"],"picked":"Singing Bowl","floor":133.0},{"not_picked":["Malaise+1","After Image+1","Magnetism+1","Panache+1"],"picked":"Singing Bowl","floor":135.0},{"not_picked":["Magnetism+1","Quick Slash+1","Footwork+1","Bandage Up+1"],"picked":"Singing Bowl","floor":137.0},{"not_picked":["Dramatic Entrance+1","Cloak And Dagger+1","Backflip+1","PiercingWail+1"],"picked":"Singing Bowl","floor":137.0},{"not_picked":["Bane+1","Cloak And Dagger+1","Acrobatics+1","Escape Plan+1"],"picked":"Singing Bowl","floor":143},{"not_picked":["Acrobatics+1","HandOfGreed+1","Slice+1","Dagger Throw+1"],"picked":"Singing Bowl","floor":145},{"not_picked":["Dramatic Entrance+1","Impatience+1","Master of Strategy+1","Flash of Steel+1"],"picked":"Singing Bowl","floor":148},{"not_picked":["Chrysalis+1","Enlightenment+1","Blind+1","Violence+1"],"picked":"Singing Bowl","floor":148},{"not_picked":["Impatience+1","Sadistic Nature+1","PanicButton+1","HandOfGreed+1"],"picked":"Singing Bowl","floor":148},{"not_picked":["Caltrops+1","Quick Slash+1","Flying Knee+1","Tools of the Trade+1"],"picked":"Singing Bowl","floor":150},{"not_picked":["Flying Knee+1","Backstab+1","Blade Dance+1","Deadly Poison+1"],"picked":"Singing Bowl","floor":150},{"not_picked":["The Bomb+1","Die Die Die+1","Storm of Steel+1","Chrysalis+1"],"picked":"Singing Bowl","floor":152}],"player_experience":48989,"relics_obtained":[{"floor":6.0,"key":"Mummified Hand"},{"floor":9.0,"key":"Ancient Tea Set"},{"floor":26.0,"key":"Potion Belt"},{"floor":38.0,"key":"Dead Branch"},{"floor":43.0,"key":"Bag of Marbles"},{"floor":43.0,"key":"Bottled Lightning"},{"floor":60.0,"key":"Toy Ornithopter"},{"floor":60.0,"key":"Du-Vu Doll"},{"floor":87.0,"key":"Shovel"},{"floor":91.0,"key":"Pear"},{"floor":92.0,"key":"Mango"},{"floor":93.0,"key":"Bronze Scales"},{"floor":97.0,"key":"InkBottle"},{"floor":100.0,"key":"PreservedInsect"},{"floor":108.0,"key":"Vajra"},{"floor":127.0,"key":"Bird Faced Urn"},{"floor":129.0,"key":"White Beast Statue"},{"floor":130.0,"key":"Pocketwatch"},{"floor":131.0,"key":"CaptainsWheel"},{"floor":143,"key":"Circlet"}],"event_choices":[{"damage_healed":0.0,"max_hp_gain":0.0,"max_hp_loss":0.0,"gold_gain":0.0,"event_name":"World of Goop","player_choice":"Left Gold","floor":2.0,"gold_loss":47.0,"damage_taken":0.0},{"damage_healed":0.0,"max_hp_gain":0.0,"max_hp_loss":0.0,"gold_gain":75.0,"event_name":"Golden Wing","player_choice":"Gained Gold","floor":4.0,"gold_loss":0.0,"damage_taken":0.0},{"damage_healed":0.0,"max_hp_gain":0.0,"max_hp_loss":0.0,"gold_gain":0.0,"cards_transformed":["HandOfGreed"],"event_name":"Transmorgrifier","player_choice":"Transformed","floor":10.0,"gold_loss":0.0,"damage_taken":0.0,"cards_obtained":["Chrysalis"]},{"damage_healed":0.0,"max_hp_gain":0.0,"max_hp_loss":0.0,"gold_gain":0.0,"event_name":"N\u0027loth","player_choice":"Traded Relic","floor":20.0,"relics_lost":["Philosopher\u0027s Stone"],"gold_loss":0.0,"damage_taken":0.0,"relics_obtained":["Nloth\u0027s Gift"]},{"damage_healed":0.0,"max_hp_gain":0.0,"max_hp_loss":0.0,"gold_gain":0.0,"event_name":"The Mausoleum","player_choice":"Opened","floor":24.0,"gold_loss":0.0,"damage_taken":0.0,"relics_obtained":["Incense Burner"]},{"damage_healed":0.0,"max_hp_gain":0.0,"max_hp_loss":0.0,"gold_gain":0.0,"event_name":"Ghosts","player_choice":"Ignored","floor":31.0,"gold_loss":0.0,"damage_taken":0.0},{"damage_healed":0.0,"max_hp_gain":0.0,"max_hp_loss":0.0,"gold_gain":0.0,"event_name":"Tomb of Lord Red Mask","player_choice":"Ignored","floor":37.0,"gold_loss":0.0,"damage_taken":0.0},{"damage_healed":0.0,"max_hp_gain":0.0,"max_hp_loss":0.0,"gold_gain":0.0,"event_name":"MindBloom","player_choice":"Fight","floor":38.0,"gold_loss":0.0,"damage_taken":0.0},{"cards_removed":["Sucker Punch"],"damage_healed":0.0,"max_hp_gain":0.0,"max_hp_loss":0.0,"gold_gain":0.0,"event_name":"Falling","player_choice":"Removed Attack","floor":39.0,"gold_loss":0.0,"damage_taken":0.0},{"damage_healed":0.0,"max_hp_gain":0.0,"max_hp_loss":0.0,"gold_gain":0.0,"cards_transformed":["Deep Breath"],"event_name":"Transmorgrifier","player_choice":"Transformed","floor":40.0,"gold_loss":0.0,"damage_taken":0.0,"cards_obtained":["Magnetism"]},{"damage_healed":0.0,"max_hp_gain":0.0,"max_hp_loss":0.0,"gold_gain":0.0,"cards_transformed":["Backflip"],"event_name":"Transmorgrifier","player_choice":"Transformed","floor":55.0,"gold_loss":0.0,"damage_taken":0.0,"cards_obtained":["Magnetism"]},{"damage_healed":0.0,"max_hp_gain":0.0,"max_hp_loss":0.0,"gold_gain":0.0,"event_name":"Liars Game","player_choice":"Ignored","floor":61.0,"gold_loss":0.0,"damage_taken":0.0},{"damage_healed":0.0,"max_hp_gain":0.0,"max_hp_loss":0.0,"gold_gain":0.0,"event_name":"Shining Light","player_choice":"Entered Light","floor":63.0,"gold_loss":0.0,"damage_taken":16.0,"cards_upgraded":["Defend_G","Impatience"]},{"damage_healed":0.0,"max_hp_gain":0.0,"max_hp_loss":0.0,"gold_gain":0.0,"event_name":"Scrap Ooze","player_choice":"Success","floor":64.0,"gold_loss":0.0,"damage_taken":7.0,"relics_obtained":["HornCleat"]},{"damage_healed":0.0,"max_hp_gain":0.0,"max_hp_loss":0.0,"gold_gain":0.0,"event_name":"Big Fish","player_choice":"Box","floor":65.0,"gold_loss":0.0,"damage_taken":0.0,"relics_obtained":["Juzu Bracelet"],"cards_obtained":["Regret"]},{"damage_healed":0.0,"max_hp_gain":0.0,"max_hp_loss":0.0,"gold_gain":0.0,"event_name":"FaceTrader","player_choice":"Leave","floor":70.0,"gold_loss":0.0,"damage_taken":0.0},{"damage_healed":0.0,"max_hp_gain":0.0,"max_hp_loss":0.0,"gold_gain":0.0,"event_name":"Accursed Blacksmith","player_choice":"Rummage","floor":72.0,"gold_loss":0.0,"damage_taken":0.0,"relics_obtained":["WarpedTongs"],"cards_obtained":["Pain"]},{"damage_healed":0.0,"max_hp_gain":0.0,"max_hp_loss":0.0,"gold_gain":0.0,"event_name":"Back to Basics","player_choice":"Simplicity","floor":78.0,"gold_loss":0.0,"damage_taken":0.0,"cards_upgraded":["Strike_G","Strike_G","Strike_G","Strike_G","Strike_G","Defend_G","Defend_G","Defend_G","Defend_G"]},{"damage_healed":0.0,"max_hp_gain":0.0,"max_hp_loss":0.0,"gold_gain":0.0,"event_name":"The Mausoleum","player_choice":"Opened","floor":81.0,"gold_loss":0.0,"damage_taken":0.0,"relics_obtained":["Frozen Egg 2"]},{"damage_healed":0.0,"max_hp_gain":0.0,"max_hp_loss":0.0,"gold_gain":0.0,"event_name":"Mysterious Sphere","player_choice":"Fight","floor":87.0,"gold_loss":0.0,"damage_taken":0.0},{"damage_healed":0.0,"max_hp_gain":0.0,"max_hp_loss":0.0,"gold_gain":0.0,"event_name":"Purifier","player_choice":"Ignored","floor":89.0,"gold_loss":0.0,"damage_taken":0.0},{"damage_healed":0.0,"max_hp_gain":0.0,"max_hp_loss":0.0,"gold_gain":0.0,"event_name":"NoteForYourself","player_choice":"Ignored","floor":95.0,"gold_loss":0.0,"damage_taken":0.0},{"damage_healed":0.0,"max_hp_gain":0.0,"max_hp_loss":0.0,"gold_gain":0.0,"event_name":"SensoryStone","player_choice":"Memory 1","floor":98.0,"gold_loss":0.0,"damage_taken":0.0},{"damage_healed":0.0,"max_hp_gain":0.0,"max_hp_loss":0.0,"gold_gain":300.0,"event_name":"Wheel of Change","player_choice":"Gold","floor":99.0,"gold_loss":0.0,"damage_taken":0.0},{"damage_healed":0.0,"max_hp_gain":0.0,"max_hp_loss":0.0,"gold_gain":78.0,"event_name":"Golden Wing","player_choice":"Gained Gold","floor":105.0,"gold_loss":0.0,"damage_taken":0.0},{"damage_healed":0.0,"max_hp_gain":0.0,"max_hp_loss":0.0,"gold_gain":0.0,"event_name":"Scrap Ooze","player_choice":"Success","floor":106.0,"gold_loss":0.0,"damage_taken":3.0,"relics_obtained":["Bag of Preparation"]},{"damage_healed":0.0,"max_hp_gain":0.0,"max_hp_loss":0.0,"gold_gain":0.0,"event_name":"Shining Light","player_choice":"Entered Light","floor":107.0,"gold_loss":0.0,"damage_taken":31.0,"cards_upgraded":["Poisoned Stab","Enlightenment"]},{"damage_healed":0.0,"max_hp_gain":0.0,"max_hp_loss":0.0,"gold_gain":0.0,"event_name":"World of Goop","player_choice":"Left Gold","floor":116.0,"gold_loss":40.0,"damage_taken":0.0},{"damage_healed":0.0,"max_hp_gain":0.0,"max_hp_loss":0.0,"gold_gain":0.0,"event_name":"Nest","player_choice":"Joined the Cult","floor":122.0,"gold_loss":0.0,"damage_taken":6.0,"cards_obtained":["RitualDagger"]},{"damage_healed":0.0,"max_hp_gain":0.0,"max_hp_loss":0.0,"gold_gain":0.0,"event_name":"Match and Keep!","player_choice":"0 cards matched","floor":126.0,"gold_loss":0.0,"damage_taken":0.0,"cards_obtained":[]},{"damage_healed":0.0,"max_hp_gain":0.0,"max_hp_loss":0.0,"gold_gain":0.0,"event_name":"Drug Dealer","player_choice":"Inject Mutagens","floor":132.0,"gold_loss":0.0,"damage_taken":0.0,"relics_obtained":["MutagenicStrength"]},{"damage_healed":0.0,"max_hp_gain":0.0,"max_hp_loss":0.0,"gold_gain":0.0,"event_name":"The Woman in Blue","player_choice":"Bought 0 Potions","floor":138.0,"gold_loss":0.0,"damage_taken":0.0},{"cards_removed":["Defend_G"],"damage_healed":0.0,"max_hp_gain":0.0,"max_hp_loss":0.0,"gold_gain":0.0,"event_name":"Falling","player_choice":"Removed Skill","floor":141.0,"gold_loss":0.0,"damage_taken":0.0},{"damage_healed":0,"gold_gain":0,"player_choice":"Fight","damage_taken":0,"max_hp_gain":0,"max_hp_loss":0,"event_name":"MindBloom","floor":143,"gold_loss":0},{"damage_healed":0,"gold_gain":0,"player_choice":"Ignored","damage_taken":0,"max_hp_gain":0,"max_hp_loss":0,"event_name":"Golden Shrine","floor":147,"gold_loss":0},{"damage_healed":0,"gold_gain":0,"player_choice":"Memory 3","damage_taken":10,"max_hp_gain":0,"max_hp_loss":0,"event_name":"SensoryStone","floor":148,"gold_loss":0}],"is_beta":false,"boss_relics":[{"not_picked":["Fusion Hammer","Pandora\u0027s Box"],"picked":"Philosopher\u0027s Stone"},{"not_picked":["Coffee Dripper","Snecko Eye"],"picked":"SacredBark"},{"not_picked":["Cursed Key","Velvet Choker"],"picked":"WristBlade"},{"not_picked":["Snecko Eye","Empty Cage"],"picked":"Tiny House"},{"not_picked":["Calling Bell","Cursed Key"],"picked":"Ring of the Serpent"},{"not_picked":["Fusion Hammer","Pandora\u0027s Box"],"picked":"SlaversCollar"},{"not_picked":["Black Star","Empty Cage"],"picked":"Runic Pyramid"},{"not_picked":["Cursed Key","Sozu"],"picked":"Coffee Dripper"},{"not_picked":["Calling Bell","Astrolabe"],"picked":"Busted Crown"}],"items_purged_floors":[],"is_endless":true,"potions_floor_spawned":[1,6,12,21,35,48,52,62,79,84,87,94,101,114,120,128,133,135,137,143,145,150,152],"ascension_level":1}}