{"host":"0xtpc43j5kblke7u","time":1613285541,"event":{"mods":["AchievementEnabler","BaseMod","Colored Map","Highlight Path","Minty Spire (QoL Compilation)"],"gold_per_floor":[216,12,12,22,22,22,53,73,73,98,45,72,119,146,158,270,282,306,318,40,53,53,82,82,82,82,114,114,124,140,152,152,256,256,266,278,278,291,291,291,291,291],"floor_reached":41,"language":"ENG","playtime":2923,"items_purged":[],"score":690,"play_id":"d05ea5c5-8df7-42a6-9c0d-8edc0d219f1c","local_time":"20210214015221","is_ascension_mode":true,"campfire_choices":[{"data":"Neutralize","floor":6.0,"key":"SMITH"},{"floor":15.0,"key":"REST"},{"floor":24.0,"key":"REST"},{"floor":28.0,"key":"REST"},{"floor":32.0,"key":"REST"},{"floor":40,"key":"REST"}],"circlet_count":0,"master_deck":["AscendersBane","Strike_G+1","Strike_G","Strike_G","Defend_G","Defend_G","Defend_G","Defend_G","Defend_G","Survivor","Neutralize+1","Dash+1","Well Laid Plans+1","Backstab","PiercingWail","Bouncing Flask","Footwork","Dagger Throw","Backflip","Footwork","Flying Knee","Infinite Blades","Adrenaline","Deadly Poison+1","Flechettes","Predator","Dagger Spray","Cloak And Dagger","Escape Plan","Choke+1","Die Die Die","Malaise","Dagger Throw+1","Noxious Fumes","Skewer"],"relics":["Ring of the Snake","Shuriken","MawBank","Ornamental Fan","Dream Catcher","Cursed Key","Regal Pillow","HandDrill","MutagenicStrength","InkBottle","Oddly Smooth Stone","Empty Cage"],"acts_visited":["Exordium","TheCity","TheBeyond"],"potions_floor_usage":[41],"damage_taken":[{"damage":10.0,"enemies":"2 Louse","floor":1.0,"turns":3.0},{"damage":0.0,"enemies":"Small Slimes","floor":4.0,"turns":3.0},{"damage":17.0,"enemies":"Lagavulin","floor":7.0,"turns":6.0},{"damage":0.0,"enemies":"Cultist","floor":8.0,"turns":3.0},{"damage":5.0,"enemies":"Large Slime","floor":10.0,"turns":7.0},{"damage":6.0,"enemies":"Exordium Wildlife","floor":12.0,"turns":5.0},{"damage":10.0,"enemies":"Gremlin Nob","floor":13.0,"turns":5.0},{"damage":0.0,"enemies":"Blue Slaver","floor":14.0,"turns":4.0},{"damage":10.0,"enemies":"Slime Boss","floor":16.0,"turns":7.0},{"damage":0.0,"enemies":"3 Byrds","floor":18.0,"turns":6.0},{"damage":0.0,"enemies":"Chosen","floor":21.0,"turns":5.0},{"damage":13.0,"enemies":"Slavers","floor":23.0,"turns":3.0},{"damage":28.0,"enemies":"Book of Stabbing","floor":27.0,"turns":6.0},{"damage":19.0,"enemies":"Centurion and Healer","floor":29.0,"turns":5.0},{"damage":13.0,"enemies":"Snecko","floor":30.0,"turns":4.0},{"damage":4.0,"enemies":"Snake Plant","floor":31.0,"turns":3.0},{"damage":22.0,"enemies":"Collector","floor":33.0,"turns":10.0},{"damage":10.0,"enemies":"Orb Walker","floor":35.0,"turns":4.0},{"damage":3.0,"enemies":"3 Shapes","floor":36.0,"turns":6.0},{"damage":41,"enemies":"Writhing Mass","floor":38,"turns":6},{"damage":59,"enemies":"3 Darklings","floor":41,"turns":5}],"seed_played":"-8987793858788197485","potions_obtained":[{"floor":7.0,"key":"PowerPotion"},{"floor":13.0,"key":"Block Potion"},{"floor":16.0,"key":"SkillPotion"},{"floor":18.0,"key":"FearPotion"},{"floor":31.0,"key":"GamblersBrew"},{"floor":33.0,"key":"CunningPotion"},{"floor":35.0,"key":"SpeedPotion"},{"floor":38,"key":"Regen Potion"}],"is_trial":false,"path_per_floor":["M","$","?","M","?","R","E","M","T","M","?","M","E","M","R","B",null,"M","T","$","M","?","E","R","?","T","E","R","M","M","M","R","B",null,"M","M","?","M","?","R","M"],"character_chosen":"THE_SILENT","items_purchased":["Well Laid Plans","Backstab","PiercingWail","Regal Pillow","HandDrill"],"campfire_rested":5,"item_purchase_floors":[2,2,2,20,20],"current_hp_per_floor":[53,53,53,53,39,39,22,22,22,17,17,11,1,1,22,12,56,56,56,56,56,56,43,70,70,70,42,70,51,38,34,70,48,65,55,52,52,11,4,40,0,0],"gold":291,"neow_bonus":"HUNDRED_GOLD","is_daily":false,"chose_seed":false,"campfire_upgraded":1,"win_rate":0.0,"timestamp":1613285541,"path_taken":["M","$","?","M","?","R","E","M","T","M","?","M","E","M","R","BOSS","M","?","$","M","?","E","R","?","T","E","R","M","M","?","R","BOSS","M","M","?","M","?","R","M"],"items_purchased_type":["Card","Card","Card","Relic","Relic"],"build_version":"2020-12-22","purchased_purges":0,"victory":false,"max_hp_per_floor":[70,70,70,70,70,70,70,70,70,70,70,70,70,70,70,70,70,70,70,70,70,70,70,70,70,70,70,70,70,70,70,70,70,70,70,70,70,70,70,70,70,70],"card_choices":[{"not_picked":["Prepared","Underhanded Strike"],"picked":"Dash","floor":1.0},{"not_picked":["Flying Knee","Acrobatics"],"picked":"Bouncing Flask","floor":4.0},{"not_picked":["Glass Knife","Cloak And Dagger"],"picked":"Footwork","floor":7.0},{"not_picked":["Outmaneuver","Poisoned Stab"],"picked":"Dagger Throw","floor":8.0},{"not_picked":["Bane","Venomology"],"picked":"Backflip","floor":10.0},{"not_picked":["Slice","Choke","Outmaneuver"],"picked":"SKIP","floor":12.0},{"not_picked":["Blur","Night Terror"],"picked":"Footwork","floor":13.0},{"not_picked":["Tactician","Deadly Poison"],"picked":"Flying Knee","floor":14.0},{"not_picked":["Riddle With Holes","Flying Knee"],"picked":"Infinite Blades","floor":15.0},{"not_picked":["Burst","Bullet Time"],"picked":"Adrenaline","floor":16.0},{"not_picked":["Bouncing Flask","Flying Knee","Underhanded Strike"],"picked":"SKIP","floor":18.0},{"not_picked":["PiercingWail+1","Prepared"],"picked":"Deadly Poison+1","floor":21.0},{"not_picked":["Backflip","Phantasmal Killer"],"picked":"Flechettes","floor":23.0},{"not_picked":["Distraction","Sucker Punch+1"],"picked":"Predator","floor":24.0},{"not_picked":["Backflip","Outmaneuver"],"picked":"Dagger Spray","floor":27.0},{"not_picked":["Flying Knee+1","Deflect+1"],"picked":"Cloak And Dagger","floor":28.0},{"not_picked":["Acrobatics","Calculated Gamble+1"],"picked":"Escape Plan","floor":29.0},{"not_picked":["Backflip","Bane"],"picked":"Choke+1","floor":30.0},{"not_picked":["PiercingWail","Sucker Punch+1","Bane"],"picked":"SKIP","floor":31.0},{"not_picked":["Endless Agony","Deadly Poison"],"picked":"Die Die Die","floor":32.0},{"not_picked":["Die Die Die","Burst"],"picked":"Malaise","floor":33.0},{"not_picked":["Sucker Punch+1","Reflex"],"picked":"Dagger Throw+1","floor":35.0},{"not_picked":["Underhanded Strike","Acrobatics"],"picked":"Noxious Fumes","floor":36.0},{"not_picked":["Endless Agony+1","Malaise","Outmaneuver+1"],"picked":"SKIP","floor":38},{"not_picked":["Sucker Punch+1","Endless Agony"],"picked":"Skewer","floor":40}],"player_experience":677373,"relics_obtained":[{"floor":7.0,"key":"Shuriken"},{"floor":9.0,"key":"MawBank"},{"floor":13.0,"key":"Dream Catcher"},{"floor":23.0,"key":"InkBottle"},{"floor":27.0,"key":"Oddly Smooth Stone"}],"event_choices":[{"damage_healed":0.0,"max_hp_gain":0.0,"max_hp_loss":0.0,"gold_gain":0.0,"event_name":"Living Wall","player_choice":"Grow","floor":3.0,"gold_loss":0.0,"damage_taken":0.0,"cards_upgraded":["Well Laid Plans"]},{"damage_healed":0.0,"max_hp_gain":0.0,"max_hp_loss":0.0,"gold_gain":0.0,"event_name":"Shining Light","player_choice":"Entered Light","floor":5.0,"gold_loss":0.0,"damage_taken":14.0,"cards_upgraded":["Strike_G","Dash"]},{"damage_healed":0.0,"max_hp_gain":0.0,"max_hp_loss":0.0,"gold_gain":0.0,"event_name":"WeMeetAgain","player_choice":"Paid Gold","floor":11.0,"gold_loss":65.0,"damage_taken":0.0,"relics_obtained":["Ornamental Fan"]},{"damage_healed":0.0,"max_hp_gain":0.0,"max_hp_loss":0.0,"gold_gain":0.0,"event_name":"Drug Dealer","player_choice":"Inject Mutagens","floor":22.0,"gold_loss":0.0,"damage_taken":0.0,"relics_obtained":["MutagenicStrength"]},{"damage_healed":0.0,"max_hp_gain":0.0,"max_hp_loss":0.0,"gold_gain":0.0,"event_name":"Ghosts","player_choice":"Ignored","floor":25.0,"gold_loss":0.0,"damage_taken":0.0},{"damage_healed":0,"gold_gain":0,"player_choice":"Ignored","damage_taken":0,"max_hp_gain":0,"max_hp_loss":0,"event_name":"Mysterious Sphere","floor":37,"gold_loss":0},{"damage_healed":0,"gold_gain":0,"player_choice":"Damaged","damage_taken":7,"max_hp_gain":0,"max_hp_loss":0,"event_name":"Wheel of Change","floor":39,"gold_loss":0}],"is_beta":false,"boss_relics":[{"not_picked":["Black Star","Astrolabe"],"picked":"Cursed Key"},{"not_picked":["Fusion Hammer","SacredBark"],"picked":"Empty Cage"}],"items_purged_floors":[],"is_endless":false,"potions_floor_spawned":[7,13,16,18,31,33,35,38],"killed_by":"3 Darklings","ascension_level":10}}