{"host":"2hfs0yj465ilm2w6","time":1613281557,"event":{"mods":["BaseMod","Minty Spire (QoL Compilation)"],"gold_per_floor":[112,126,126,144,319,350,350,368,368,217,217,241,281,293,305,421,433,455,467,479,406,433,445,445],"floor_reached":23,"language":"ZHS","playtime":1034,"items_purged":["Doubt"],"score":197,"play_id":"636094b3-ed59-440b-ad40-c0b8cc260d20","local_time":"20210214134557","is_ascension_mode":false,"campfire_choices":[{"floor":7,"key":"REST"},{"floor":15,"key":"REST"}],"circlet_count":0,"master_deck":["Strike_B","Strike_B","Defend_B","Defend_B","Defend_B","Defend_B","Zap","Dualcast","Defragment","Tempest","Ball Lightning","Double Energy","Static Discharge","Beam Cell+1","Rainbow+1","Loop","Auto Shields","Biased Cognition","Writhe"],"relics":["Cracked Core","Molten Egg 2","Ornamental Fan","Bottled Tornado","MawBank","Strawberry","Runic Pyramid","Nunchaku","PreservedInsect"],"acts_visited":["Exordium","TheCity"],"potions_floor_usage":[6,16,16],"damage_taken":[{"damage":1,"enemies":"Jaw Worm","floor":1,"turns":3},{"damage":3,"enemies":"Small Slimes","floor":2,"turns":3},{"damage":7,"enemies":"2 Louse","floor":4,"turns":3},{"damage":24,"enemies":"Gremlin Nob","floor":6,"turns":4},{"damage":10,"enemies":"Looter","floor":8,"turns":2},{"damage":12,"enemies":"Lagavulin","floor":13,"turns":5},{"damage":16,"enemies":"Hexaghost","floor":16,"turns":6},{"damage":0,"enemies":"Chosen","floor":18,"turns":4},{"damage":18,"enemies":"Shell Parasite","floor":22,"turns":3},{"damage":44,"enemies":"Gremlin Leader","floor":23,"turns":3}],"seed_played":"-1954171631296659076","potions_obtained":[{"floor":4,"key":"FocusPotion"},{"floor":8,"key":"FocusPotion"},{"floor":13,"key":"PowerPotion"},{"floor":18,"key":"Block Potion"},{"floor":22,"key":"Regen Potion"}],"is_trial":false,"path_per_floor":["M","M","?","M","?","E","R","M","T","$","?","T","E","$","R","B",null,"M","?","?","?","M","E"],"character_chosen":"DEFECT","items_purchased":["Loop"],"campfire_rested":2,"item_purchase_floors":[10],"current_hp_per_floor":[67,64,57,50,50,26,46,36,36,36,36,36,31,31,53,37,75,75,61,61,61,43,0,0],"gold":445,"neow_bonus":"TRANSFORM_TWO_CARDS","is_daily":false,"chose_seed":false,"campfire_upgraded":0,"win_rate":0.0,"timestamp":1613281557,"path_taken":["M","M","?","M","?","E","R","M","T","?","?","?","E","$","R","BOSS","M","?","?","?","?","E"],"items_purchased_type":["Card"],"build_version":"2020-12-22","purchased_purges":1,"victory":false,"max_hp_per_floor":[68,68,68,68,68,68,68,68,68,68,68,68,75,75,75,75,75,75,80,80,80,80,80,80],"card_choices":[{"not_picked":["Leap","Compile Driver"],"picked":"Ball Lightning","floor":1},{"not_picked":["Force Field","Beam Cell"],"picked":"Double Energy","floor":2},{"not_picked":["Steam","Skim"],"picked":"Static Discharge","floor":4},{"not_picked":["Stack","Barrage+1"],"picked":"Beam Cell+1","floor":6},{"not_picked":["Rip and Tear+1","Cold Snap+1"],"picked":"Rainbow","floor":8},{"not_picked":["Coolheaded","Streamline+1"],"picked":"Auto Shields","floor":13},{"not_picked":["Seek","All For One+1"],"picked":"Biased Cognition","floor":16},{"not_picked":["Conserve Battery+1","Sweeping Beam+1","Go for the Eyes+1"],"picked":"SKIP","floor":18},{"not_picked":["Coolheaded","Streamline+1","Blizzard+1"],"picked":"SKIP","floor":22}],"player_experience":14658,"relics_obtained":[{"floor":6,"key":"Ornamental Fan"},{"floor":9,"key":"Bottled Tornado"},{"floor":12,"key":"MawBank"},{"floor":13,"key":"Strawberry"}],"event_choices":[{"damage_healed":0,"gold_gain":0,"player_choice":"Success","damage_taken":7,"relics_obtained":["Molten Egg 2"],"max_hp_gain":0,"max_hp_loss":0,"event_name":"Scrap Ooze","floor":3,"gold_loss":0},{"damage_healed":0,"gold_gain":175,"player_choice":"AGREE","damage_taken":0,"max_hp_gain":0,"max_hp_loss":0,"event_name":"Liars Game","floor":5,"gold_loss":0,"cards_obtained":["Doubt"]},{"damage_healed":0,"gold_gain":0,"player_choice":"Grow","damage_taken":0,"max_hp_gain":0,"max_hp_loss":0,"event_name":"Living Wall","floor":11,"gold_loss":0,"cards_upgraded":["Rainbow"]},{"damage_healed":0,"gold_gain":0,"player_choice":"Shed Blood","damage_taken":19,"max_hp_gain":5,"max_hp_loss":0,"event_name":"Forgotten Altar","floor":19,"gold_loss":0},{"damage_healed":0,"gold_gain":0,"player_choice":"Opened","damage_taken":0,"relics_obtained":["Nunchaku"],"max_hp_gain":0,"max_hp_loss":0,"event_name":"The Mausoleum","floor":20,"gold_loss":0,"cards_obtained":["Writhe"]},{"damage_healed":0,"gold_gain":0,"player_choice":"Obtained Relic","damage_taken":0,"relics_obtained":["PreservedInsect"],"max_hp_gain":0,"max_hp_loss":0,"event_name":"Addict","floor":21,"gold_loss":85}],"is_beta":false,"boss_relics":[{"not_picked":["Astrolabe","SlaversCollar"],"picked":"Runic Pyramid"}],"items_purged_floors":[10],"is_endless":false,"potions_floor_spawned":[4,8,13,18,22],"killed_by":"Gremlin Leader","ascension_level":0}}