{"host":"3fvqec7g2448bgbh","time":1613335352,"event":{"mods":["AchievementEnabler","Aspiration","BaseMod","Colored Map","Colored Powertips","Conspire","DeckTracker","GifTheSpireLib","Highlight Path","Hubris","Infinite Spire","Minty Spire (QoL Compilation)","Permanent Neow","Rare Cards Sparkle","Relic Sorter","Replay The Spire","Spicy Shops","StSLib","Stuff the Spire","Together in Spire"],"gold_per_floor":[114,114,132,151,151,151,162,196,208,220,232,257,269,281,293,406,418,443,515,39,39,94,94,110,123,123,123,133,149,149,149,149,149],"floor_reached":32,"language":"ENG","playtime":2355,"items_purged":[],"score":290,"play_id":"b0f8a1c9-6dd7-4ae1-831e-6baf324d24b6","local_time":"20210215044232","is_ascension_mode":false,"campfire_choices":[{"floor":6,"key":"REST"},{"data":"White Noise","floor":10,"key":"SMITH"},{"floor":15,"key":"REST"},{"floor":23,"key":"REST"}],"circlet_count":0,"master_deck":["conspire:GhostlyStrike","conspire:GhostlyStrike","conspire:GhostlyStrike","conspire:GhostlyDefend","conspire:GhostlyDefend","conspire:GhostlyDefend","conspire:GhostlyDefend","Zap","Dualcast","Ball Lightning","Sweeping Beam","conspire:Rain","Tempest","Streamline","White Noise+1","Ball Lightning","ReplayTheSpireMod:Necrogeddon+1","All For One","Hologram","Chaos+1","Leap+1","Barrage","Delirium","Beam Cell","Gash+1","Clumsy","BootSequence","Loop"],"relics":["Cracked Core","hubris:Icosahedron","aspiration:FaultyCoupler","MawBank","infinitespire:Broken Mirror","Runic Dome","InkBottle","StuffTheSpire:CocoNut","Vajra","Toy Ornithopter","Peace Pipe"],"acts_visited":["Exordium","TheCity"],"potions_floor_usage":[],"damage_taken":[{"damage":1,"enemies":"2 Louse","floor":1,"turns":2},{"damage":0,"enemies":"Small Slimes","floor":3,"turns":1},{"damage":6,"enemies":"Jaw Worm","floor":4,"turns":2},{"damage":0,"enemies":"Exordium Thugs","floor":7,"turns":2},{"damage":0,"enemies":"Lagavulin","floor":8,"turns":3},{"damage":5,"enemies":"Exordium Wildlife","floor":12,"turns":2},{"damage":66,"enemies":"The Guardian","floor":16,"turns":5},{"damage":0,"enemies":"Spheric Guardian","floor":18,"turns":2},{"damage":18,"enemies":"Shell Parasite","floor":24,"turns":3},{"damage":18,"enemies":"Snake Plant","floor":25,"turns":3},{"damage":13,"enemies":"Shelled Parasite and Fungi","floor":28,"turns":2},{"damage":0,"enemies":"Snecko","floor":29,"turns":2},{"damage":0,"enemies":"Nightmare","floor":32,"turns":1}],"seed_played":"1636616315096208915","potions_obtained":[{"floor":3,"key":"Milkshake"},{"floor":4,"key":"Energy Potion"},{"floor":16,"key":"AttackPotion"},{"floor":24,"key":"PowerPotion"}],"is_trial":false,"path_per_floor":["M","?","M","M","?","R","M","E","T","R","?","M","?","?","R","B",null,"M","?","$","?","T","R","M","M","T","?","M","M","PTL","PTL","NM"],"character_chosen":"DEFECT","items_purchased":["StuffTheSpire:CocoNut","Vajra","Barrage"],"campfire_rested":3,"item_purchase_floors":[20,20,20],"current_hp_per_floor":[74,74,74,68,43,65,65,65,65,65,65,60,60,60,75,9,75,75,45,52,52,52,76,58,40,40,40,27,27,27,27,27,27],"gold":149,"neow_bonus":"THREE_CARDS","is_daily":false,"chose_seed":false,"campfire_upgraded":1,"win_rate":0.0,"timestamp":1613335352,"path_taken":["M","?","M","M","?","R","M","E","T","R","?","M","?","?","R","BOSS","M","?","$","?","?","R","?","M","T","?","M","M","PTL","PTL","NM"],"items_purchased_type":["Relic","Relic","Card"],"build_version":"2020-12-22","purchased_purges":0,"victory":false,"max_hp_per_floor":[75,75,75,75,75,75,75,75,75,75,75,75,75,75,75,75,75,75,75,82,82,82,82,82,82,82,82,82,82,82,82,82,82],"card_choices":[{"not_picked":["Steam","Reprogram"],"picked":"Ball Lightning","floor":0},{"not_picked":["StuffTheSpire:LoadUp","Stack"],"picked":"Sweeping Beam","floor":1},{"not_picked":["Self Repair","BasicCrystalCard"],"picked":"conspire:Rain","floor":3},{"not_picked":["Sweeping Beam","Aggregate"],"picked":"Tempest","floor":4},{"not_picked":["Coolheaded","Barrage"],"picked":"Streamline","floor":7},{"not_picked":["Multi-Cast","Hologram"],"picked":"White Noise","floor":8},{"not_picked":["ReplayTheSpireMod:GoodbyeWorld","Coolheaded"],"picked":"Ball Lightning","floor":12},{"not_picked":["StuffTheSpire:Purify","ReplayRNGCard"],"picked":"All For One","floor":16},{"not_picked":["Blizzard","Stack"],"picked":"Hologram","floor":18},{"not_picked":["Stack","conspire:Rain"],"picked":"Chaos+1","floor":19},{"not_picked":["Barrage","StuffTheSpire:GlassShard"],"picked":"Leap+1","floor":19},{"not_picked":["BasicCrystalCard","Heatsinks"],"picked":"Beam Cell","floor":24},{"not_picked":["Glacier","Cold Snap"],"picked":"Gash+1","floor":25},{"not_picked":["Hologram","Stack"],"picked":"BootSequence","floor":28},{"not_picked":["StuffTheSpire:LoadUp","ReplayTheSpireMod:Reroute Power"],"picked":"Loop","floor":29}],"player_experience":10613,"relics_obtained":[{"floor":8,"key":"MawBank"},{"floor":9,"key":"infinitespire:Broken Mirror"},{"floor":19,"key":"InkBottle"},{"floor":22,"key":"Toy Ornithopter"}],"event_choices":[{"damage_healed":0,"gold_gain":0,"player_choice":"Agree","damage_taken":0,"max_hp_gain":0,"max_hp_loss":0,"event_name":"conspire:LoneGhost","floor":2,"gold_loss":0},{"damage_healed":0,"gold_gain":0,"player_choice":"Success","damage_taken":25,"relics_obtained":["aspiration:FaultyCoupler"],"max_hp_gain":0,"max_hp_loss":0,"event_name":"Scrap Ooze","floor":5,"gold_loss":0}],"is_beta":false,"boss_relics":[{"not_picked":["Philosopher\u0027s Stone","Painkiller Herb"],"picked":"Runic Dome"}],"items_purged_floors":[],"is_endless":false,"potions_floor_spawned":[3,4,16,24,28],"killed_by":"Nightmare","ascension_level":0}}