{"host":"u0qetpmu4y58k1tf","time":1613273404,"event":{"mods":["100% Spire Juice","AchievementEnabler","Act Like it!","BaseMod","CapriCore","Colored Map","Colored Powertips","Hermit","Koishi","Marisa£¨Ùöéë¡¡Øª×âÞÞ£©","Minty Spire (QoL Compilation)","Quick Restart","Reliquary","Replay The Spire","StSLib","Td1madao Mod","The Bug Knight","The Cursed","The Dragon Tamer","The Gatherer","The Hierophant","The Immortal","The Jungle","The Runesmith","WarShipGirlsR/??á´Ò³R mod"],"gold_per_floor":[111,186,202,202,202,213,224,224,253,253,253,283,283,293,293,293],"floor_reached":15,"language":"KOR","playtime":1092,"items_purged":[],"score":260,"play_id":"311640d1-58ee-40fe-bc6f-20186c08afb7","local_time":"20210214123004","daily_mods":["Draft","Red Cards","Green Cards","Blue Cards","Purple Cards","DeadlyEvents","Elite Swarm"],"is_ascension_mode":true,"campfire_choices":[{"data":"Awareness","floor":8,"key":"SMITH"},{"data":"HollowMod:MantisMark","floor":13,"key":"SMITH"}],"circlet_count":0,"master_deck":["AscendersBane","Gatherer:ScherryThrow","BlazeAway","DTMod:Cover","HollowMod:MantisMark+1","Gatherer:BalancedGrowth","Conserve Battery","Koishi:YoukaiPolygraph","Ball Lightning","DTMod:BreakAttack","Fire Blade","Awareness+1","Sanctity","TheCursedMod:ReleasedStrength","rmod:wife","HollowMod:CloakDash","TheCursedMod:DemonicPact+1","Buffer","Gatherer:TreeGrowth"],"relics":["Burning Blood","reliquary:RosewoodLute","Anchor","reliquary:FeatherDuster"],"acts_visited":["Exordium"],"potions_floor_usage":[9,9,15],"damage_taken":[{"damage":0,"enemies":"Cultist","floor":1,"turns":4},{"damage":8,"enemies":"Jaw Worm","floor":3,"turns":2},{"damage":14,"enemies":"Small Slimes","floor":6,"turns":3},{"damage":5,"enemies":"Exordium Wildlife","floor":7,"turns":4},{"damage":39,"enemies":"Gremlin Nob","floor":9,"turns":4},{"damage":0,"enemies":"HollowMod:MossKnight","floor":12,"turns":6},{"damage":5,"enemies":"2 Fungi Beasts","floor":14,"turns":3},{"damage":30,"enemies":"3 Sentries","floor":15,"turns":4}],"seed_played":"1","potions_obtained":[{"floor":3,"key":"LiquidBronze"},{"floor":6,"key":"Explosive Potion"},{"floor":9,"key":"Swift Potion"}],"is_trial":true,"path_per_floor":["M","?","M","PTL","PTL","M","M","R","E","?","T","E","R","M","E"],"character_chosen":"IRONCLAD","items_purchased":[],"campfire_rested":0,"item_purchase_floors":[],"current_hp_per_floor":[74,63,61,61,61,53,54,54,21,21,21,27,27,28,0,0],"gold":293,"neow_bonus":"","is_daily":false,"chose_seed":true,"campfire_upgraded":2,"win_rate":0.0,"timestamp":1613273404,"path_taken":["M","?","M","PTL","PTL","?","M","R","E","?","T","?","R","M","E"],"items_purchased_type":[],"build_version":"2020-12-22","purchased_purges":0,"victory":false,"max_hp_per_floor":[75,75,75,75,75,75,75,75,75,75,75,75,75,75,75,75],"card_choices":[{"not_picked":["Moonworks:SelfDestruct","Afterwards"],"picked":"Gatherer:ScherryThrow","floor":0},{"not_picked":["DTMod:Dissolve","TheCursedMod:TroublousMinions"],"picked":"BlazeAway","floor":0},{"not_picked":["Black Execution","Gatherer:FlowerFalling"],"picked":"DTMod:Cover","floor":0},{"not_picked":["Coercion","TheCursedMod:SpitefulPray"],"picked":"Koishi:Jaunt","floor":0},{"not_picked":["Koishi:ApparitionsStalkTheNight","TheCursedMod:CursedArmor"],"picked":"HollowMod:MantisMark","floor":0},{"not_picked":["hermit:Brawl","rmod:victimresponsibility"],"picked":"Slice","floor":0},{"not_picked":["Abandon","hierophant:Empathy"],"picked":"Gatherer:BalancedGrowth","floor":0},{"not_picked":["TheCursedMod:SaltUponWound","MokouMod:Singe"],"picked":"Conserve Battery","floor":0},{"not_picked":["hermit:Vantage","rmod:circuitoustactics"],"picked":"Koishi:YoukaiPolygraph","floor":0},{"not_picked":["HollowMod:GreatSlash","Deflect"],"picked":"Ball Lightning","floor":0},{"not_picked":["DTMod:Feint","IllusionStar"],"picked":"DTMod:BreakAttack","floor":0},{"not_picked":["rmod:goodfighter","DTMod:Weaken"],"picked":"Fire Blade","floor":0},{"not_picked":["HollowMod:QuirrelsAssistance","Seeing Red"],"picked":"Awareness","floor":0},{"not_picked":["HollowMod:SharpenedNail","hermit:Manifest"],"picked":"Sanctity","floor":0},{"not_picked":["Koishi:EmbryosDream","Crescendo"],"picked":"Prostrate","floor":0},{"not_picked":["hierophant:Shelter","Gatherer:ScentOfRosmari"],"picked":"TheCursedMod:ReleasedStrength","floor":1},{"not_picked":["hierophant:Refuge","Acrobatics","Backflip"],"picked":"SKIP","floor":3},{"not_picked":["Panic Button","DTMod:InvisibleFlame"],"picked":"rmod:wife","floor":6},{"not_picked":["Koishi:FleetingPhantom","Gash"],"picked":"HollowMod:CloakDash","floor":7},{"not_picked":["Glass Knife","hermit:EternalForm"],"picked":"TheCursedMod:DemonicPact","floor":9},{"not_picked":["Biased Cognition","Pod Laser"],"picked":"Buffer","floor":12},{"not_picked":["Meditate","Runesmith:Overpower"],"picked":"Gatherer:TreeGrowth","floor":14}],"player_experience":138031,"relics_obtained":[{"floor":9,"key":"reliquary:RosewoodLute"},{"floor":11,"key":"Anchor"},{"floor":12,"key":"reliquary:FeatherDuster"}],"event_choices":[{"damage_healed":0,"gold_gain":75,"player_choice":"Gather Gold","damage_taken":11,"max_hp_gain":0,"max_hp_loss":0,"event_name":"World of Goop","floor":2,"gold_loss":0},{"damage_healed":0,"gold_gain":0,"player_choice":"Grow","damage_taken":0,"max_hp_gain":0,"max_hp_loss":0,"event_name":"Living Wall","floor":10,"gold_loss":0,"cards_upgraded":["TheCursedMod:DemonicPact"]}],"is_beta":false,"boss_relics":[],"items_purged_floors":[],"is_endless":false,"potions_floor_spawned":[3,6,7,9],"killed_by":"3 Sentries","ascension_level":20}}