{"host":"y6zg4wwu39otf01a","time":1613282198,"event":{"mods":["Act Like it!","Aspiration","BaseMod","Better Altar","Better Match","Better Note","Better Sensory Stone","Better Skull","Better Third Choice","Challenge The Spire","Colored Map","Colored Powertips","Conspire","GifTheSpireLib","Glutton Mod","Halation","Hermit","Highlight Path","Hubris","Infinite Spire","Mimic Mod","Minty Spire (QoL Compilation)","Quick Restart","Random Character Button","Rare Cards Sparkle","Replay The Spire","Retaliation","Spicy Shops","Spire Arcade","StSLib","Stuff the Spire","The Blue Laboratory","The Jungle"],"gold_per_floor":[109,145,145,166,176,176,176,198,224,249,249,249,60,99,99,9,9],"floor_reached":16,"language":"ENG","playtime":932,"items_purged":[],"score":115,"play_id":"72741a50-372d-48e1-9aa5-1f0303c7d88e","local_time":"20210213235638","is_ascension_mode":true,"campfire_choices":[{"data":"hermit:Covet","floor":7,"key":"SMITH"},{"data":"infinitespire:Gouge","floor":12,"key":"SMITH"},{"floor":15,"key":"REST"}],"circlet_count":0,"master_deck":["hermit:Strike_Hermit","hermit:Strike_Hermit","hermit:Strike_Hermit","hermit:Strike_Hermit","hermit:Defend_Hermit","hermit:Defend_Hermit","hermit:Defend_Hermit","hermit:Defend_Hermit","hermit:Snapshot","hermit:Covet+1","hermit:Scavenge","Spreading Infection","infinitespire:Gouge+1","hermit:Snipe","Panache","hermit:Coalescence","hermit:Glare","hermit:Glare+1"],"relics":["hermit:Momento","NeowsBlessing","Replay:Wax Seal","aspiration:TomeofQuesting","infinitespire:Bottled Soul","Toxic Egg 2"],"acts_visited":["Exordium"],"potions_floor_usage":[8,8,10,16],"damage_taken":[{"damage":0,"enemies":"Cultist","floor":1,"turns":1},{"damage":0,"enemies":"Jaw Worm","floor":2,"turns":2},{"damage":0,"enemies":"Jaw Worm","floor":4,"turns":1},{"damage":8,"enemies":"2 Louse","floor":5,"turns":3},{"damage":28,"enemies":"Large Slime","floor":8,"turns":6},{"damage":10,"enemies":"Lots of Slimes","floor":10,"turns":6},{"damage":14,"enemies":"3 Sentries","floor":14,"turns":9},{"damage":39,"enemies":"Slime Boss","floor":16,"turns":7}],"seed_played":"8413106321756940510","potions_obtained":[{"floor":4,"key":"blueLaboratory:EnragingPotion"},{"floor":5,"key":"DuplicationPotion"},{"floor":8,"key":"SteroidPotion"},{"floor":14,"key":"blueLaboratory:PolymorphPotion"}],"is_trial":false,"path_per_floor":["M","MIM","?","M","M","?","R","M","T","M","?","R","$","E","R","B"],"character_chosen":"HERMIT","items_purchased":["hermit:Glare","infinitespire:Bottled Soul"],"campfire_rested":1,"item_purchase_floors":[13,13],"current_hp_per_floor":[75,75,75,75,67,67,67,39,39,29,29,29,29,15,37,0,0],"gold":9,"neow_bonus":"THREE_ENEMY_KILL","is_daily":false,"chose_seed":false,"campfire_upgraded":2,"win_rate":0.0,"timestamp":1613282198,"path_taken":["M","?","?","M","M","?","R","M","T","?","?","R","?","E","R","BOSS"],"items_purchased_type":["Card","Relic"],"build_version":"2020-12-22","purchased_purges":0,"victory":false,"max_hp_per_floor":[75,75,75,75,75,75,75,75,75,75,75,75,75,75,75,75,75],"card_choices":[{"not_picked":["hermit:Malice","hermit:Feint","hermit:BodyArmor"],"picked":"SKIP","floor":1},{"not_picked":["hermit:Maintenance","hermit:Dive"],"picked":"hermit:Scavenge","floor":2},{"not_picked":["infinitespire:SevenWalls","ReplayTheSpireMod:Echo Chamber"],"picked":"infinitespire:Gouge","floor":3},{"not_picked":["hermit:Midnight","hermit:Dive"],"picked":"hermit:Snipe","floor":4},{"not_picked":["hermit:Roughhouse","hermit:Feint","hermit:TrackingShot"],"picked":"SKIP","floor":5},{"not_picked":["Discovery","Forethought"],"picked":"Panache","floor":6},{"not_picked":["hermit:HoleUp","hermit:BodyArmor"],"picked":"hermit:Coalescence","floor":8},{"not_picked":["hermit:Determination","hermit:Grudge","hermit:Dive"],"picked":"SKIP","floor":10},{"not_picked":["hermit:Vantage+1","hermit:BodyArmor+1"],"picked":"hermit:Glare+1","floor":14}],"player_experience":824019,"relics_obtained":[{"floor":2,"key":"Replay:Wax Seal"},{"floor":9,"key":"aspiration:TomeofQuesting"},{"floor":14,"key":"Toxic Egg 2"}],"event_choices":[{"damage_healed":0,"gold_gain":1,"player_choice":"1","damage_taken":0,"max_hp_gain":0,"max_hp_loss":0,"event_name":"betterStone:BetterStone","floor":6,"gold_loss":0}],"is_beta":false,"boss_relics":[],"items_purged_floors":[],"is_endless":false,"potions_floor_spawned":[4,5,8,14],"killed_by":"Slime Boss","ascension_level":3}}