{"host":"cvi30shpqg1ukvbr","time":1613283702,"event":{"mods":["Act Like it!","BaseMod","Better Altar","Better Match","Better Note","Better Sensory Stone","Better Skull","Better Third Choice","Conspire","GifTheSpireLib","Hubris","Infinite Spire","Minty Spire (QoL Compilation)","Relic Stats","Replay The Spire","Shop Mod","Spicy Shops","StSLib","Stuff the Spire"],"gold_per_floor":[110,110,110,33,45,45,63,63,63,89,104,121,121,2,2,107,107,124,139,154,173,173,206,206,223,273,306,34,34,66,81,81,181,181,200,215,232,332,332,332,364,364,364,364,41,41,52,83,83,83],"floor_reached":51,"language":"ENG","playtime":3800,"items_purged":["Strike_B","Strike_B"],"score":985,"play_id":"ef1285fe-05d9-486e-a41b-b1f33e782cb3","local_time":"20210214152142","is_ascension_mode":true,"campfire_choices":[{"data":"Coolheaded","floor":6,"key":"SMITH"},{"data":"Static Discharge","floor":8,"key":"SMITH"},{"data":"ReplayTheSpireMod:Calculation Training","floor":15,"key":"SMITH"},{"data":"Hologram","floor":24,"key":"SMITH"},{"floor":32,"key":"REST"},{"data":"Storm","floor":40,"key":"SMITH"},{"floor":42,"key":"REST"},{"floor":44,"key":"REST"},{"data":"conspire:SharedLibrary","floor":46,"key":"SMITH"},{"data":"Dualcast","floor":49,"key":"SMITH"}],"circlet_count":0,"master_deck":["Strike_B","Defend_B","Defend_B","Defend_B","Defend_B","Zap+1","Dualcast+1","Coolheaded+1","Conserve Battery","Cold Snap+1","Static Discharge+1","Melter","Conserve Battery","White Noise","ReplayTheSpireMod:Calculation Training+1","hubris:EnhanceAbility+1","Blizzard+1","Turbo","Echo Form","Hologram+1","BasicCrystalCard","ReplaySolidLightProjector","Consume+1","StuffTheSpire:Plugnplay+1","conspire:SharedLibrary+1","ReplayTheSpireMod:GoodbyeWorld","Cold Snap","Hyperbeam","StuffTheSpire:Coldhearted","Barrage","Meteor Strike","Storm+1","FTL+1","Hologram+1","Hologram+1","Reinforced Body+1","infinitespire:Gouge","StuffTheSpire:LoadUp","Sweeping Beam","Go for the Eyes","Hologram+1","Reinforced Body+1"],"relics":["Cracked Core","hubris:PeanutButter","Pocketwatch","hubris:RunicObelisk","ReplayTheSpireMod:Lightbulb","infinitespire:Freezer","Prayer Wheel","Gambling Chip","SacredBark","StoneCalendar","Bottled Tornado","infinitespire:CursedDice","StuffTheSpire:EmeraldSignet","Whetstone","Frozen Egg 2"],"acts_visited":["Exordium","TheCity","TheBeyond"],"potions_floor_usage":[16,20,20,27,30,33,33,36,38,50],"damage_taken":[{"damage":4,"enemies":"2 Louse","floor":1,"turns":3},{"damage":0,"enemies":"Cultist","floor":5,"turns":3},{"damage":3,"enemies":"Small Slimes","floor":7,"turns":3},{"damage":0,"enemies":"3 Sentries","floor":10,"turns":11},{"damage":0,"enemies":"Blue Slaver","floor":11,"turns":4},{"damage":0,"enemies":"Large Slime","floor":12,"turns":6},{"damage":0,"enemies":"Slime Boss","floor":16,"turns":10},{"damage":0,"enemies":"Chosen","floor":18,"turns":6},{"damage":18,"enemies":"conspire:FuzzyDice","floor":19,"turns":7},{"damage":5,"enemies":"3 Cultists","floor":20,"turns":4},{"damage":1,"enemies":"conspire:HollyBat","floor":21,"turns":5},{"damage":0,"enemies":"Replay:Snechameleon","floor":23,"turns":9},{"damage":3,"enemies":"Snake Plant","floor":25,"turns":4},{"damage":14,"enemies":"conspire:SneckoGhost","floor":27,"turns":9},{"damage":25,"enemies":"Slavers","floor":30,"turns":9},{"damage":0,"enemies":"Centurion and Healer","floor":31,"turns":6},{"damage":0,"enemies":"Automaton","floor":33,"turns":16},{"damage":26,"enemies":"Orb Walker","floor":35,"turns":4},{"damage":21,"enemies":"3 Darklings","floor":36,"turns":4},{"damage":0,"enemies":"Spire Growth","floor":37,"turns":5},{"damage":0,"enemies":"infinitespire:Three Voidlings","floor":38,"turns":5},{"damage":31,"enemies":"Nightmare_Alpha","floor":38,"turns":11},{"damage":24,"enemies":"Reptomancer","floor":41,"turns":9},{"damage":0,"enemies":"Maw","floor":47,"turns":7},{"damage":0,"enemies":"Nemesis","floor":48,"turns":7},{"damage":62,"enemies":"Awakened One","floor":50,"turns":15}],"seed_played":"-6431028379828490575","potions_obtained":[{"floor":1,"key":"Explosive Potion"},{"floor":7,"key":"Ancient Potion"},{"floor":11,"key":"Flashbang"},{"floor":16,"key":"Energy Potion"},{"floor":22,"key":"Block Potion"},{"floor":22,"key":"Flashbang"},{"floor":30,"key":"Dexterity Potion"},{"floor":31,"key":"Explosive Potion"},{"floor":33,"key":"Regen Potion"},{"floor":37,"key":"Reflective Coating"},{"floor":38,"key":"SkillPotion"}],"is_trial":false,"path_per_floor":["M","?","?","$","M","R","M","R","T","E","M","M","?","$","R","B",null,"M","M","M","M","?","E","R","M","T","E","$","?","E","M","R","B",null,"M","M","M","?","T","R","E","R","T","R","$","R","M","E","R","B",null],"character_chosen":"DEFECT","items_purchased":["Conserve Battery","Cold Snap","Blizzard","Turbo","ReplayTheSpireMod:Fabricate Wheel","ReplayTheSpireMod:GoodbyeWorld","Cold Snap","Whetstone"],"campfire_rested":3,"item_purchase_floors":[4,4,14,14,28,28,28,45],"current_hp_per_floor":[78,78,78,78,78,78,75,75,75,75,75,75,75,75,75,75,82,82,64,59,58,58,58,58,55,55,41,41,41,16,16,40,40,82,56,62,62,45,45,45,21,45,45,69,69,69,71,71,71,9],"gold":83,"neow_bonus":"TEN_PERCENT_HP_BONUS","is_daily":false,"chose_seed":false,"campfire_upgraded":7,"win_rate":0.0,"timestamp":1613283702,"path_taken":["M","?","?","$","?","R","M","R","T","E","M","M","?","$","R","BOSS","M","M","M","M","?","E","R","M","T","E","$","?","E","?","R","BOSS","M","M","M","?","?","R","E","R","T","R","$","R","M","E","R","BOSS"],"items_purchased_type":["Card","Card","Card","Card","Card","Card","Card","Relic"],"build_version":"2020-12-22","purchased_purges":2,"victory":true,"max_hp_per_floor":[82,82,82,82,82,82,82,82,82,82,82,82,82,82,82,82,82,82,82,82,82,82,82,82,82,82,82,82,82,82,82,82,82,82,82,82,82,82,82,82,82,82,82,82,82,82,82,82,82,82],"relic_stats":{"counters":[26,182],"Gambling Chip":[13],"Prayer Wheel":5,"StoneCalendar":[126],"Whetstone":["Cold Snap","Blizzard"],"obtain_stats":[{"infinitespire:CursedDice":41,"SacredBark":34,"StoneCalendar":38,"StuffTheSpire:EmeraldSignet":43,"Whetstone":45,"hubris:RunicObelisk":17,"Bottled Tornado":39,"Frozen Egg 2":48,"Gambling Chip":30,"hubris:PeanutButter":9,"Prayer Wheel":30,"Cracked Core":0,"ReplayTheSpireMod:Lightbulb":23,"Pocketwatch":10,"infinitespire:Freezer":27},{"infinitespire:CursedDice":23,"SacredBark":17,"StoneCalendar":22,"StuffTheSpire:EmeraldSignet":23,"Whetstone":23,"hubris:RunicObelisk":7,"Bottled Tornado":22,"Frozen Egg 2":25,"Gambling Chip":15,"hubris:PeanutButter":3,"Prayer Wheel":15,"Cracked Core":0,"ReplayTheSpireMod:Lightbulb":12,"Pocketwatch":4,"infinitespire:Freezer":14},{"infinitespire:CursedDice":153,"SacredBark":115,"StoneCalendar":144,"StuffTheSpire:EmeraldSignet":153,"Whetstone":153,"hubris:RunicObelisk":40,"Bottled Tornado":144,"Frozen Egg 2":167,"Gambling Chip":93,"hubris:PeanutButter":9,"Prayer Wheel":89,"Cracked Core":0,"ReplayTheSpireMod:Lightbulb":71,"Pocketwatch":20,"infinitespire:Freezer":84}],"Pocketwatch":[69]},"card_choices":[{"not_picked":["ReplayTheSpireMod:Reroute Power","Turbo"],"picked":"Coolheaded","floor":1},{"not_picked":["Gash","Panic Button"],"picked":"Static Discharge","floor":5},{"not_picked":["Lockon","Conserve Battery"],"picked":"Melter","floor":7},{"not_picked":["Gash","ReplayGash"],"picked":"Conserve Battery","floor":10},{"not_picked":["Rebound","StuffTheSpire:Plugnplay"],"picked":"White Noise","floor":11},{"not_picked":["Steam","Beam Cell"],"picked":"ReplayTheSpireMod:Calculation Training","floor":12},{"not_picked":["hubris:Prefetch","Fission"],"picked":"Echo Form","floor":16},{"not_picked":["Sweeping Beam","Chill"],"picked":"Hologram","floor":18},{"not_picked":["Streamline","Compile Driver","ReplayTheSpireMod:Reroute Power+1"],"picked":"SKIP","floor":19},{"not_picked":["Go for the Eyes","StuffTheSpire:EventHorizon"],"picked":"BasicCrystalCard","floor":20},{"not_picked":["Stack","Beam Cell"],"picked":"ReplaySolidLightProjector","floor":21},{"not_picked":["Leap+1","Hologram"],"picked":"Consume+1","floor":23},{"not_picked":["Rebound+1","StuffTheSpire:LoadUp"],"picked":"StuffTheSpire:Plugnplay+1","floor":25},{"not_picked":["StuffTheSpire:Coldhearted","StuffTheSpire:Plugnplay+1"],"picked":"conspire:SharedLibrary","floor":27},{"not_picked":["BasicCrystalCard","Conserve Battery"],"picked":"Hyperbeam","floor":30},{"not_picked":["White Noise","Panic Button+1"],"picked":"StuffTheSpire:Coldhearted","floor":31},{"not_picked":["Streamline","Fusion"],"picked":"Barrage","floor":31},{"not_picked":["hubris:SpecializedCircuitry","StuffTheSpire:ForEach"],"picked":"Meteor Strike","floor":33},{"not_picked":["Barrage","Turbo"],"picked":"Storm","floor":35},{"not_picked":["Go for the Eyes+1","Genetic Algorithm+1"],"picked":"FTL+1","floor":35},{"not_picked":["Go for the Eyes+1","Panic Button+1"],"picked":"Hologram+1","floor":36},{"not_picked":["Sweeping Beam","Gash+1"],"picked":"Hologram+1","floor":36},{"not_picked":["Time Bomb","Cold Snap+1"],"picked":"Reinforced Body+1","floor":37},{"not_picked":["Panic Button+1","StuffTheSpire:Plugnplay","Go for the Eyes+1"],"picked":"SKIP","floor":37},{"not_picked":["infinitespire:Punishment","ReplayTheSpireMod:Black Plague"],"picked":"infinitespire:Gouge","floor":38},{"not_picked":["Hyperbeam","Gash+1"],"picked":"StuffTheSpire:LoadUp","floor":38},{"not_picked":["StuffTheSpire:LoadUp","Auto Shields+1"],"picked":"Sweeping Beam","floor":41},{"not_picked":["FTL+1","Compile Driver"],"picked":"Go for the Eyes","floor":47},{"not_picked":["Turbo","Sweeping Beam"],"picked":"Hologram+1","floor":47},{"not_picked":["Compile Driver+1","StuffTheSpire:LoadUp"],"picked":"Reinforced Body+1","floor":48}],"player_experience":1842013,"relics_obtained":[{"floor":9,"key":"hubris:PeanutButter"},{"floor":10,"key":"Pocketwatch"},{"floor":23,"key":"ReplayTheSpireMod:Lightbulb"},{"floor":27,"key":"infinitespire:Freezer"},{"floor":30,"key":"Gambling Chip"},{"floor":38,"key":"StoneCalendar"},{"floor":39,"key":"Bottled Tornado"},{"floor":41,"key":"infinitespire:CursedDice"},{"floor":43,"key":"StuffTheSpire:EmeraldSignet"},{"floor":48,"key":"Frozen Egg 2"}],"event_choices":[{"cards_removed":["Strike_B"],"damage_healed":0,"gold_gain":0,"player_choice":"Purged","damage_taken":0,"max_hp_gain":0,"max_hp_loss":0,"event_name":"Purifier","floor":3,"gold_loss":0},{"damage_healed":0,"gold_gain":1,"player_choice":"4","damage_taken":0,"max_hp_gain":0,"max_hp_loss":0,"event_name":"betterStone:BetterStone","floor":13,"gold_loss":0,"cards_obtained":["hubris:EnhanceAbility"]},{"damage_healed":0,"gold_gain":0,"player_choice":"Got Potions","damage_taken":0,"max_hp_gain":0,"max_hp_loss":0,"event_name":"Lab","floor":22,"gold_loss":0},{"cards_removed":["hubris:EnhanceAbility"],"damage_healed":0,"gold_gain":0,"player_choice":"Give","damage_taken":0,"max_hp_gain":0,"max_hp_loss":0,"event_name":"betterNote:BetterNote","floor":29,"gold_loss":0,"cards_obtained":["None"]}],"is_beta":false,"boss_relics":[{"not_picked":["StuffTheSpire:Kangaroo","Ring of Chaos"],"picked":"hubris:RunicObelisk"},{"not_picked":["hubris:TerracottaHorce","infinitespire:Cupcake"],"picked":"SacredBark"}],"items_purged_floors":[45,45],"is_endless":false,"potions_floor_spawned":[1,7,11,16,18,25,30,31,33,37,38],"ascension_level":1}}