{"host":"2qv44oxt58ptq59r","time":1613316692,"event":{"mods":["AchievementEnabler","BaseMod","Colored Powertips","Highlight Path","Minty Spire (QoL Compilation)","Permanent Neow","StSLib"],"gold_per_floor":[115,128,0,11,11,37,2,2,2,20,53,53,78,88,88,186,186,206,206,206,218,143,143,169,169,169,169,196,211,211,224,224,321,321,334,23,23,23,73,73,100,100,123,146,169,197,197,237,237,237,237,237,19,57,57,57],"floor_reached":55,"language":"ENG","playtime":11233,"items_purged":[],"score":1073,"play_id":"6d67b797-d62e-49b7-adaf-f27d173095ee","local_time":"20210214153132","is_ascension_mode":true,"campfire_choices":[{"data":"Shockwave","floor":8.0,"key":"SMITH"},{"floor":15.0,"key":"REST"},{"floor":23.0,"key":"REST"},{"floor":27.0,"key":"REST"},{"floor":30.0,"key":"RECALL"},{"floor":32.0,"key":"REST"},{"data":"Spot Weakness","floor":40.0,"key":"SMITH"},{"data":"Metallicize","floor":42.0,"key":"SMITH"},{"floor":47.0,"key":"REST"},{"floor":49.0,"key":"REST"},{"data":"Reaper","floor":52.0,"key":"SMITH"}],"circlet_count":0,"master_deck":["Strike_R+1","Strike_R","Defend_R","Defend_R","Defend_R","Bash","Cleave","Shockwave+1","Thunderclap","Metallicize+1","Bloodletting","Spot Weakness+1","Heavy Blade","Rupture","Feed","Twin Strike+1","Blood for Blood+1","Flame Barrier","Shrug It Off","Bash","Intimidate","Juggernaut+1","Shrug It Off+1","Metallicize+1","Armaments+1","Thunderclap+1","Shockwave+1","Pommel Strike+1","Feel No Pain+1","Reaper+1","Fire Breathing+1","Bloodletting"],"relics":["Burning Blood","Torii","Incense Burner","Pantograph","Matryoshka","SlaversCollar","Whetstone","Ornamental Fan","Frozen Egg 2","Sundial","Empty Cage","Mummified Hand","CaptainsWheel","TungstenRod","CeramicFish","Eternal Feather","Bag of Marbles","Bottled Flame"],"acts_visited":["Exordium","TheCity","TheBeyond","TheEnding"],"potions_floor_usage":[55,55],"damage_taken":[{"damage":13.0,"enemies":"Jaw Worm","floor":1.0,"turns":4.0},{"damage":0.0,"enemies":"2 Louse","floor":2.0,"turns":3.0},{"damage":0.0,"enemies":"Small Slimes","floor":4.0,"turns":2.0},{"damage":34.0,"enemies":"3 Sentries","floor":6.0,"turns":8.0},{"damage":14.0,"enemies":"Red Slaver","floor":10.0,"turns":4.0},{"damage":20.0,"enemies":"Lagavulin","floor":11.0,"turns":9.0},{"damage":15.0,"enemies":"Gremlin Nob","floor":13.0,"turns":5.0},{"damage":13.0,"enemies":"Large Slime","floor":14.0,"turns":5.0},{"damage":18.0,"enemies":"Hexaghost","floor":16.0,"turns":9.0},{"damage":21.0,"enemies":"3 Byrds","floor":18.0,"turns":6.0},{"damage":26.0,"enemies":"Spheric Guardian","floor":21.0,"turns":5.0},{"damage":55.0,"enemies":"Slavers","floor":24.0,"turns":4.0},{"damage":7.0,"enemies":"Gremlin Leader","floor":28.0,"turns":5.0},{"damage":18.0,"enemies":"Snake Plant","floor":29.0,"turns":3.0},{"damage":26.0,"enemies":"Sentry and Sphere","floor":31.0,"turns":8.0},{"damage":84.0,"enemies":"Champ","floor":33.0,"turns":12.0},{"damage":59.0,"enemies":"Orb Walker","floor":35.0,"turns":7.0},{"damage":4.0,"enemies":"Mind Bloom Boss Battle","floor":39.0,"turns":8.0},{"damage":6.0,"enemies":"Nemesis","floor":41.0,"turns":7.0},{"damage":26.0,"enemies":"3 Shapes","floor":44.0,"turns":3.0},{"damage":7.0,"enemies":"Writhing Mass","floor":45.0,"turns":7.0},{"damage":31.0,"enemies":"3 Darklings","floor":46.0,"turns":6.0},{"damage":6.0,"enemies":"Reptomancer","floor":48.0,"turns":7.0},{"damage":59.0,"enemies":"Donu and Deca","floor":50.0,"turns":10.0},{"damage":50.0,"enemies":"Shield and Spear","floor":54.0,"turns":8.0},{"damage":134,"enemies":"The Heart","floor":55,"turns":14}],"seed_played":"5957786947186545369","potions_obtained":[{"floor":2.0,"key":"SteroidPotion"},{"floor":6.0,"key":"LiquidMemories"},{"floor":16.0,"key":"FairyPotion"},{"floor":21.0,"key":"SmokeBomb"},{"floor":28.0,"key":"BlessingOfTheForge"},{"floor":29.0,"key":"Ancient Potion"},{"floor":31.0,"key":"Ancient Potion"},{"floor":33.0,"key":"AttackPotion"},{"floor":41.0,"key":"FearPotion"},{"floor":45.0,"key":"Strength Potion"},{"floor":46.0,"key":"Fire Potion"},{"floor":48.0,"key":"SteroidPotion"},{"floor":54.0,"key":"SteroidPotion"}],"is_trial":false,"path_per_floor":["M","M","$","M","$","E","?","R","T","M","E","?","E","M","R","B",null,"M","?","?","M","?","R","E","?","T","R","E","M","R","M","R","B",null,"M","$","?","?","?","R","E","R","T","M","M","M","R","E","R","B",null,"R","$","E","B"],"character_chosen":"IRONCLAD","items_purchased":["Metallicize","BloodPotion","Mummified Hand","Metallicize+1","Bag of Marbles","Fire Breathing+1"],"campfire_rested":6,"item_purchase_floors":[3,3,36,36,53,53],"current_hp_per_floor":[65,71,71,77,77,49,69,69,69,61,47,47,38,31,55,68,77,65,65,49,46,46,72,23,23,23,49,51,43,43,26,55,35,82,29,29,29,29,59,59,59,59,59,42,45,24,57,57,108,89,106,112,112,83,0,0],"gold":57,"neow_bonus":"THREE_CARDS","is_daily":false,"chose_seed":false,"campfire_upgraded":4,"win_rate":0.0,"timestamp":1613316692,"path_taken":["M","M","$","M","$","E","?","R","T","M","E","?","E","M","R","BOSS","M","?","?","M","?","R","E","?","T","R","E","?","R","M","R","BOSS","M","$","?","?","?","R","E","R","T","M","M","M","R","E","R","BOSS","R","$","E","BOSS"],"items_purchased_type":["Card","Potion","Relic","Card","Relic","Card"],"build_version":"2020-12-22","purchased_purges":0,"victory":false,"max_hp_per_floor":[80,80,80,80,80,80,80,80,80,80,80,80,80,80,80,80,80,83,83,88,88,88,88,88,88,88,88,91,95,95,98,98,98,98,98,98,98,98,101,101,101,101,101,104,108,112,112,112,112,112,112,112,112,112,112,112],"card_choices":[{"not_picked":["Clothesline","Twin Strike"],"picked":"Cleave","floor":0.0},{"not_picked":["Armaments","Wild Strike"],"picked":"Shockwave","floor":1.0},{"not_picked":["Intimidate","Clash"],"picked":"Thunderclap","floor":2.0},{"not_picked":["Searing Blow","Anger","Twin Strike"],"picked":"SKIP","floor":4.0},{"not_picked":["Wild Strike","Second Wind","Clash"],"picked":"SKIP","floor":6.0},{"not_picked":["Evolve","Thunderclap"],"picked":"Bloodletting","floor":10.0},{"not_picked":["Rage","Body Slam"],"picked":"Spot Weakness","floor":11.0},{"not_picked":["Exhume","Rampage"],"picked":"Heavy Blade","floor":13.0},{"not_picked":["Carnage","Searing Blow"],"picked":"Rupture","floor":14.0},{"not_picked":["Immolate","Offering"],"picked":"Feed","floor":16.0},{"not_picked":["Clash+1","Cleave"],"picked":"Twin Strike+1","floor":18.0},{"not_picked":["Body Slam","Evolve"],"picked":"Blood for Blood","floor":21.0},{"not_picked":["Bludgeon","Pommel Strike"],"picked":"Flame Barrier","floor":24.0},{"not_picked":["Armaments","Wild Strike","Searing Blow"],"picked":"SKIP","floor":28.0},{"not_picked":["Cleave","Clash"],"picked":"Intimidate","floor":29.0},{"not_picked":["Armaments","Anger","Clash"],"picked":"SKIP","floor":31.0},{"not_picked":["Double Tap","Fiend Fire"],"picked":"Juggernaut+1","floor":33.0},{"not_picked":["Armaments+1","Twin Strike"],"picked":"Shrug It Off+1","floor":35.0},{"not_picked":["Anger+1","Twin Strike"],"picked":"Armaments+1","floor":39.0},{"not_picked":["Berserk+1","Shrug It Off"],"picked":"Thunderclap+1","floor":41.0},{"not_picked":["Heavy Blade","True Grit"],"picked":"Shockwave+1","floor":44.0},{"not_picked":["Havoc","Twin Strike"],"picked":"Pommel Strike+1","floor":45.0},{"not_picked":["True Grit","Sever Soul"],"picked":"Feel No Pain+1","floor":46.0},{"not_picked":["Rampage+1","Hemokinesis"],"picked":"Reaper","floor":48.0},{"not_picked":["True Grit","Thunderclap+1"],"picked":"Bloodletting","floor":54.0}],"player_experience":5725314,"relics_obtained":[{"floor":6.0,"key":"Torii"},{"floor":9.0,"key":"Incense Burner"},{"floor":11.0,"key":"Pantograph"},{"floor":13.0,"key":"Matryoshka"},{"floor":24.0,"key":"Whetstone"},{"floor":26.0,"key":"Ornamental Fan"},{"floor":26.0,"key":"Frozen Egg 2"},{"floor":28.0,"key":"Sundial"},{"floor":39.0,"key":"CaptainsWheel"},{"floor":41.0,"key":"TungstenRod"},{"floor":43.0,"key":"CeramicFish"},{"floor":48.0,"key":"Eternal Feather"},{"floor":54.0,"key":"Bottled Flame"}],"event_choices":[{"damage_healed":20.0,"max_hp_gain":0.0,"max_hp_loss":0.0,"gold_gain":0.0,"event_name":"The Cleric","player_choice":"Healed","floor":7.0,"gold_loss":35.0,"damage_taken":0.0},{"damage_healed":0.0,"max_hp_gain":0.0,"max_hp_loss":0.0,"gold_gain":0.0,"event_name":"Dead Adventurer","player_choice":"Searched \u00270\u0027 times","floor":12.0,"gold_loss":0.0,"damage_taken":0.0},{"damage_healed":0.0,"max_hp_gain":0.0,"max_hp_loss":0.0,"gold_gain":0.0,"event_name":"Ghosts","player_choice":"Ignored","floor":19.0,"gold_loss":0.0,"damage_taken":0.0},{"damage_healed":0.0,"max_hp_gain":5.0,"max_hp_loss":0.0,"gold_gain":0.0,"event_name":"Forgotten Altar","player_choice":"Shed Blood","floor":20.0,"gold_loss":0.0,"damage_taken":21.0},{"cards_removed":["Strike_R"],"damage_healed":0.0,"max_hp_gain":0.0,"max_hp_loss":0.0,"gold_gain":0.0,"event_name":"Beggar","player_choice":"Gave Gold","floor":22.0,"gold_loss":75.0,"damage_taken":0.0},{"damage_healed":0.0,"max_hp_gain":0.0,"max_hp_loss":0.0,"gold_gain":0.0,"event_name":"Match and Keep!","player_choice":"2 cards matched","floor":25.0,"gold_loss":0.0,"damage_taken":0.0,"cards_obtained":["Shrug It Off","Bash"]},{"cards_removed":["Defend_R"],"damage_healed":0.0,"max_hp_gain":0.0,"max_hp_loss":0.0,"gold_gain":0.0,"event_name":"Falling","player_choice":"Removed Skill","floor":37.0,"gold_loss":0.0,"damage_taken":0.0},{"damage_healed":0.0,"max_hp_gain":0.0,"max_hp_loss":0.0,"gold_gain":0.0,"event_name":"The Moai Head","player_choice":"Ignored","floor":38.0,"gold_loss":0.0,"damage_taken":0.0},{"damage_healed":0.0,"max_hp_gain":0.0,"max_hp_loss":0.0,"gold_gain":0.0,"event_name":"MindBloom","player_choice":"Fight","floor":39.0,"gold_loss":0.0,"damage_taken":0.0}],"is_beta":false,"boss_relics":[{"not_picked":["Runic Dome","Black Blood"],"picked":"SlaversCollar"},{"not_picked":["Mark of Pain","Philosopher\u0027s Stone"],"picked":"Empty Cage"}],"items_purged_floors":[],"is_endless":false,"potions_floor_spawned":[2,6,16,21,28,29,31,33,41,45,46,48,54],"killed_by":"The Heart","ascension_level":8}}