{"host":"5lhqv34qsybwndcz","time":1613307909,"event":{"mods":["AchievementEnabler","BaseMod","Colored Map","Colored Powertips","Downfall","Minty Spire (QoL Compilation)","Quick Restart","Replay The Spire","StSLib"],"gold_per_floor":[114,88,88,100,100,134,161,190,216,216,238,1,18,65,65,174,174,199,226,226,257,257,257,282,305,350,350,350,374,374,397,397,516,516,546,575,575,18,36,36],"floor_reached":39,"language":"ENG","playtime":1659,"items_purged":[],"score":460,"play_id":"f79e07ed-ff0b-47af-bce3-c0520ee1b4eb","local_time":"20210214150509","is_ascension_mode":false,"campfire_choices":[{"data":"Heavy Blade","floor":10,"key":"SMITH"},{"floor":15,"key":"REST"},{"data":"Demon Form","floor":23,"key":"SMITH"},{"floor":30,"key":"REST"},{"data":"Heavy Blade","floor":32,"key":"SMITH"}],"circlet_count":0,"master_deck":["Defend_R","Defend_R+1","Defend_R","Defend_R","Bash","Thunderclap","Shrug It Off","Run Through","Hemogenesis","Heavy Blade+1","Dual Wield","Heavy Blade","Demon Form+1","Flex","Heavy Blade","Inflame","Rampage","Hemogenesis","Intimidate","Clothesline","Slimebound:Tackle+1","Slimebound:Tackle+1","Slimebound:Tackle+1","Heavy Blade+1","Shrug It Off","Havoc+1","Run Through","Thunderclap","Demon Form","Hallucinations","Clumsy","CurseOfTheBell","Armaments+1","Headbutt","Madness","Madness","Apotheosis"],"relics":["Velvet Choker","ReplayTheSpireMod:TigerMarble","Replay:Bandana","PreservedInsect","Philosopher\u0027s Stone","Toy Ornithopter","Replay:Ancient Bell","Gremlin Food","White Beast Statue","FossilizedHelix","Red Skull","Replay:Bottled Flurry"],"acts_visited":["Exordium","TheCity","TheBeyond"],"potions_floor_usage":[16,16,18,19,21,33,33,33,39],"damage_taken":[{"damage":1,"enemies":"Cultist","floor":1,"turns":4},{"damage":0,"enemies":"Small Slimes","floor":4,"turns":3},{"damage":7,"enemies":"3 Sentries","floor":6,"turns":9},{"damage":0,"enemies":"Jaw Worm","floor":7,"turns":3},{"damage":4,"enemies":"2 Fungi Beasts","floor":8,"turns":3},{"damage":8,"enemies":"Exordium Thugs","floor":11,"turns":4},{"damage":2,"enemies":"Looter","floor":13,"turns":2},{"damage":26,"enemies":"Fading Forest","floor":16,"turns":11},{"damage":6,"enemies":"Spheric Guardian","floor":18,"turns":3},{"damage":9,"enemies":"Chosen","floor":19,"turns":5},{"damage":3,"enemies":"3 Cultists","floor":21,"turns":4},{"damage":13,"enemies":"Cultist and Chosen","floor":24,"turns":4},{"damage":18,"enemies":"Snake Plant","floor":25,"turns":3},{"damage":23,"enemies":"Centurion and Healer","floor":29,"turns":5},{"damage":20,"enemies":"Chosen and Byrds","floor":31,"turns":5},{"damage":86,"enemies":"Automaton","floor":33,"turns":7},{"damage":37,"enemies":"3 Shapes","floor":35,"turns":5},{"damage":32,"enemies":"Orb Walker","floor":36,"turns":4},{"damage":18,"enemies":"Maw","floor":39,"turns":4}],"seed_played":"-4594225364979739316","potions_obtained":[{"floor":6,"key":"LiquidBronze"},{"floor":7,"key":"GamblersBrew"},{"floor":14,"key":"AttackPotion"},{"floor":14,"key":"Strength Potion"},{"floor":16,"key":"SkillPotion"},{"floor":18,"key":"Doom Potion"},{"floor":29,"key":"FearPotion"},{"floor":31,"key":"SteroidPotion"},{"floor":35,"key":"LiquidBronze"},{"floor":36,"key":"SmokeBomb"}],"is_trial":false,"path_per_floor":["M","$","?","M","?","E","M","M","T","R","M","$","M","?","R","B",null,"M","M","?","M","?","R","M","M","T","?","?","M","R","M","R","B",null,"M","M","?","$","M"],"character_chosen":"IRONCLAD","items_purchased":["Shrug It Off","Demon Form","Flex","Heavy Blade","Red Skull","Replay:Bottled Flurry","Apotheosis"],"campfire_rested":2,"item_purchase_floors":[2,12,12,12,38,38,38],"current_hp_per_floor":[79,79,79,79,67,60,65,66,66,66,66,66,64,31,55,39,83,77,74,74,76,67,67,59,41,41,68,68,55,79,67,67,1,83,53,21,11,11,0,0],"gold":36,"neow_bonus":"BOSS_RELIC","is_daily":false,"chose_seed":false,"campfire_upgraded":3,"win_rate":0.0,"timestamp":1613307909,"path_taken":["M","$","?","M","?","E","M","M","T","R","M","$","M","?","R","BOSS","M","M","?","M","?","R","M","?","T","?","?","?","R","M","R","BOSS","M","?","?","$","M"],"items_purchased_type":["Card","Card","Card","Card","Relic","Relic","Card"],"build_version":"2020-12-22","purchased_purges":0,"victory":false,"max_hp_per_floor":[80,80,80,80,80,80,80,80,80,80,83,83,83,83,83,83,83,83,83,83,83,83,83,83,83,83,83,83,83,83,83,83,83,83,83,83,83,83,83,83],"card_choices":[{"not_picked":["Sword Boomerang","Clash"],"picked":"Thunderclap","floor":1},{"not_picked":["Replay:Undeath\u0027s Touch","Seeing Red"],"picked":"Run Through","floor":4},{"not_picked":["Clothesline","Sword Boomerang"],"picked":"Hemogenesis","floor":6},{"not_picked":["Headbutt","Carnage"],"picked":"Heavy Blade","floor":7},{"not_picked":["Wild Strike","Sword Boomerang"],"picked":"Dual Wield","floor":8},{"not_picked":["Thunderclap","Twin Strike"],"picked":"Heavy Blade","floor":11},{"not_picked":["ReplayTheSpireMod:Strike From Hell","Heavy Blade"],"picked":"Inflame","floor":13},{"not_picked":["Iron Wave","True Grit"],"picked":"Rampage","floor":14},{"not_picked":["Berserk","Replay:Many Hands"],"picked":"Hemogenesis","floor":16},{"not_picked":["Warcry+1","Thunderclap"],"picked":"Intimidate","floor":18},{"not_picked":["Replay:Undeath\u0027s Touch","Second Wind"],"picked":"Clothesline","floor":19},{"not_picked":["ReplayReversal","Replay:Undeath\u0027s Touch+1"],"picked":"Heavy Blade","floor":21},{"not_picked":["Anger","True Grit+1"],"picked":"Shrug It Off","floor":24},{"not_picked":["ReplayTheSpireMod:Corrosion Curse","Clash"],"picked":"Havoc+1","floor":25},{"not_picked":["Body Slam","Sword Boomerang"],"picked":"Run Through","floor":29},{"not_picked":["Clash","Clothesline"],"picked":"Thunderclap","floor":31},{"not_picked":["Fiend Fire","Double Tap"],"picked":"Demon Form","floor":33},{"not_picked":["downfall:Aged","Doubt"],"picked":"Hallucinations","floor":34},{"not_picked":["Overencumbered","Doubt"],"picked":"Clumsy","floor":34},{"not_picked":["Looming Evil","Languid"],"picked":"CurseOfTheBell","floor":34},{"not_picked":["Sword Boomerang+1","Havoc"],"picked":"Armaments+1","floor":35},{"not_picked":["Thunderclap","Twin Strike"],"picked":"Headbutt","floor":36}],"player_experience":68482,"relics_obtained":[{"floor":6,"key":"Replay:Bandana"},{"floor":9,"key":"PreservedInsect"},{"floor":26,"key":"Toy Ornithopter"}],"event_choices":[{"damage_healed":0,"gold_gain":0,"player_choice":"Success","damage_taken":12,"relics_obtained":["ReplayTheSpireMod:TigerMarble"],"max_hp_gain":0,"max_hp_loss":0,"event_name":"Scrap Ooze","floor":5,"gold_loss":0},{"damage_healed":0,"gold_gain":0,"player_choice":"Stopped","damage_taken":9,"max_hp_gain":0,"max_hp_loss":0,"event_name":"Cursed Tome","floor":22,"gold_loss":0},{"damage_healed":27,"gold_gain":0,"player_choice":"Heal","damage_taken":0,"max_hp_gain":0,"max_hp_loss":0,"event_name":"The Library","floor":27,"gold_loss":0},{"damage_healed":0,"gold_gain":0,"player_choice":"Ignored","damage_taken":0,"max_hp_gain":0,"max_hp_loss":0,"event_name":"N\u0027loth","floor":28,"gold_loss":0},{"damage_healed":0,"gold_gain":0,"player_choice":"Embrace Madness","damage_taken":10,"max_hp_gain":0,"max_hp_loss":0,"event_name":"Winding Halls","floor":37,"gold_loss":0,"cards_obtained":["Madness","Madness"]}],"is_beta":false,"boss_relics":[{"not_picked":["Runic Pyramid","ReplayTheSpireMod:DimensionalGlitch"],"picked":"Philosopher\u0027s Stone"},{"not_picked":["ChewingGum","Replay:Grab Bag"],"picked":"Replay:Ancient Bell"},{"not_picked":["ReplayTheSpireMod:Spearhead","Blue Doll"],"picked":"Gremlin Food"},{"not_picked":["Chameleon Ring","Mercury Hourglass"],"picked":"White Beast Statue"},{"not_picked":["Shovel","Replay:PocketPolymizer"],"picked":"FossilizedHelix"}],"items_purged_floors":[],"is_endless":false,"potions_floor_spawned":[6,7,16,18,29,31,35,36],"killed_by":"Maw","ascension_level":0}}