{"host":"q5l3nirlejh5mn15","time":1613282084,"event":{"mods":["BaseMod","Bossed Relics","Downfall","Energized Spire","FoggyMod","Hermit","Koishi","Lobotomy","LobotomyExtend","Marisa£®ÏF”Í°°ƒß¿Ì…≥£©","Minty Spire (QoL Compilation)","MostiFishMod","Reimu£®≤©¿ˆ¡È√Œ£©","Relic Filter Mod","Reliquary","Remilia£®¿Ÿ√◊¿Ú—«£©","RumiaBox-¬∂√◊Ê´µƒ…Ò√ÿ∫–◊”","Spicy Shops","StSLib","TestMod","The Hierophant","The Servant 0.9.4","UnlockEverythingMod","°æπ¶ƒ‹Mod°øªÏ„Á÷Æª∑–ﬁ∏¥≤π∂°","°æ“≈ŒÔø®≈∆°øREMEMod"],"gold_per_floor":[112,287,287,299,74,109,128,152,222,11,11,11,11,37,37,140,140,150,75,75,88,111,111,145,145,171,171,22,140,176,176,176,243,243,243,243],"floor_reached":35,"language":"ZHS","playtime":1515,"items_purged":[],"score":495,"play_id":"3ac5f4cf-601a-4052-8ac6-eaf2b67710b6","local_time":"20210214135444","is_ascension_mode":false,"campfire_choices":[{"data":"NB:ReiMu","floor":13,"key":"SMITH"},{"floor":15,"key":"REST"},{"data":"KamiRite:ReiMu","floor":23,"key":"SMITH"},{"floor":25,"key":"REST"},{"floor":32,"key":"REST"}],"circlet_count":0,"master_deck":["Strike_Lin:ReiMu","Strike_Lin:ReiMu","Defend_Lin:ReiMu","Defend_Lin:ReiMu","Defend_Lin:ReiMu","Defend_Lin:ReiMu","NB:ReiMu+1","Stagnation:ReiMu+1","TreasureHunter+1","FoulBorder2:ReiMu+1","Murderer","Doubt","Dazed","VoidDream","Shading:ReiMu+1","LaLuna","FineLineFantasy:ReiMu+1","FineLineFantasy:ReiMu+1","EmergencyTakeOff:ReiMu","FieryBird","KamiRite:ReiMu+1","HappyTeddy","Woodsman","RainPray2:ReiMu","OSAHOGD","SubcavityInstant:ReiMu","Normality","Amulet:ReiMu","Freischutz","Wellcheers","SealNeedle:ReiMu","Amulet:ReiMu+1","Alriune","BigBird","SubcavityFantasy:ReiMu"],"relics":["FlyPower:ReiMu","DaveBox","testmod-TestBox","REME_ComplimentaryCards","ImprovedEquipment","testmod-GiftOfSatan","CogitoBucket","SynthV:TestCard","LetterFromLob","Tiny Chest","Pen Nib","Omamori","testmod-Justice","Technique","LaetitiaHeart","Unceasing Top","Bag of Preparation","GodSword6","RedLine:ReiMu","FleshIdol","reliquary:PartyBalloon","testmod-Laevatain","CeramicFish","Juzu Bracelet","reliquary:IridiumChain","BionicSphere","Oddly Smooth Stone","reliquary:RoseTintedGlasses","reliquary:QuartzCube","ArrowTower","JellyFishMachine"],"acts_visited":["Exordium","TheCity","TheBeyond"],"potions_floor_usage":[21,29],"damage_taken":[{"damage":0,"enemies":"Cultist","floor":1,"turns":4},{"damage":7,"enemies":"Jaw Worm","floor":4,"turns":3},{"damage":15,"enemies":"Gremlin Nob","floor":6,"turns":4},{"damage":0,"enemies":"Small Slimes","floor":7,"turns":2},{"damage":0,"enemies":"Gremlin Nob","floor":11,"turns":1},{"damage":33,"enemies":"3 Sentries","floor":14,"turns":8},{"damage":18,"enemies":"Slime Boss","floor":16,"turns":6},{"damage":27,"enemies":"2 Thieves","floor":18,"turns":6},{"damage":0,"enemies":"Spheric Guardian","floor":21,"turns":2},{"damage":35,"enemies":"Book of Stabbing","floor":24,"turns":5},{"damage":0,"enemies":"Colosseum Slavers","floor":29,"turns":2},{"damage":21,"enemies":"Colosseum Nobs","floor":29,"turns":4},{"damage":48,"enemies":"Gremlin Leader","floor":30,"turns":4},{"damage":43,"enemies":"Automaton","floor":33,"turns":6},{"damage":88,"enemies":"3 Shapes","floor":35,"turns":4}],"seed_played":"-7621210629396309398","potions_obtained":[{"floor":1,"key":"EssenceOfSteel"},{"floor":4,"key":"champ:CounterPotion"},{"floor":16,"key":"REME_GoldPotion"},{"floor":24,"key":"Fire Potion"}],"is_trial":false,"path_per_floor":["M","?","?","M","$","E","M","T","T","$","?","T","R","E","R","B",null,"M","?","?","M","T","R","E","R","T","?","$","?","E","T","R","B",null,"M"],"character_chosen":"REIMU","items_purchased":["Tiny Chest","Pen Nib","Technique","FineLineFantasy:ReiMu","Juzu Bracelet"],"campfire_rested":3,"item_purchase_floors":[5,5,10,10,28],"current_hp_per_floor":[65,65,52,57,57,48,54,54,54,54,57,57,57,32,51,42,70,61,61,66,70,70,70,41,62,62,62,62,55,34,34,55,56,70,0,0],"gold":243,"neow_bonus":"","is_daily":false,"chose_seed":false,"campfire_upgraded":2,"win_rate":0.0,"timestamp":1613282084,"path_taken":["M","?","?","?","?","E","?","?","T","$","?","?","R","E","R","BOSS","M","?","?","?","?","R","E","R","T","?","?","?","E","?","R","BOSS","M"],"items_purchased_type":["Relic","Relic","Relic","Card","Relic"],"build_version":"2020-12-22","purchased_purges":0,"victory":false,"max_hp_per_floor":[65,65,65,65,65,65,65,65,65,65,65,65,65,65,65,70,70,70,70,70,70,70,70,70,70,70,70,70,70,70,70,70,70,70,70,70],"card_choices":[{"not_picked":["LovePray:ReiMu","SpringWay:ReiMu"],"picked":"FoulBorder2:ReiMu","floor":1},{"not_picked":["MeatLantern","CrumblingArmor"],"picked":"Murderer","floor":1},{"not_picked":["KamiSacrifice:ReiMu","AlertArray:ReiMu","SpiritualOutbreak2:ReiMu","TakeOff:ReiMu"],"picked":"OctopathBindingBorder2:ReiMu","floor":4},{"not_picked":["UniverseFragment","Yin","CrumblingArmor"],"picked":"Singing Bowl","floor":4},{"not_picked":["MeatLantern","Wellcheers"],"picked":"VoidDream","floor":4},{"not_picked":["AirStrike:ReiMu","CollectionFlower2:ReiMu","InherentArray:ReiMu","MountainWay:ReiMu"],"picked":"Shading:ReiMu","floor":6},{"not_picked":["Scorched","PunishingBird"],"picked":"BigBadWolf","floor":6},{"not_picked":["SingingMachine","Wellcheers"],"picked":"LaLuna","floor":7},{"not_picked":["AlertArray:ReiMu","SpreadBorder2:ReiMu","TightArray:ReiMu","Crusade:ReiMu"],"picked":"FineLineFantasy:ReiMu","floor":7},{"not_picked":["YinYangSign:ReiMu","FineLineFantasy:ReiMu","ShadowOfCrow2:ReiMu","ForcedLanding:ReiMu"],"picked":"EmergencyTakeOff:ReiMu","floor":14},{"not_picked":["NakedNest","WhitesApple"],"picked":"FieryBird","floor":14},{"not_picked":["DependentForm:ReiMu","BlastKick2:ReiMu","Free:ReiMu","OctopathSalyBorderN:ReiMu"],"picked":"KamiRite:ReiMu","floor":16},{"not_picked":["MHz","BeautyBeast"],"picked":"HappyTeddy","floor":16},{"not_picked":["Wellcheers","DespairKnight"],"picked":"Woodsman","floor":18},{"not_picked":["Meditation:ReiMu","WonderfulDomain:ReiMu","LearningPray:ReiMu","SpiritualOutbreak2:ReiMu"],"picked":"RainPray2:ReiMu","floor":18},{"not_picked":["QueenBee","LittleHelper"],"picked":"OSAHOGD","floor":21},{"not_picked":["Enchanting:ReiMu+1","Revelation:ReiMu","TakeOff:ReiMu","Intuition:ReiMu"],"picked":"SubcavityInstant:ReiMu","floor":21},{"not_picked":["Conquer:ReiMu","OrbThrow:ReiMu","SpringWay:ReiMu","Meditation:ReiMu"],"picked":"Amulet:ReiMu","floor":24},{"not_picked":["WhitesApple","GreedKing"],"picked":"Freischutz","floor":24},{"not_picked":["NakedNest","WallGazer"],"picked":"Wellcheers","floor":29},{"not_picked":["AlertArray:ReiMu","SubAcupoint:ReiMu+1","Conquer:ReiMu","Shading:ReiMu"],"picked":"SealNeedle:ReiMu","floor":29},{"not_picked":["CareerPray:ReiMu","PassingAway:ReiMu","PrepareRite:ReiMu","AirStrike:ReiMu"],"picked":"Amulet:ReiMu+1","floor":30},{"not_picked":["LittlePrince","SingingMachine"],"picked":"Alriune","floor":30},{"not_picked":["BigBadWolf","PlagueDoctor"],"picked":"BigBird","floor":33},{"not_picked":["RunawayExorcism:ReiMu","DependentForm:ReiMu","HakureiPhantom:ReiMu","OctopathSalyBorderN:ReiMu"],"picked":"SubcavityFantasy:ReiMu","floor":33}],"player_experience":264244,"relics_obtained":[{"floor":1,"key":"SynthV:TestCard"},{"floor":1,"key":"LetterFromLob"},{"floor":6,"key":"Omamori"},{"floor":9,"key":"testmod-Justice"},{"floor":12,"key":"Unceasing Top"},{"floor":14,"key":"Bag of Preparation"},{"floor":14,"key":"GodSword6"},{"floor":22,"key":"reliquary:PartyBalloon"},{"floor":24,"key":"testmod-Laevatain"},{"floor":26,"key":"CeramicFish"},{"floor":29,"key":"reliquary:IridiumChain"},{"floor":29,"key":"BionicSphere"},{"floor":29,"key":"Oddly Smooth Stone"},{"floor":30,"key":"reliquary:RoseTintedGlasses"},{"floor":31,"key":"reliquary:QuartzCube"},{"floor":33,"key":"ArrowTower"}],"event_choices":[{"damage_healed":0,"gold_gain":175,"player_choice":"AGREE","damage_taken":0,"max_hp_gain":0,"max_hp_loss":0,"event_name":"Liars Game","floor":2,"gold_loss":0,"cards_obtained":["Doubt"]},{"damage_healed":0,"gold_gain":0,"player_choice":"Entered Light","damage_taken":13,"max_hp_gain":0,"max_hp_loss":0,"event_name":"Shining Light","floor":3,"gold_loss":0,"cards_upgraded":["TreasureHunter","Stagnation:ReiMu"]},{"damage_healed":0,"gold_gain":0,"player_choice":"Searched \u00271\u0027 times","damage_taken":0,"max_hp_gain":0,"max_hp_loss":0,"event_name":"Dead Adventurer","floor":11,"gold_loss":0},{"cards_removed":["Strike_Lin:ReiMu"],"damage_healed":0,"gold_gain":0,"player_choice":"Gave Gold","damage_taken":0,"max_hp_gain":0,"max_hp_loss":0,"event_name":"Beggar","floor":19,"gold_loss":75},{"cards_removed":["BigBadWolf"],"damage_healed":5,"gold_gain":0,"player_choice":"Offered Special","damage_taken":0,"max_hp_gain":0,"max_hp_loss":0,"event_name":"Bonfire Elementals","floor":20,"gold_loss":0},{"damage_healed":0,"gold_gain":0,"player_choice":"Ignored","damage_taken":0,"max_hp_gain":0,"max_hp_loss":0,"event_name":"Ghosts","floor":27,"gold_loss":0},{"damage_healed":0,"gold_gain":0,"player_choice":"Fight","damage_taken":0,"max_hp_gain":0,"max_hp_loss":0,"event_name":"Colosseum","floor":29,"gold_loss":0},{"damage_healed":0,"gold_gain":0,"player_choice":"Fought Nobs","damage_taken":0,"max_hp_gain":0,"max_hp_loss":0,"event_name":"Colosseum","floor":29,"gold_loss":0}],"is_beta":false,"boss_relics":[{"not_picked":["testmod-PortableAltar","testmod-HarvestTotem"],"picked":"RedLine:ReiMu"},{"not_picked":["SlaversCollar","Runic Pyramid"],"picked":"JellyFishMachine"}],"items_purged_floors":[],"is_endless":false,"potions_floor_spawned":[1,4,11,16,21,24],"killed_by":"3 Shapes","ascension_level":0}}