{"host":"lw59ann91yhh6pk4","time":1613303044,"event":{"mods":["Act Like it!","BaseMod","Colored Map","Colored Powertips","Downfall","Duelist Mod","GifTheSpireLib","Hermit","MarisaÅiñ∂âJÅ@ñÇóùçπÅj","Minty Spire (QoL Compilation)","StSLib","The Animator","The Bug Knight","The Construct","The Cursed","The Disciple","The Hierophant","The Jungle","The Necromancer","The Runesmith","The Servant 0.9.4","slay the spire mod where everything is the same but ironclad has a cowboy hat"],"gold_per_floor":[109,34,49,49,49,74,74,94,94,127,45,45,59,59,59,39,39],"floor_reached":16,"language":"ENG","playtime":819,"items_purged":["hierophant:Defend_Hierophant"],"score":133,"play_id":"8e3d6dec-aaa0-4ddf-93a4-2a646f9964f5","local_time":"20210214124404","is_ascension_mode":false,"campfire_choices":[{"data":"hierophant:Sermon","floor":12,"key":"SMITH"},{"data":"hierophant:Chorus","floor":15,"key":"SMITH"}],"circlet_count":0,"master_deck":["hierophant:Strike_Hierophant","hierophant:Strike_Hierophant","hierophant:Strike_Hierophant","hierophant:Strike_Hierophant","hierophant:Punish","hierophant:Defend_Hierophant","hierophant:Defend_Hierophant","hierophant:Defend_Hierophant","hierophant:ChurchCoffers","hierophant:FieryStrike+1","hierophant:Sermon+1","hierophant:Chorus+1","hierophant:HammerAndAnvil","hierophant:Blessing"],"relics":["hierophant:PropheticMaskRelic","NeowsBlessing","Bottled Flame","HornCleat","MawBank","Golden Idol"],"acts_visited":["Exordium"],"potions_floor_usage":[10,16,16,16],"damage_taken":[{"damage":0,"enemies":"Jaw Worm","floor":1,"turns":1},{"damage":0,"enemies":"2 Louse","floor":3,"turns":1},{"damage":0,"enemies":"3 Sentries","floor":6,"turns":1},{"damage":0,"enemies":"Small Slimes","floor":8,"turns":2},{"damage":1,"enemies":"Gremlin Nob","floor":10,"turns":4},{"damage":7,"enemies":"Looter","floor":13,"turns":4},{"damage":58,"enemies":"The Guardian","floor":16,"turns":14}],"seed_played":"284365587771352276","potions_obtained":[{"floor":3,"key":"SkillPotion"},{"floor":10,"key":"FearPotion"},{"floor":13,"key":"Guardian:BlockOnCardUsePotion"}],"is_trial":false,"path_per_floor":["M","$","M","?","$","E","T","M","T","E","$","R","M","?","R","B"],"character_chosen":"HIEROPHANT","items_purchased":["hierophant:HammerAndAnvil","SkillPotion"],"campfire_rested":0,"item_purchase_floors":[11,11],"current_hp_per_floor":[75,75,75,75,75,75,75,75,75,74,74,74,67,49,49,0,0],"gold":39,"neow_bonus":"THREE_ENEMY_KILL","is_daily":false,"chose_seed":false,"campfire_upgraded":2,"win_rate":0.0,"timestamp":1613303044,"path_taken":["M","$","M","?","$","E","?","M","T","E","$","R","M","?","R","BOSS"],"items_purchased_type":["Card","Potion"],"build_version":"2020-12-22","purchased_purges":1,"victory":false,"max_hp_per_floor":[75,75,75,75,75,75,75,75,75,75,75,75,75,75,75,75,75],"card_choices":[{"not_picked":["hierophant:OrnateBuckler","hierophant:Doubloon"],"picked":"hierophant:FieryStrike","floor":1},{"not_picked":["hierophant:AuricShield","hierophant:Smite","hierophant:FlamingChariot"],"picked":"SKIP","floor":3},{"not_picked":["hierophant:Zeal","hierophant:Embezzle","hierophant:Upheaval"],"picked":"SKIP","floor":6},{"not_picked":["hierophant:Doubloon","hierophant:MorningPrayer"],"picked":"hierophant:Sermon","floor":8},{"not_picked":["hierophant:PassingBell","hierophant:Doomsaying"],"picked":"hierophant:Chorus","floor":10},{"not_picked":["hierophant:Encroach","hierophant:PristineSoul"],"picked":"hierophant:Blessing","floor":13}],"player_experience":125381,"relics_obtained":[{"floor":6,"key":"Bottled Flame"},{"floor":7,"key":"HornCleat"},{"floor":10,"key":"MawBank"}],"event_choices":[{"damage_healed":0,"gold_gain":0,"player_choice":"Grow","damage_taken":0,"max_hp_gain":0,"max_hp_loss":0,"event_name":"Living Wall","floor":4,"gold_loss":0,"cards_upgraded":["hierophant:FieryStrike"]},{"damage_healed":0,"gold_gain":0,"player_choice":"Take Damage","damage_taken":18,"relics_obtained":["Golden Idol"],"max_hp_gain":0,"max_hp_loss":0,"event_name":"Golden Idol","floor":14,"gold_loss":0}],"is_beta":false,"boss_relics":[],"items_purged_floors":[2],"is_endless":false,"potions_floor_spawned":[3,10,13],"killed_by":"The Guardian","ascension_level":0}}