{"host":"9n6i2vl93jt4o42q","time":1613339261,"event":{"mods":["BaseMod","Minty Spire (QoL Compilation)","Relic Stats"],"gold_per_floor":[217,217,3,3,0,0,31,31,78,89,89,107,107,107],"floor_reached":13,"language":"ENG","playtime":437,"items_purged":["Defend_G"],"score":162,"play_id":"45412343-ca6a-4207-a54e-152c91d236c2","local_time":"20210214224741","is_ascension_mode":true,"campfire_choices":[{"data":"Neutralize","floor":6,"key":"SMITH"},{"floor":8,"key":"REST"}],"circlet_count":0,"master_deck":["AscendersBane","Strike_G","Strike_G","Strike_G","Strike_G","Defend_G+1","Defend_G+1","Defend_G+1","Defend_G","Survivor","Neutralize+1","Deadly Poison+1","Leg Sweep","Poisoned Stab","Bouncing Flask","Backflip","Blur"],"relics":["Ring of the Snake","Mummified Hand","War Paint"],"acts_visited":["Exordium"],"potions_floor_usage":[],"damage_taken":[{"damage":1,"enemies":"Small Slimes","floor":1,"turns":5},{"damage":22,"enemies":"Lagavulin","floor":7,"turns":8},{"damage":1,"enemies":"Jaw Worm","floor":10,"turns":4},{"damage":0,"enemies":"Cultist","floor":12,"turns":4},{"damage":41,"enemies":"Gremlin Nob","floor":13,"turns":4}],"seed_played":"7574632613473508747","potions_obtained":[{"floor":1,"key":"Explosive Potion"},{"floor":10,"key":"Explosive Potion"}],"is_trial":false,"path_per_floor":["M","?","$","?","?","R","E","R","T","M","$","M","E"],"character_chosen":"THE_SILENT","items_purchased":["Leg Sweep","Poisoned Stab"],"campfire_rested":1,"item_purchase_floors":[3,3],"current_hp_per_floor":[58,38,38,31,31,31,9,28,28,27,27,27,0,0],"gold":107,"neow_bonus":"HUNDRED_GOLD","is_daily":false,"chose_seed":false,"campfire_upgraded":1,"win_rate":0.0,"timestamp":1613339261,"path_taken":["M","?","$","?","?","R","E","R","T","?","?","M","E"],"items_purchased_type":["Card","Card"],"build_version":"2020-12-22","purchased_purges":1,"victory":false,"max_hp_per_floor":[66,66,66,66,66,66,66,66,66,66,66,66,66,66],"relic_stats":{"counters":[5,25],"Mummified Hand":[0],"War Paint":["Defend_G","Defend_G"],"obtain_stats":[{"Mummified Hand":7,"War Paint":9,"Ring of the Snake":0},{"Mummified Hand":2,"War Paint":2,"Ring of the Snake":0},{"Mummified Hand":13,"War Paint":13,"Ring of the Snake":0}],"Ring of the Snake":[10]},"card_choices":[{"not_picked":["Heel Hook","Outmaneuver"],"picked":"Deadly Poison","floor":1},{"not_picked":["Heel Hook","Acrobatics"],"picked":"Bouncing Flask","floor":7},{"not_picked":["Dagger Spray","Tactician"],"picked":"Backflip","floor":10},{"not_picked":["Flechettes","Finisher"],"picked":"Blur","floor":12}],"player_experience":2570454,"relics_obtained":[{"floor":7,"key":"Mummified Hand"},{"floor":9,"key":"War Paint"}],"event_choices":[{"damage_healed":0,"gold_gain":0,"player_choice":"Entered Light","damage_taken":20,"max_hp_gain":0,"max_hp_loss":0,"event_name":"Shining Light","floor":2,"gold_loss":0,"cards_upgraded":["Deadly Poison","Defend_G"]},{"cards_removed":["Strike_G"],"damage_healed":0,"gold_gain":0,"player_choice":"Card Removal","damage_taken":7,"max_hp_gain":0,"max_hp_loss":0,"event_name":"Golden Wing","floor":4,"gold_loss":0},{"damage_healed":0,"gold_gain":0,"player_choice":"Left Gold","damage_taken":0,"max_hp_gain":0,"max_hp_loss":0,"event_name":"World of Goop","floor":5,"gold_loss":3}],"is_beta":false,"boss_relics":[],"items_purged_floors":[3],"is_endless":false,"potions_floor_spawned":[1,10],"killed_by":"Gremlin Nob","ascension_level":20}}