{"host":"sc0o2qwpf9j16a4i","time":1613324838,"event":{"mods":["AchievementEnabler","BaseMod","BetterRewards","Block Reminder","Colored Map","Colored Powertips","Custom Start","Highlight Path","Minty Spire (QoL Compilation)","Relic Stats"],"gold_per_floor":[118,118,138,138,152,181,181,181,181,14,29,29,40,57,57,153,153,168,168,14,26,41,41,41],"floor_reached":23,"language":"ENG","playtime":976,"items_purged":[],"score":461,"play_id":"11a28f0e-0313-4e7f-8fc6-52984a80fd5b","local_time":"20210214194718","is_ascension_mode":true,"campfire_choices":[{"data":"Metallicize","floor":7,"key":"SMITH"},{"data":"Bash","floor":12,"key":"SMITH"},{"floor":15,"key":"REST"}],"circlet_count":0,"master_deck":["AscendersBane","Strike_R","Strike_R","Strike_R+1","Strike_R","Strike_R","Defend_R","Defend_R","Defend_R+1","Defend_R","Bash+1","Whirlwind+1","Warcry","Battle Trance","Metallicize+1","Shrug It Off","Shrug It Off","Offering","Demon Form","Clothesline","Armaments","Feel No Pain","True Grit","Shrug It Off+1","Shrug It Off"],"relics":["Philosopher\u0027s Stone","Incense Burner","Question Card","Membership Card","SacredBark","Anchor"],"acts_visited":["Exordium","TheCity"],"potions_floor_usage":[6,16,16,21,23],"damage_taken":[{"damage":6,"enemies":"Small Slimes","floor":1,"turns":3},{"damage":3,"enemies":"Jaw Worm","floor":3,"turns":2},{"damage":5,"enemies":"2 Louse","floor":5,"turns":2},{"damage":0,"enemies":"3 Sentries","floor":6,"turns":1},{"damage":10,"enemies":"Blue Slaver","floor":11,"turns":4},{"damage":7,"enemies":"Gremlin Gang","floor":13,"turns":2},{"damage":0,"enemies":"Exordium Wildlife","floor":14,"turns":1},{"damage":19,"enemies":"Hexaghost","floor":16,"turns":9},{"damage":19,"enemies":"Shell Parasite","floor":18,"turns":7},{"damage":20,"enemies":"Spheric Guardian","floor":21,"turns":7},{"damage":19,"enemies":"Centurion and Healer","floor":22,"turns":10},{"damage":37,"enemies":"Slavers","floor":23,"turns":4}],"seed_played":"-7442104307674036796","potions_obtained":[{"floor":1,"key":"ColorlessPotion"},{"floor":3,"key":"Energy Potion"},{"floor":6,"key":"Energy Potion"},{"floor":16,"key":"SpeedPotion"},{"floor":18,"key":"BloodPotion"},{"floor":21,"key":"Ancient Potion"}],"is_trial":false,"path_per_floor":["M","?","M","?","M","E","R","?","T","$","M","R","M","M","R","B",null,"M","?","$","M","M","E"],"character_chosen":"IRONCLAD","items_purchased":["Membership Card","Feel No Pain","Anchor","True Grit"],"campfire_rested":1,"item_purchase_floors":[10,20,20,20],"current_hp_per_floor":[62,62,59,36,31,31,31,31,31,31,21,21,14,14,36,17,61,42,42,42,52,33,0,0],"gold":41,"neow_bonus":"BOSS_RELIC","is_daily":false,"chose_seed":false,"campfire_upgraded":2,"win_rate":0.0,"timestamp":1613324838,"path_taken":["M","?","M","?","M","E","R","?","T","$","?","R","?","M","R","BOSS","M","?","?","M","M","E"],"items_purchased_type":["Relic","Card","Relic","Card"],"build_version":"2020-12-22","purchased_purges":0,"victory":false,"max_hp_per_floor":[75,75,75,75,75,75,75,75,75,75,75,75,75,75,75,75,75,75,75,75,75,75,75,75],"relic_stats":{"counters":[12,52],"Question Card":7,"obtain_stats":[{"Anchor":20,"SacredBark":17,"Philosopher\u0027s Stone":0,"Incense Burner":6,"Membership Card":10,"Question Card":9,"Burning Blood":0},{"Anchor":9,"SacredBark":8,"Philosopher\u0027s Stone":0,"Incense Burner":4,"Membership Card":4,"Question Card":4,"Burning Blood":0},{"Anchor":31,"SacredBark":24,"Philosopher\u0027s Stone":0,"Incense Burner":8,"Membership Card":8,"Question Card":8,"Burning Blood":0}]},"card_choices":[{"not_picked":["Twin Strike","Combust"],"picked":"Whirlwind","floor":1},{"not_picked":["Combust","Sword Boomerang"],"picked":"Warcry","floor":3},{"not_picked":["Searing Blow","Havoc"],"picked":"Battle Trance","floor":5},{"not_picked":["Havoc","Wild Strike"],"picked":"Metallicize","floor":6},{"not_picked":["Anger","Clash","Armaments"],"picked":"Shrug It Off","floor":11},{"not_picked":["Body Slam","Iron Wave","Entrench"],"picked":"Shrug It Off","floor":13},{"not_picked":["Twin Strike","Body Slam","Havoc"],"picked":"Offering","floor":14},{"not_picked":["Brutality","Bludgeon","Immolate"],"picked":"Demon Form","floor":16},{"not_picked":["Headbutt","Hemokinesis","Anger"],"picked":"Clothesline","floor":18},{"not_picked":["Rage+1","Havoc","Infernal Blade+1"],"picked":"Shrug It Off+1","floor":21},{"not_picked":["Headbutt","Armaments","Bludgeon"],"picked":"Shrug It Off","floor":22}],"player_experience":1427374,"relics_obtained":[{"floor":6,"key":"Incense Burner"},{"floor":9,"key":"Question Card"}],"event_choices":[{"damage_healed":0,"gold_gain":0,"player_choice":"Grow","damage_taken":0,"max_hp_gain":0,"max_hp_loss":0,"event_name":"Living Wall","floor":2,"gold_loss":0,"cards_upgraded":["Whirlwind"]},{"damage_healed":0,"gold_gain":0,"player_choice":"Entered Light","damage_taken":23,"max_hp_gain":0,"max_hp_loss":0,"event_name":"Shining Light","floor":4,"gold_loss":0,"cards_upgraded":["Strike_R","Defend_R"]},{"damage_healed":0,"gold_gain":0,"player_choice":"Leave","damage_taken":0,"max_hp_gain":0,"max_hp_loss":0,"event_name":"The Cleric","floor":8,"gold_loss":0},{"damage_healed":0,"gold_gain":0,"player_choice":"Read","damage_taken":0,"max_hp_gain":0,"max_hp_loss":0,"event_name":"The Library","floor":19,"gold_loss":0,"cards_obtained":["Armaments"]}],"is_beta":false,"boss_relics":[{"not_picked":["Fusion Hammer","Busted Crown"],"picked":"SacredBark"}],"items_purged_floors":[],"is_endless":false,"potions_floor_spawned":[1,3,6,14,16,18,21],"killed_by":"Slavers","ascension_level":20}}