{"host":"q5l3nirlejh5mn15","time":1613280495,"event":{"mods":["BaseMod","Bossed Relics","Downfall","Energized Spire","FoggyMod","Hermit","Koishi","Lobotomy","LobotomyExtend","Marisa（F雨　魔理沙）","Minty Spire (QoL Compilation)","MostiFishMod","Reimu（博丽灵梦）","Relic Filter Mod","Reliquary","Remilia（蕾米莉亚）","RumiaBox-露米娅的神秘盒子","Spicy Shops","StSLib","TestMod","The Hierophant","The Servant 0.9.4","UnlockEverythingMod","【功能Mod】混沌之环修复补丁","【遗物卡牌】REMEMod"],"gold_per_floor":[109,284,284,284,284,284,313,313,339,339,374,404,37,72,72,189,189,209,209,243,265,339,339,379,379,404,438,509,48,48,48,48,203,203,203,203],"floor_reached":35,"language":"ZHS","playtime":1198,"items_purged":["Regret"],"score":545,"play_id":"66356f9b-dabf-46e2-b893-98d17c42476d","local_time":"20210214132815","is_ascension_mode":false,"campfire_choices":[{"data":"hierophant:DisplayOfPower","floor":6.0,"key":"SMITH"},{"data":"MostiFishMod:WinterMarkForm","floor":8.0,"key":"SMITH"},{"data":"hierophant:Punish","floor":15.0,"key":"SMITH"},{"floor":23.0,"key":"REST"},{"floor":25.0,"key":"REST"},{"floor":32.0,"key":"REST"}],"circlet_count":0,"master_deck":["Funeral","hierophant:Strike_Hierophant","hierophant:Punish+1","hierophant:Defend_Hierophant+1","hierophant:Defend_Hierophant","MostiFishMod:FrostNova+1","Wellcheers","hierophant:DisplayOfPower+1","MostiFishMod:WinterMarkForm+1","hierophant:Doubloon+1","hierophant:RecallFunds+1","hierophant:Doubloon+1","hierophant:CursedGold","FieryBird","hierophant:Sermon+1","UniverseFragment","Scorched","hierophant:ThreeLashes","SingingMachine","hierophant:Sermon+1","Panacea+1","NakedNest","hierophant:SecretStash+1","Yin","hierophant:CursedGold","hierophant:Empathy+1","hierophant:Sermon+1","Writhe"],"relics":["hierophant:PropheticMaskRelic","testmod-TestBox","REME_ComplimentaryCards","testmod-ArcanaOfDestiny","FrostBlade","CogitoBucket","SynthV:TestCard","LetterFromLob","DaveBox","FrostBlade","Shuriken","Toxic Egg 2","War Paint","reliquary:ExpiredCoupon","testmod-Charity","Chemical X","Odd Mushroom","RhineFirstAidKit","SkinProphecy","ScarletDevilRocket","reliquary:TatteredRug","reliquary:WeakTea","Dream Catcher","PreservedInsect","Mummified Hand","Sundial","Philosopher\u0027s Stone","SolemnVow_r"],"acts_visited":["Exordium","TheCity","TheBeyond"],"potions_floor_usage":[35],"damage_taken":[{"damage":9.0,"enemies":"2 Louse","floor":1.0,"turns":3.0},{"damage":3.0,"enemies":"Gremlin Nob","floor":7.0,"turns":3.0},{"damage":11.0,"enemies":"3 Sentries","floor":11.0,"turns":2.0},{"damage":0.0,"enemies":"Small Slimes","floor":12.0,"turns":1.0},{"damage":12.0,"enemies":"The Mushroom Lair","floor":14.0,"turns":2.0},{"damage":26.0,"enemies":"Hexaghost","floor":16.0,"turns":6.0},{"damage":16.0,"enemies":"Shell Parasite","floor":18.0,"turns":2.0},{"damage":20.0,"enemies":"Chosen","floor":20.0,"turns":4.0},{"damage":20.0,"enemies":"Slavers","floor":24.0,"turns":2.0},{"damage":36.0,"enemies":"Book of Stabbing","floor":27.0,"turns":6.0},{"damage":0.0,"enemies":"Snecko","floor":28.0,"turns":2.0},{"damage":46.0,"enemies":"Collector","floor":33.0,"turns":7.0},{"damage":141,"enemies":"Orb Walker","floor":35,"turns":15}],"seed_played":"-8837399252003373852","potions_obtained":[{"floor":7.0,"key":"Fire Potion"},{"floor":16.0,"key":"testmod-TestPotion"},{"floor":18.0,"key":"Explosive Potion"}],"is_trial":false,"path_per_floor":["M","?","?","?","?","R","E","R","T","T","E","M","$","?","R","B",null,"M","?","M","T","?","R","E","R","T","E","M","$","?","$","R","B",null,"M"],"character_chosen":"HIEROPHANT","items_purchased":["testmod-Charity","Chemical X","PreservedInsect","Mummified Hand","hierophant:Sermon+1"],"campfire_rested":3,"item_purchase_floors":[13,13,29,29,29],"current_hp_per_floor":[72,72,72,72,81,81,78,78,78,78,67,67,67,57,57,36,85,71,71,52,53,45,72,53,82,83,102,103,103,103,103,106,59,110,32,32],"gold":203,"neow_bonus":"","is_daily":false,"chose_seed":false,"campfire_upgraded":3,"win_rate":0.0,"timestamp":1613280495,"path_taken":["M","?","?","?","?","R","E","R","T","?","E","?","?","?","R","BOSS","M","?","?","?","?","R","E","R","T","E","?","$","?","?","R","BOSS","M"],"items_purchased_type":["Relic","Relic","Relic","Relic","Card"],"build_version":"2020-12-22","purchased_purges":1,"victory":false,"max_hp_per_floor":[81,81,81,81,81,81,81,81,81,81,81,81,81,83,83,85,85,87,87,91,92,93,93,97,97,98,102,106,106,106,106,106,110,110,114,114],"card_choices":[{"not_picked":["FairyFestival","Porccubus"],"picked":"Wellcheers","floor":1.0},{"not_picked":["hierophant:Purify","hierophant:Smite"],"picked":"hierophant:DisplayOfPower","floor":1.0},{"not_picked":["hierophant:Bribe+1","hierophant:MorningPrayer+1","hierophant:Dazzle+1","hierophant:Purify"],"picked":"hierophant:RecallFunds+1","floor":7.0},{"not_picked":["HeroicMonk","ShyLook"],"picked":"MHz","floor":7.0},{"not_picked":["hierophant:Shelter+1","hierophant:Doubloon+1","hierophant:Racketeering+1","hierophant:ThreeLashes"],"picked":"hierophant:CursedGold","floor":11.0},{"not_picked":["Variant","CrumblingArmor"],"picked":"FieryBird","floor":11.0},{"not_picked":["hierophant:Upheaval","hierophant:RustyCrate+1","hierophant:MorningPrayer+1","hierophant:Community"],"picked":"hierophant:Sermon+1","floor":12.0},{"not_picked":["VoidDream","PunishingBird"],"picked":"UniverseFragment","floor":12.0},{"not_picked":["QueenBee","BigBird"],"picked":"Scorched","floor":14.0},{"not_picked":["hierophant:SolarFlare","hierophant:Remorse","hierophant:Endure+1","hierophant:HammerAndAnvil+1"],"picked":"hierophant:ThreeLashes","floor":14.0},{"not_picked":["hierophant:WrathOfGod","hierophant:Determination","hierophant:Generosity","hierophant:Levitation+1"],"picked":"hierophant:DivineIntervention+1","floor":16.0},{"not_picked":["ShyLook","Woodsman"],"picked":"SingingMachine","floor":16.0},{"not_picked":["Porccubus","ShyLook"],"picked":"WallGazer","floor":18.0},{"not_picked":["hierophant:SealAway","hierophant:OrnateBuckler+1","hierophant:Bribe+1","hierophant:AuricBeam"],"picked":"hierophant:Sermon+1","floor":18.0},{"not_picked":["VoidDream","MeltingLove"],"picked":"NakedNest","floor":20.0},{"not_picked":["hierophant:MintersHammer","hierophant:Embezzle+1","hierophant:Sermon+1","hierophant:ThreeLashes","hierophant:Remorse"],"picked":"SKIP","floor":20.0},{"not_picked":["hierophant:FaithHealing+1","hierophant:Doubloon+1","hierophant:ConvertCurrency+1","hierophant:EyeForCoin+1"],"picked":"hierophant:SecretStash+1","floor":24.0},{"not_picked":["HeroicMonk","BigBadWolf"],"picked":"Yin","floor":24.0},{"not_picked":["hierophant:Shelter+1","hierophant:Zeal","hierophant:Smite","hierophant:HolyVerse+1"],"picked":"hierophant:CursedGold","floor":27.0},{"not_picked":["hierophant:FieryStrike+1","hierophant:PassingBell+1","hierophant:Bribe+1","hierophant:MintersHammer"],"picked":"hierophant:Empathy+1","floor":28.0},{"not_picked":["QueenBee","CherryBlossoms"],"picked":"Funeral","floor":28.0},{"not_picked":["LongBird","Scarecrow"],"picked":"CherryBlossoms","floor":33.0}],"player_experience":263022,"relics_obtained":[{"floor":1.0,"key":"SynthV:TestCard"},{"floor":1.0,"key":"LetterFromLob"},{"floor":7.0,"key":"Toxic Egg 2"},{"floor":9.0,"key":"War Paint"},{"floor":11.0,"key":"reliquary:ExpiredCoupon"},{"floor":14.0,"key":"Odd Mushroom"},{"floor":21.0,"key":"ScarletDevilRocket"},{"floor":24.0,"key":"reliquary:TatteredRug"},{"floor":26.0,"key":"reliquary:WeakTea"},{"floor":27.0,"key":"Dream Catcher"}],"event_choices":[{"damage_healed":0.0,"max_hp_gain":0.0,"max_hp_loss":0.0,"gold_gain":175.0,"event_name":"Liars Game","player_choice":"AGREE","floor":2.0,"gold_loss":0.0,"damage_taken":0.0,"cards_obtained":["Doubt"]},{"damage_healed":0.0,"max_hp_gain":0.0,"max_hp_loss":0.0,"gold_gain":0.0,"event_name":"给自己的盒子","player_choice":"Swap Relic","floor":3.0,"relics_lost":["DaveBox"],"gold_loss":0.0,"damage_taken":0.0,"relics_obtained":["DaveBox"]},{"damage_healed":0.0,"max_hp_gain":0.0,"max_hp_loss":0.0,"gold_gain":0.0,"event_name":"Big Fish","player_choice":"Box","floor":4.0,"gold_loss":0.0,"damage_taken":0.0,"relics_obtained":["Shuriken"],"cards_obtained":["Regret"]},{"damage_healed":0.0,"max_hp_gain":0.0,"max_hp_loss":0.0,"gold_gain":0.0,"event_name":"Mushrooms","player_choice":"Fought Mushrooms","floor":14.0,"gold_loss":0.0,"damage_taken":0.0},{"damage_healed":0.0,"max_hp_gain":0.0,"max_hp_loss":0.0,"gold_gain":0.0,"event_name":"Match and Keep!","player_choice":"1 cards matched","floor":19.0,"gold_loss":0.0,"damage_taken":0.0,"cards_obtained":["Panacea"]},{"damage_healed":0.0,"max_hp_gain":0.0,"max_hp_loss":0.0,"gold_gain":75.0,"event_name":"FaceTrader","player_choice":"Touch","floor":22.0,"gold_loss":0.0,"damage_taken":9.0},{"damage_healed":0.0,"max_hp_gain":0.0,"max_hp_loss":0.0,"gold_gain":0.0,"event_name":"The Mausoleum","player_choice":"Opened","floor":30.0,"gold_loss":0.0,"damage_taken":0.0,"relics_obtained":["Sundial"],"cards_obtained":["Writhe"]}],"is_beta":false,"boss_relics":[{"not_picked":["testmod-PortableAltar","testmod-Prudence"],"picked":"RhineFirstAidKit"},{"not_picked":["Runic Pyramid","testmod-GoldenSoul"],"picked":"Philosopher\u0027s Stone"}],"items_purged_floors":[13],"is_endless":false,"potions_floor_spawned":[7,16,18,20,27],"killed_by":"Orb Walker","ascension_level":0}}