{"host":"g7mkzn6qfoxkk5sz","time":1613285631,"event":{"mods":["BaseMod","Colored Map","Colored Powertips","Downfall","Minty Spire (QoL Compilation)","StSLib"],"gold_per_floor":[199,215,215,150,161,180,207,221,221,256,275,285,285,310,322,322,322,322],"floor_reached":16,"language":"ENG","playtime":1050,"items_purged":[],"score":114,"play_id":"be9bfee5-6ddb-4161-8e56-6a6ca9263066","local_time":"20210214085351","is_ascension_mode":false,"campfire_choices":[{"data":"hexamod:Sear","floor":1,"key":"SMITH"},{"data":"hexamod:Firestarter","floor":9,"key":"SMITH"},{"data":"hexamod:Float","floor":13,"key":"SMITH"}],"circlet_count":0,"master_deck":["hexamod:Strike","hexamod:Strike","hexamod:Strike","hexamod:Strike","hexamod:Defend","hexamod:Defend","hexamod:Defend","hexamod:Defend","hexamod:Sear+1","hexamod:Float+1","hexamod:Firestarter+1","hexamod:HeatCrush","hexamod:HeatMetal","hexamod:HauntingEcho","hexamod:PhantomFireball","hexamod:StepThrough","hexamod:TimeWarp"],"relics":["hexamod:SpiritBrand","Bag of Preparation","Guardian:PocketSentry","Darkstone Periapt"],"acts_visited":["Exordium"],"potions_floor_usage":[10,14,16,16],"damage_taken":[{"damage":0,"enemies":"2 Louse","floor":2,"turns":3},{"damage":0,"enemies":"downfall:FleeingMerchant","floor":4,"turns":4},{"damage":0,"enemies":"Cultist","floor":5,"turns":3},{"damage":0,"enemies":"Small Slimes","floor":6,"turns":4},{"damage":5,"enemies":"Exordium Thugs","floor":8,"turns":3},{"damage":26,"enemies":"Lagavulin","floor":10,"turns":6},{"damage":6,"enemies":"Blue Slaver","floor":11,"turns":3},{"damage":0,"enemies":"Red Slaver","floor":12,"turns":3},{"damage":13,"enemies":"3 Sentries","floor":14,"turns":5},{"damage":6,"enemies":"3 Louse","floor":15,"turns":2},{"damage":18,"enemies":"IC_STATUS_ARCHETYPE","floor":16,"turns":2}],"seed_played":"4169087719711180466","potions_obtained":[{"floor":5,"key":"SteroidPotion"},{"floor":6,"key":"Energy Potion"},{"floor":8,"key":"SpeedPotion"},{"floor":10,"key":"SneckoOil"},{"floor":11,"key":"AttackPotion"}],"is_trial":false,"path_per_floor":["R","M","?","$","M","M","T","M","R","E","M","M","R","E","M","B"],"character_chosen":"THE_SPIRIT","items_purchased":["hexamod:HeatMetal"],"campfire_rested":0,"item_purchase_floors":[4],"current_hp_per_floor":[70,70,70,70,70,70,70,65,65,39,33,33,33,20,14,0,0,0],"gold":322,"neow_bonus":"HUNDRED_GOLD","is_daily":false,"chose_seed":false,"campfire_upgraded":3,"win_rate":0.0,"timestamp":1613285631,"path_taken":["R","M","?","$","M","M","T","?","R","E","M","M","R","E","M","BOSS"],"items_purchased_type":["Card"],"build_version":"2020-12-22","purchased_purges":0,"victory":false,"max_hp_per_floor":[70,70,70,70,70,70,70,70,70,70,70,70,70,70,70,70,70,70],"card_choices":[{"not_picked":["hexamod:Hexaguard","hexamod:GhostflameBarrier"],"picked":"hexamod:Firestarter","floor":2},{"not_picked":["hexamod:FourthSeal","hexamod:GhostShield"],"picked":"hexamod:HeatCrush","floor":4},{"not_picked":["hexamod:SecondSeal","hexamod:FastForward"],"picked":"hexamod:HauntingEcho","floor":5},{"not_picked":["hexamod:FastForward","hexamod:GhostShield"],"picked":"hexamod:PhantomFireball","floor":6},{"not_picked":["hexamod:RainOfEmbers","hexamod:SkipABeat","hexamod:SecondSeal"],"picked":"SKIP","floor":8},{"not_picked":["hexamod:Again","hexamod:HeatMetal"],"picked":"hexamod:StepThrough","floor":10},{"not_picked":["hexamod:Haunt","hexamod:ThirdSeal","hexamod:Again"],"picked":"SKIP","floor":11},{"not_picked":["hexamod:SwordOfDarkness","hexamod:PhantomFireball","hexamod:Haunt"],"picked":"SKIP","floor":12},{"not_picked":["hexamod:EtherealExpedition","hexamod:FourthSeal"],"picked":"hexamod:TimeWarp","floor":14},{"not_picked":["hexamod:GhostShield","hexamod:ShieldOfDarkness","hexamod:GhostLash"],"picked":"SKIP","floor":15}],"player_experience":486759,"relics_obtained":[{"floor":7,"key":"Bag of Preparation"},{"floor":10,"key":"Guardian:PocketSentry"},{"floor":14,"key":"Darkstone Periapt"}],"event_choices":[{"damage_healed":0,"gold_gain":0,"player_choice":"Ignored","damage_taken":0,"max_hp_gain":0,"max_hp_loss":0,"event_name":"NoteForYourself","floor":3,"gold_loss":0}],"is_beta":false,"boss_relics":[],"items_purged_floors":[],"is_endless":false,"potions_floor_spawned":[5,6,8,10,11],"killed_by":"IC_STATUS_ARCHETYPE","ascension_level":0}}