{"host":"FirstDane","time":1613267996,"event":{"mods":["BaseMod","Bestiary","Highlight Path","Minty Spire (QoL Compilation)","Relic Stats","Slay the Relics Exporter"],"gold_per_floor":[109,124,135,135,153,153,180,180,228,263,23,23,23,23,23,96,96,108,108,126,145,60,87,103,130,130,146,176,191,191,211,211,285,285,296,177,194,213,238,273,273,292,361,388,388,404,404,430,430,430,430,430,430,22,49,49,49],"floor_reached":56,"language":"ENG","playtime":9352,"items_purged":["Strike_G","Strike_G"],"score":2139,"play_id":"7d010491-864f-42f0-98c4-558af666634d","local_time":"20210213195956","is_ascension_mode":true,"campfire_choices":[{"data":"Cloak And Dagger","floor":6,"key":"SMITH"},{"floor":8,"key":"REST"},{"data":"Acrobatics","floor":13,"key":"SMITH"},{"data":"Underhanded Strike","floor":15,"key":"SMITH"},{"data":"Wraith Form v2","floor":30,"key":"SMITH"},{"data":"Reflex","floor":32,"key":"SMITH"},{"floor":41,"key":"RECALL"},{"data":"Footwork","floor":47,"key":"SMITH"},{"data":"Acrobatics","floor":49,"key":"SMITH"},{"data":"Bullet Time","floor":53,"key":"SMITH"}],"circlet_count":0,"master_deck":["AscendersBane","Strike_G","Strike_G","Defend_G","Defend_G","Defend_G","Defend_G","Defend_G","Survivor","Neutralize+1","Underhanded Strike+1","Cloak And Dagger+1","Slice","Backstab","Dagger Throw","Acrobatics+1","Panache+1","PiercingWail","Bullet Time","PiercingWail","Blade Dance","Reflex+1","Wraith Form v2+1","Blade Dance","Terror","Escape Plan","Blade Dance","Footwork+1","Acrobatics+1","Acrobatics+1","Outmaneuver","Noxious Fumes+1","Accuracy+1","Bullet Time+1","Night Terror"],"relics":["Ring of the Serpent","Pantograph","Centennial Puzzle","Omamori","Torii","Runic Dome","WarpedTongs","Blood Vial","Bag of Preparation","Letter Opener","Mummified Hand","Bottled Lightning","Ice Cream","Anchor","Juzu Bracelet","Regal Pillow","Potion Belt","Akabeko"],"acts_visited":["Exordium","TheCity","TheBeyond","TheEnding"],"potions_floor_usage":[7,23,33,33,38,40,48,55,56,56],"damage_taken":[{"damage":3,"enemies":"Small Slimes","floor":1,"turns":6},{"damage":0,"enemies":"2 Louse","floor":2,"turns":3},{"damage":0,"enemies":"Cultist","floor":3,"turns":4},{"damage":13,"enemies":"Large Slime","floor":5,"turns":9},{"damage":19,"enemies":"Gremlin Nob","floor":7,"turns":4},{"damage":17,"enemies":"3 Sentries","floor":10,"turns":8},{"damage":10,"enemies":"Slime Boss","floor":16,"turns":7},{"damage":1,"enemies":"2 Thieves","floor":18,"turns":3},{"damage":12,"enemies":"Spheric Guardian","floor":20,"turns":4},{"damage":1,"enemies":"Centurion and Healer","floor":21,"turns":4},{"damage":8,"enemies":"Slavers","floor":23,"turns":2},{"damage":0,"enemies":"Cultist and Chosen","floor":24,"turns":5},{"damage":3,"enemies":"Gremlin Leader","floor":25,"turns":6},{"damage":0,"enemies":"Sentry and Sphere","floor":27,"turns":1},{"damage":14,"enemies":"Book of Stabbing","floor":28,"turns":3},{"damage":1,"enemies":"Snecko","floor":29,"turns":4},{"damage":7,"enemies":"Snake Plant","floor":31,"turns":2},{"damage":46,"enemies":"Automaton","floor":33,"turns":7},{"damage":0,"enemies":"3 Shapes","floor":35,"turns":3},{"damage":3,"enemies":"3 Darklings","floor":37,"turns":4},{"damage":13,"enemies":"Spire Growth","floor":38,"turns":4},{"damage":0,"enemies":"Mind Bloom Boss Battle","floor":39,"turns":5},{"damage":1,"enemies":"Giant Head","floor":40,"turns":6},{"damage":0,"enemies":"4 Shapes","floor":42,"turns":4},{"damage":33,"enemies":"Nemesis","floor":44,"turns":7},{"damage":0,"enemies":"Sphere and 2 Shapes","floor":46,"turns":3},{"damage":0,"enemies":"Reptomancer","floor":48,"turns":3},{"damage":33,"enemies":"Donu and Deca","floor":50,"turns":6},{"damage":29,"enemies":"Awakened One","floor":51,"turns":10},{"damage":0,"enemies":"Shield and Spear","floor":55,"turns":5},{"damage":66,"enemies":"The Heart","floor":56,"turns":11}],"seed_played":"-1261330192040785721","potions_obtained":[{"floor":3,"key":"DuplicationPotion"},{"floor":7,"key":"DuplicationPotion"},{"floor":18,"key":"SpeedPotion"},{"floor":25,"key":"Explosive Potion"},{"floor":28,"key":"SteroidPotion"},{"floor":33,"key":"FearPotion"},{"floor":37,"key":"Block Potion"},{"floor":40,"key":"Energy Potion"},{"floor":42,"key":"SteroidPotion"}],"is_trial":false,"path_per_floor":["M","M","M","?","M","R","E","R","T","E","$","?","R","?","R","B",null,"M","?","M","M","?","E","M","E","T","M","E","M","R","M","R","B",null,"M","$","M","M","?","E","R","M","T","E","T","M","R","E","R","B","B",null,"R","$","E","B"],"character_chosen":"THE_SILENT","items_purchased":["Panache","PiercingWail","Footwork","Night Terror","GamblersBrew","Block Potion"],"campfire_rested":1,"item_purchase_floors":[11,11,36,54,54,54],"current_hp_per_floor":[56,56,56,49,36,36,17,36,36,19,19,19,19,19,19,34,58,57,57,45,44,44,38,40,39,39,41,29,30,30,25,25,6,51,53,53,52,41,66,65,65,66,66,33,33,35,35,37,37,31,29,57,57,57,59,0,0],"gold":49,"neow_bonus":"UPGRADE_CARD","is_daily":false,"chose_seed":false,"campfire_upgraded":8,"win_rate":0.0,"timestamp":1613267996,"path_taken":["M","M","M","?","M","R","E","R","T","E","$","?","R","?","R","BOSS","M","?","M","?","?","E","M","E","T","M","E","M","R","M","R","BOSS","M","$","M","M","?","E","R","M","T","E","?","M","R","E","R","BOSS","BOSS","R","$","E","BOSS"],"items_purchased_type":["Card","Card","Card","Card","Potion","Potion"],"build_version":"2020-12-18","purchased_purges":2,"victory":false,"max_hp_per_floor":[66,66,66,66,66,66,66,66,66,66,66,66,66,66,66,66,66,66,66,66,66,66,66,66,66,66,66,66,66,66,66,66,66,66,66,66,66,66,66,66,66,66,66,66,66,66,66,66,66,66,66,66,66,66,66,66,66],"relic_stats":{"Blood Vial":37,"Centennial Puzzle":[54],"Regal Pillow":0,"Torii":24,"counters":[31,153],"Mummified Hand":[35],"Pantograph":128,"Bag of Preparation":[40],"Juzu Bracelet":0,"Letter Opener":[608],"obtain_stats":[{"Ice Cream":39,"Potion Belt":48,"Regal Pillow":45,"Torii":12,"Omamori":10,"Bag of Preparation":23,"Juzu Bracelet":44,"Letter Opener":25,"Akabeko":55,"WarpedTongs":19,"Blood Vial":22,"Runic Dome":17,"Centennial Puzzle":9,"Anchor":40,"Mummified Hand":26,"Pantograph":7,"Bottled Lightning":28,"Ring of the Serpent":34,"Ring of the Snake":0},{"Ice Cream":22,"Potion Belt":27,"Regal Pillow":25,"Torii":6,"Omamori":6,"Bag of Preparation":11,"Juzu Bracelet":25,"Letter Opener":13,"Akabeko":30,"WarpedTongs":8,"Blood Vial":10,"Runic Dome":7,"Centennial Puzzle":5,"Anchor":23,"Mummified Hand":13,"Pantograph":5,"Bottled Lightning":15,"Ring of the Serpent":18,"Ring of the Snake":0},{"Ice Cream":98,"Potion Belt":121,"Regal Pillow":115,"Torii":34,"Omamori":34,"Bag of Preparation":54,"Juzu Bracelet":115,"Letter Opener":65,"Akabeko":142,"WarpedTongs":44,"Blood Vial":52,"Runic Dome":41,"Centennial Puzzle":26,"Anchor":104,"Mummified Hand":65,"Pantograph":26,"Bottled Lightning":69,"Ring of the Serpent":82,"Ring of the Snake":0}],"WarpedTongs":[108]},"card_choices":[{"not_picked":["Distraction","Choke"],"picked":"Underhanded Strike","floor":1},{"not_picked":["Outmaneuver","Escape Plan"],"picked":"Cloak And Dagger","floor":2},{"not_picked":["Choke","Outmaneuver"],"picked":"Slice","floor":3},{"not_picked":["Deflect","Quick Slash"],"picked":"Backstab","floor":5},{"not_picked":["Prepared","Caltrops"],"picked":"Dagger Throw","floor":7},{"not_picked":["Prepared","Infinite Blades"],"picked":"Acrobatics","floor":10},{"not_picked":["Glass Knife","Venomology"],"picked":"Bullet Time","floor":16},{"not_picked":["Expertise","Caltrops"],"picked":"PiercingWail","floor":18},{"not_picked":["Underhanded Strike","Bane"],"picked":"Blade Dance","floor":20},{"not_picked":["PiercingWail","Slice+1"],"picked":"Reflex","floor":21},{"not_picked":["Slice+1","Reflex"],"picked":"Wraith Form v2","floor":23},{"not_picked":["PiercingWail","Quick Slash","Poisoned Stab+1"],"picked":"SKIP","floor":24},{"not_picked":["PiercingWail","Quick Slash","Poisoned Stab+1"],"picked":"SKIP","floor":24},{"not_picked":["PiercingWail","Quick Slash","Poisoned Stab+1"],"picked":"SKIP","floor":24},{"not_picked":["Dagger Spray","Bane","Backstab"],"picked":"SKIP","floor":25},{"not_picked":["Eviscerate","Skewer","Dagger Spray"],"picked":"SKIP","floor":27},{"not_picked":["Bullet Time","Expertise+1"],"picked":"Blade Dance","floor":28},{"not_picked":["Dagger Throw+1","Flying Knee"],"picked":"Terror","floor":29},{"not_picked":["Caltrops","Dodge and Roll"],"picked":"Escape Plan","floor":31},{"not_picked":["Poisoned Stab","Deadly Poison+1"],"picked":"Blade Dance","floor":35},{"not_picked":["Cloak And Dagger","Predator","Underhanded Strike+1"],"picked":"SKIP","floor":37},{"not_picked":["Cloak And Dagger","Predator","Underhanded Strike+1"],"picked":"SKIP","floor":37},{"not_picked":["Slice","Flying Knee"],"picked":"Acrobatics+1","floor":38},{"not_picked":["Setup","Dagger Spray"],"picked":"Acrobatics","floor":39},{"not_picked":["Unload","Acrobatics"],"picked":"Outmaneuver","floor":40},{"not_picked":["PiercingWail","Underhanded Strike"],"picked":"Noxious Fumes+1","floor":42},{"not_picked":["Cloak And Dagger","Glass Knife"],"picked":"Accuracy+1","floor":44},{"not_picked":["Bane","Riddle With Holes+1","Sucker Punch"],"picked":"SKIP","floor":46},{"not_picked":["Infinite Blades","Poisoned Stab+1"],"picked":"Bullet Time","floor":48},{"not_picked":["Bane","Dagger Throw","A Thousand Cuts"],"picked":"SKIP","floor":55}],"player_experience":4116470,"relics_obtained":[{"floor":7,"key":"Pantograph"},{"floor":9,"key":"Centennial Puzzle"},{"floor":10,"key":"Omamori"},{"floor":23,"key":"Bag of Preparation"},{"floor":25,"key":"Letter Opener"},{"floor":26,"key":"Mummified Hand"},{"floor":28,"key":"Bottled Lightning"},{"floor":39,"key":"Ice Cream"},{"floor":40,"key":"Anchor"},{"floor":44,"key":"Juzu Bracelet"},{"floor":45,"key":"Regal Pillow"},{"floor":48,"key":"Potion Belt"},{"floor":55,"key":"Akabeko"}],"event_choices":[{"cards_removed":["Strike_G"],"damage_healed":0,"gold_gain":0,"player_choice":"Card Removal","damage_taken":7,"max_hp_gain":0,"max_hp_loss":0,"event_name":"Golden Wing","floor":4,"gold_loss":0},{"damage_healed":0,"gold_gain":0,"player_choice":"Box","damage_taken":0,"relics_obtained":["Torii"],"max_hp_gain":0,"max_hp_loss":0,"event_name":"Big Fish","floor":12,"gold_loss":0,"cards_obtained":["Regret"]},{"damage_healed":0,"gold_gain":0,"player_choice":"Grow","damage_taken":0,"max_hp_gain":0,"max_hp_loss":0,"event_name":"Living Wall","floor":14,"gold_loss":0,"cards_upgraded":["Panache"]},{"damage_healed":0,"gold_gain":0,"player_choice":"Rummage","damage_taken":0,"relics_obtained":["WarpedTongs"],"max_hp_gain":0,"max_hp_loss":0,"event_name":"Accursed Blacksmith","floor":19,"gold_loss":0,"cards_obtained":["Pain"]},{"damage_healed":0,"gold_gain":0,"player_choice":"Obtained Relic","damage_taken":0,"relics_obtained":["Blood Vial"],"max_hp_gain":0,"max_hp_loss":0,"event_name":"Addict","floor":22,"gold_loss":85},{"damage_healed":0,"gold_gain":0,"player_choice":"Fight","damage_taken":0,"max_hp_gain":0,"max_hp_loss":0,"event_name":"MindBloom","floor":39,"gold_loss":0}],"is_beta":true,"boss_relics":[{"not_picked":["Tiny House","Velvet Choker"],"picked":"Runic Dome"},{"not_picked":["Coffee Dripper","Pandora\u0027s Box"],"picked":"Ring of the Serpent"}],"items_purged_floors":[36,54],"is_endless":false,"potions_floor_spawned":[3,7,18,25,28,33,37,40,42,44],"killed_by":"The Heart","ascension_level":20}}