{"host":"anox4050deqdcqoh","time":1613300379,"event":{"mods":["BaseMod","Colored Map","Highlight Path","Minty Spire (QoL Compilation)","Quick Restart","Rare Cards Sparkle","everything is the same but u backflip on backflip"],"gold_per_floor":[109,109,109,125,135,135,147,159,159,189,189,207,207,226,226,327,327,344,259,272,272,287,287,9,35,35,35,117,132,59,59,59,59,59],"floor_reached":33,"language":"ENG","playtime":1754,"items_purged":[],"score":357,"play_id":"69decb35-af4e-4e59-8212-df340be15718","local_time":"20210214055939","is_ascension_mode":true,"campfire_choices":[{"data":"Pommel Strike","floor":6,"key":"SMITH"},{"data":"Feed","floor":11,"key":"SMITH"},{"data":"Immolate","floor":13,"key":"SMITH"},{"data":"Iron Wave","floor":15,"key":"SMITH"},{"floor":23,"key":"REST"},{"floor":27,"key":"REST"},{"floor":32,"key":"REST"}],"circlet_count":0,"master_deck":["Strike_R","Strike_R","Strike_R","Strike_R","Defend_R","Defend_R","Defend_R","Bash","Pommel Strike+1","Shrug It Off","Feed+1","Iron Wave+1","Burning Pact","Immolate+1","Berserk","Sever Soul","Fire Breathing","Shrug It Off+1","Dark Embrace","Headbutt","Infernal Blade","Dual Wield"],"relics":["Black Blood","Thread and Needle","NlothsMask","Matryoshka","Akabeko","ClockworkSouvenir","Omamori","StrikeDummy","Pantograph","Kunai","Paper Frog"],"acts_visited":["Exordium","TheCity"],"potions_floor_usage":[16,16,20,25,25,33],"damage_taken":[{"damage":0,"enemies":"Small Slimes","floor":1,"turns":5},{"damage":0,"enemies":"Cultist","floor":4,"turns":3},{"damage":0,"enemies":"2 Louse","floor":5,"turns":3},{"damage":1,"enemies":"Blue Slaver","floor":7,"turns":5},{"damage":9,"enemies":"Exordium Thugs","floor":8,"turns":6},{"damage":42,"enemies":"Gremlin Nob","floor":10,"turns":5},{"damage":0,"enemies":"3 Louse","floor":12,"turns":3},{"damage":0,"enemies":"2 Fungi Beasts","floor":14,"turns":1},{"damage":44,"enemies":"Slime Boss","floor":16,"turns":13},{"damage":8,"enemies":"Chosen","floor":18,"turns":7},{"damage":25,"enemies":"Shell Parasite","floor":20,"turns":5},{"damage":48,"enemies":"Snake Plant","floor":22,"turns":6},{"damage":60,"enemies":"Slavers","floor":25,"turns":10},{"damage":36,"enemies":"Centurion and Healer","floor":29,"turns":7},{"damage":126,"enemies":"Collector","floor":33,"turns":13}],"seed_played":"-218201191309537963","potions_obtained":[{"floor":4,"key":"CultistPotion"},{"floor":7,"key":"Fruit Juice"},{"floor":8,"key":"Strength Potion"},{"floor":14,"key":"Explosive Potion"},{"floor":18,"key":"Weak Potion"},{"floor":25,"key":"FairyPotion"}],"is_trial":false,"path_per_floor":["M","?","$","M","M","R","M","M","T","E","R","M","R","M","R","B",null,"M","?","M","?","M","R","$","E","T","R","T","M","$","?","R","B"],"character_chosen":"IRONCLAD","items_purchased":["ClockworkSouvenir","Weak Potion","Dark Embrace","GamblersBrew"],"campfire_rested":3,"item_purchase_floors":[24,24,24,30],"current_hp_per_floor":[72,72,72,72,72,72,75,75,75,42,42,52,52,58,58,24,89,93,93,84,65,29,59,59,20,20,53,53,33,33,33,67,5,5],"gold":59,"neow_bonus":"ONE_RARE_RELIC","is_daily":false,"chose_seed":false,"campfire_upgraded":4,"win_rate":0.0,"timestamp":1613300379,"path_taken":["M","?","$","M","M","R","?","M","T","E","R","M","R","M","R","BOSS","M","?","M","?","?","R","$","E","T","R","?","M","$","?","R","BOSS"],"items_purchased_type":["Relic","Potion","Card","Potion"],"build_version":"2020-12-22","purchased_purges":0,"victory":false,"max_hp_per_floor":[72,72,72,72,72,72,75,78,78,81,81,85,85,85,85,89,89,93,93,97,102,102,102,102,111,111,111,111,115,115,115,115,115,115],"card_choices":[{"not_picked":["Rampage","Wild Strike"],"picked":"Pommel Strike","floor":1},{"not_picked":["Sever Soul","Rupture"],"picked":"Shrug It Off","floor":4},{"not_picked":["Warcry","Perfected Strike"],"picked":"Feed","floor":5},{"not_picked":["Warcry","Inflame"],"picked":"Iron Wave","floor":7},{"not_picked":["Iron Wave","Blood for Blood"],"picked":"Burning Pact","floor":8},{"not_picked":["Burning Pact","Pommel Strike","Warcry"],"picked":"SKIP","floor":10},{"not_picked":["Heavy Blade","Rampage"],"picked":"Immolate","floor":12},{"not_picked":["Metallicize","Hemokinesis","Sword Boomerang"],"picked":"SKIP","floor":14},{"not_picked":["Offering","Juggernaut"],"picked":"Berserk","floor":16},{"not_picked":["Battle Trance","Havoc"],"picked":"Sever Soul","floor":18},{"not_picked":["Cleave","Iron Wave"],"picked":"Fire Breathing","floor":20},{"not_picked":["Carnage","Sword Boomerang+1"],"picked":"Shrug It Off+1","floor":22},{"not_picked":["Perfected Strike","Sword Boomerang","Berserk"],"picked":"SKIP","floor":25},{"not_picked":["Anger+1","Hemokinesis"],"picked":"Headbutt","floor":29}],"player_experience":462657,"relics_obtained":[{"floor":10,"key":"Matryoshka"},{"floor":25,"key":"Omamori"},{"floor":26,"key":"StrikeDummy"},{"floor":26,"key":"Pantograph"},{"floor":28,"key":"Kunai"},{"floor":28,"key":"Paper Frog"}],"event_choices":[{"damage_healed":0,"gold_gain":0,"player_choice":"Trade","damage_taken":0,"relics_obtained":["NlothsMask"],"max_hp_gain":0,"max_hp_loss":0,"event_name":"FaceTrader","floor":2,"gold_loss":0},{"damage_healed":0,"gold_gain":0,"player_choice":"Obtained Relic","damage_taken":0,"relics_obtained":["Akabeko"],"max_hp_gain":0,"max_hp_loss":0,"event_name":"Addict","floor":19,"gold_loss":85},{"damage_healed":0,"gold_gain":0,"player_choice":"Shed Blood","damage_taken":24,"max_hp_gain":5,"max_hp_loss":0,"event_name":"Forgotten Altar","floor":21,"gold_loss":0},{"damage_healed":0,"gold_gain":0,"cards_transformed":["Defend_R","Strike_R"],"player_choice":"Became Test Subject","damage_taken":0,"max_hp_gain":0,"max_hp_loss":0,"event_name":"Drug Dealer","floor":31,"gold_loss":0,"cards_obtained":["Infernal Blade","Dual Wield"]}],"is_beta":false,"boss_relics":[{"not_picked":["Tiny House","Velvet Choker"],"picked":"Black Blood"}],"items_purged_floors":[],"is_endless":false,"potions_floor_spawned":[4,7,8,14,18,25],"killed_by":"Collector","ascension_level":3}}