{"host":"gtoa8h4im74f14p0","time":1613344510,"event":{"mods":["AchievementEnabler","BaseMod","Block Reminder","Colored Powertips","Downfall","Hermit","Minty Spire (QoL Compilation)","Reliquary","Shop Mod","StSLib","The Cursed","The Marked"],"gold_per_floor":[110,1,1,56,11,11,30,30,30,30,43,19,47,61,61,159,159,173,185,185,27,42,42,42,56,56,56,56,67,67,67,67,163,163,176,176,226,226,238,238,238],"floor_reached":40,"language":"ENG","playtime":2292,"items_purged":[],"score":407,"play_id":"e9f88d0d-0ae0-4181-83a0-da57561409c2","local_time":"20210214181510","is_ascension_mode":false,"campfire_choices":[{"data":"Poisoned Stab","floor":6,"key":"SMITH"},{"data":"Caltrops","floor":8,"key":"SMITH"},{"data":"Survivor","floor":10,"key":"SMITH"},{"data":"Poisoned Stab","floor":15,"key":"SMITH"},{"floor":24,"key":"REST"},{"data":"Noxious Fumes","floor":27,"key":"SMITH"},{"floor":30,"key":"REST"},{"data":"Noxious Fumes","floor":32,"key":"SMITH"}],"circlet_count":0,"master_deck":["Strike_G","Strike_G","Strike_G","Strike_G","Strike_G","Defend_G","Defend_G","Defend_G","Defend_G","Defend_G","Survivor+1","Neutralize","Reflex","Footwork+1","All Out Attack","Poisoned Stab+1","Caltrops+1","Poisoned Stab+1","Dodge and Roll","Quick Slash","Slice","Die Die Die","Noxious Fumes+1","All Out Attack+1","Noxious Fumes+1","Good Instincts","Backflip+1","Acrobatics","Writhe","Caltrops+1","Bullet Time","Tools of the Trade","Bouncing Flask+1","The Bomb","Metamorphosis","Secret Technique","Blade Dance","Backstab+1"],"relics":["Ring of the Snake","White Beast Statue","reliquary:RadioactivePellet","bronze:MakeshiftBattery","reliquary:QuartzCube","Pocketwatch","WristBlade","Ice Cream"],"acts_visited":["Exordium","TheCity","TheBeyond"],"potions_floor_usage":[13,16,16,25,29,33,33,33,35,40,40],"damage_taken":[{"damage":0,"enemies":"Small Slimes","floor":1,"turns":4},{"damage":0,"enemies":"2 Louse","floor":7,"turns":2},{"damage":0,"enemies":"Jaw Worm","floor":11,"turns":3},{"damage":8,"enemies":"Gremlin Nob","floor":13,"turns":5},{"damage":0,"enemies":"Exordium Thugs","floor":14,"turns":5},{"damage":27,"enemies":"Hexaghost","floor":16,"turns":8},{"damage":10,"enemies":"Shell Parasite","floor":18,"turns":5},{"damage":5,"enemies":"3 Byrds","floor":19,"turns":2},{"damage":14,"enemies":"3 Cultists","floor":22,"turns":4},{"damage":9,"enemies":"Centurion and Healer","floor":25,"turns":6},{"damage":15,"enemies":"Sentry and Sphere","floor":29,"turns":6},{"damage":61,"enemies":"Champ","floor":33,"turns":14},{"damage":5,"enemies":"3 Shapes","floor":35,"turns":4},{"damage":20,"enemies":"Mind Bloom Boss Battle","floor":37,"turns":6},{"damage":12,"enemies":"Orb Walker","floor":39,"turns":4},{"damage":60,"enemies":"Reptomancer","floor":40,"turns":6}],"seed_played":"8485446438441845734","potions_obtained":[{"floor":11,"key":"AttackPotion"},{"floor":13,"key":"Poison Potion"},{"floor":14,"key":"hexamod:SoulburnPotion"},{"floor":16,"key":"champ:CounterPotion"},{"floor":18,"key":"hexamod:SoulburnPotion"},{"floor":19,"key":"bronze:BurnAndBuffPotion"},{"floor":22,"key":"EssenceOfSteel"},{"floor":25,"key":"Regen Potion"},{"floor":29,"key":"sneckomod:MuddlingPotion"},{"floor":33,"key":"FearPotion"},{"floor":35,"key":"FairyPotion"},{"floor":37,"key":"SteroidPotion"},{"floor":39,"key":"Weak Potion"}],"is_trial":false,"path_per_floor":["M","$","?","?","$","R","M","R","T","R","M","$","E","M","R","B",null,"M","M","?","$","M","$","R","M","T","R","?","M","R","?","R","B",null,"M","?","?","?","M","E"],"character_chosen":"THE_SILENT","items_purchased":["Footwork","All Out Attack","Poisoned Stab","Dodge and Roll","Noxious Fumes","Good Instincts"],"campfire_rested":2,"item_purchase_floors":[2,2,5,12,21,21],"current_hp_per_floor":[77,77,77,77,77,77,77,77,77,77,77,77,69,69,69,42,77,67,62,62,62,48,48,71,62,62,62,62,52,75,75,75,14,77,72,62,42,42,30,0,0],"gold":238,"neow_bonus":"TEN_PERCENT_HP_BONUS","is_daily":false,"chose_seed":false,"campfire_upgraded":6,"win_rate":0.0,"timestamp":1613344510,"path_taken":["M","$","?","?","$","R","M","R","T","R","M","?","E","M","R","BOSS","M","M","?","$","?","$","R","M","T","R","?","M","R","?","R","BOSS","M","?","?","?","M","E"],"items_purchased_type":["Card","Card","Card","Card","Card","Card"],"build_version":"2020-12-22","purchased_purges":0,"victory":false,"max_hp_per_floor":[77,77,77,77,77,77,77,77,77,77,77,77,77,77,77,77,77,77,77,77,77,77,77,77,77,77,77,77,77,77,77,77,77,77,77,77,77,77,77,77,77],"card_choices":[{"not_picked":["Dagger Spray","Outmaneuver"],"picked":"Reflex","floor":1},{"not_picked":["Dagger Throw","Flying Knee"],"picked":"Caltrops","floor":7},{"not_picked":["Endless Agony","Reflex"],"picked":"Poisoned Stab","floor":11},{"not_picked":["Dodge and Roll","Skewer"],"picked":"Quick Slash","floor":13},{"not_picked":["Blade Dance","Finisher"],"picked":"Slice","floor":14},{"not_picked":["After Image","Burst"],"picked":"Die Die Die","floor":16},{"not_picked":["Sucker Punch","Poisoned Stab"],"picked":"Noxious Fumes","floor":18},{"not_picked":["Underhanded Strike","Deflect"],"picked":"All Out Attack+1","floor":19},{"not_picked":["Dodge and Roll","Sucker Punch+1"],"picked":"Backflip+1","floor":22},{"not_picked":["PiercingWail","Quick Slash"],"picked":"Acrobatics","floor":25},{"not_picked":["Noxious Fumes","Flying Knee"],"picked":"Caltrops+1","floor":29},{"not_picked":["Phantasmal Killer","Venomology"],"picked":"Tools of the Trade","floor":33},{"not_picked":["Slice","Deflect+1"],"picked":"Bouncing Flask+1","floor":35},{"not_picked":["Purity","Master of Strategy"],"picked":"The Bomb","floor":36},{"not_picked":["Finesse","Dark Shackles"],"picked":"Metamorphosis","floor":36},{"not_picked":["HandOfGreed","Bandage Up"],"picked":"Secret Technique","floor":36},{"not_picked":["Riddle With Holes+1","Acrobatics+1"],"picked":"Blade Dance","floor":37},{"not_picked":["Flying Knee","Malaise"],"picked":"Backstab+1","floor":39}],"player_experience":30242,"relics_obtained":[{"floor":9,"key":"White Beast Statue"},{"floor":13,"key":"reliquary:RadioactivePellet"},{"floor":26,"key":"reliquary:QuartzCube"},{"floor":37,"key":"Ice Cream"}],"event_choices":[{"damage_healed":0,"gold_gain":0,"player_choice":"Grow","damage_taken":0,"max_hp_gain":0,"max_hp_loss":0,"event_name":"Living Wall","floor":3,"gold_loss":0,"cards_upgraded":["Footwork"]},{"damage_healed":0,"gold_gain":55,"player_choice":"Gained Gold","damage_taken":0,"max_hp_gain":0,"max_hp_loss":0,"event_name":"Golden Wing","floor":4,"gold_loss":0},{"damage_healed":0,"gold_gain":0,"player_choice":"Bought 0 Potions","damage_taken":0,"max_hp_gain":0,"max_hp_loss":0,"event_name":"The Woman in Blue","floor":20,"gold_loss":0},{"damage_healed":0,"gold_gain":0,"player_choice":"Opened","damage_taken":0,"relics_obtained":["Pocketwatch"],"max_hp_gain":0,"max_hp_loss":0,"event_name":"The Mausoleum","floor":28,"gold_loss":0,"cards_obtained":["Writhe"]},{"damage_healed":0,"gold_gain":0,"player_choice":"Read","damage_taken":0,"max_hp_gain":0,"max_hp_loss":0,"event_name":"The Library","floor":31,"gold_loss":0,"cards_obtained":["Bullet Time"]},{"damage_healed":0,"gold_gain":0,"player_choice":"Memory 3","damage_taken":10,"max_hp_gain":0,"max_hp_loss":0,"event_name":"SensoryStone","floor":36,"gold_loss":0},{"damage_healed":0,"gold_gain":0,"player_choice":"Fight","damage_taken":0,"max_hp_gain":0,"max_hp_loss":0,"event_name":"MindBloom","floor":37,"gold_loss":0},{"damage_healed":0,"gold_gain":0,"player_choice":"Ignored","damage_taken":0,"max_hp_gain":0,"max_hp_loss":0,"event_name":"Mysterious Sphere","floor":38,"gold_loss":0}],"is_beta":false,"boss_relics":[{"not_picked":["reliquary:RedPaperclip","reliquary:WritOfMandamus"],"picked":"bronze:MakeshiftBattery"},{"not_picked":["SlaversCollar","reliquary:RedCape"],"picked":"WristBlade"}],"items_purged_floors":[],"is_endless":false,"potions_floor_spawned":[11,13,14,16,18,19,22,25,29,33,35,37,39],"killed_by":"Reptomancer","ascension_level":0}}