{"host":"xy5qih4nvxccm4rc","time":1613346737,"event":{"mods":["AchievementEnabler","BaseMod","Minty Spire (QoL Compilation)","StSLib"],"gold_per_floor":[113,124,135,151,161,194,212,212,212,225,225,0,32,8,8,8,8],"floor_reached":16,"language":"ENG","playtime":471,"items_purged":[],"score":120,"play_id":"2a15d800-7ba2-4c8e-a31f-dcfbe5eddd68","local_time":"20210214175217","is_ascension_mode":true,"campfire_choices":[{"data":"Genetic Algorithm","floor":8,"key":"SMITH"},{"data":"Self Repair","floor":11,"key":"SMITH"},{"data":"Static Discharge","floor":15,"key":"SMITH"}],"circlet_count":0,"master_deck":["Strike_B+1","Strike_B","Strike_B+1","Strike_B","Defend_B","Defend_B","Defend_B","Defend_B","Zap","Dualcast","Genetic Algorithm+1","Machine Learning","Capacitor","Self Repair+1","Ball Lightning","Rip and Tear","Doom and Gloom","Cold Snap","Self Repair+1","Coolheaded","Static Discharge+1","Turbo"],"relics":["Cracked Core","NeowsBlessing","Whetstone","DollysMirror","Bottled Lightning"],"acts_visited":["Exordium"],"potions_floor_usage":[6,6,13,16],"damage_taken":[{"damage":0,"enemies":"Cultist","floor":1,"turns":1},{"damage":0,"enemies":"2 Louse","floor":2,"turns":1},{"damage":0,"enemies":"Jaw Worm","floor":3,"turns":1},{"damage":17,"enemies":"Blue Slaver","floor":4,"turns":5},{"damage":14,"enemies":"2 Fungi Beasts","floor":5,"turns":5},{"damage":32,"enemies":"3 Sentries","floor":6,"turns":9},{"damage":14,"enemies":"3 Louse","floor":7,"turns":3},{"damage":15,"enemies":"Looter","floor":10,"turns":3},{"damage":11,"enemies":"Lagavulin","floor":13,"turns":6},{"damage":35,"enemies":"The Guardian","floor":16,"turns":4}],"seed_played":"-105000771342567434","potions_obtained":[{"floor":1,"key":"AttackPotion"},{"floor":2,"key":"Regen Potion"},{"floor":6,"key":"FocusPotion"},{"floor":13,"key":"SpeedPotion"}],"is_trial":false,"path_per_floor":["M","M","M","M","M","E","M","R","T","M","R","$","E","$","R","B"],"character_chosen":"DEFECT","items_purchased":["DollysMirror","Coolheaded","FocusPotion","Turbo"],"campfire_rested":0,"item_purchase_floors":[12,12,12,14],"current_hp_per_floor":[75,75,75,58,51,41,34,34,34,26,26,26,35,35,35,0,0],"gold":8,"neow_bonus":"THREE_ENEMY_KILL","is_daily":false,"chose_seed":false,"campfire_upgraded":3,"win_rate":0.0,"timestamp":1613346737,"path_taken":["M","M","M","M","M","E","M","R","T","M","R","$","E","$","R","BOSS"],"items_purchased_type":["Relic","Card","Potion","Card"],"build_version":"2020-12-22","purchased_purges":0,"victory":false,"max_hp_per_floor":[75,75,75,75,75,75,75,75,75,75,75,75,75,75,75,75,75],"card_choices":[{"not_picked":["Hologram","Sweeping Beam"],"picked":"Genetic Algorithm","floor":1},{"not_picked":["Stack","Glacier"],"picked":"Machine Learning","floor":2},{"not_picked":["Conserve Battery","Rebound"],"picked":"Capacitor","floor":3},{"not_picked":["Auto Shields","Gash"],"picked":"Self Repair","floor":4},{"not_picked":["Compile Driver","Chaos"],"picked":"Ball Lightning","floor":5},{"not_picked":["Reprogram","Darkness"],"picked":"Rip and Tear","floor":6},{"not_picked":["Tempest","Fusion"],"picked":"Doom and Gloom","floor":7},{"not_picked":["Barrage","Gash"],"picked":"Cold Snap","floor":10},{"not_picked":["Redo","Coolheaded"],"picked":"Static Discharge","floor":13}],"player_experience":337029,"relics_obtained":[{"floor":6,"key":"Whetstone"},{"floor":13,"key":"Bottled Lightning"}],"event_choices":[],"is_beta":false,"boss_relics":[],"items_purged_floors":[],"is_endless":false,"potions_floor_spawned":[1,2,6,13],"killed_by":"The Guardian","ascension_level":1}}