{"host":"wbn3xdfsa5pc2kse","time":1613325566,"event":{"mods":["AchievementEnabler","BaseMod","Bestiary","Colored Map","Colored Powertips","Curses Come First","Highlight Path","Minty Spire (QoL Compilation)","Permanent Neow","Rare Cards Sparkle","Relic Stats","StSLib"],"gold_per_floor":[367,25,25,37,55,55,86,98,98,98,111,128,51,51,51,140,140,158,191,191,205,225,225,225,52,78,78,92,105,146,164,164,258,258,283,283,308,333,94,125,125,125,125,81,81,81,124,144,144,144,144],"floor_reached":50,"language":"ZHT","playtime":1514,"items_purged":["Writhe","Defend_R"],"score":1035,"play_id":"d9f61a25-b05f-421d-9be3-08224644a20c","local_time":"20210215015926","is_ascension_mode":true,"campfire_choices":[{"floor":6.0,"key":"REST"},{"data":"Clothesline","floor":10.0,"key":"SMITH"},{"data":"Immolate","floor":15.0,"key":"SMITH"},{"data":"Armaments","floor":23.0,"key":"SMITH"},{"data":"Offering","floor":27.0,"key":"SMITH"},{"data":"Burning Pact","floor":32.0,"key":"SMITH"},{"data":"Bash","floor":42.0,"key":"SMITH"},{"data":"Sword Boomerang","floor":49.0,"key":"SMITH"}],"circlet_count":0,"master_deck":["AscendersBane","Defend_R","Defend_R","Defend_R","Bash+1","Sword Boomerang+1","Combust+1","Metallicize+1","Clothesline+1","Immolate+1","Thunderclap","Feel No Pain+1","Combust+1","Offering+1","Armaments+1","Inflame+1","Bite","Bite","Bite","Bite","Bite","Burning Pact+1","Metallicize+1","Feel No Pain+1","Demon Form+1","Disarm+1","Warcry+1","Feel No Pain+1","Flame Barrier+1","Feel No Pain+1","Madness","Madness","Sword Boomerang+1"],"relics":["Burning Blood","Frozen Egg 2","Mummified Hand","Incense Burner","Calipers","Golden Idol","Philosopher\u0027s Stone","Red Mask","PreservedInsect","Happy Flower","Meat on the Bone","Coffee Dripper","Question Card","Pocketwatch","Darkstone Periapt","Singing Bowl","Ice Cream"],"acts_visited":["Exordium","TheCity","TheBeyond"],"potions_floor_usage":[50],"damage_taken":[{"damage":18.0,"enemies":"Small Slimes","floor":1.0,"turns":6.0},{"damage":12.0,"enemies":"Jaw Worm","floor":4.0,"turns":4.0},{"damage":5.0,"enemies":"2 Louse","floor":5.0,"turns":4.0},{"damage":24.0,"enemies":"Gremlin Nob","floor":7.0,"turns":4.0},{"damage":4.0,"enemies":"Exordium Wildlife","floor":8.0,"turns":4.0},{"damage":11.0,"enemies":"Large Slime","floor":11.0,"turns":3.0},{"damage":8.0,"enemies":"Red Slaver","floor":12.0,"turns":4.0},{"damage":15.0,"enemies":"Slime Boss","floor":16.0,"turns":6.0},{"damage":5.0,"enemies":"Spheric Guardian","floor":18.0,"turns":3.0},{"damage":39.0,"enemies":"Masked Bandits","floor":19.0,"turns":4.0},{"damage":19.0,"enemies":"Chosen","floor":21.0,"turns":5.0},{"damage":3.0,"enemies":"Centurion and Healer","floor":22.0,"turns":3.0},{"damage":14.0,"enemies":"Sentry and Sphere","floor":28.0,"turns":3.0},{"damage":15.0,"enemies":"Snecko","floor":29.0,"turns":3.0},{"damage":18.0,"enemies":"Slavers","floor":30.0,"turns":4.0},{"damage":11.0,"enemies":"Shelled Parasite and Fungi","floor":31.0,"turns":2.0},{"damage":48.0,"enemies":"Automaton","floor":33.0,"turns":10.0},{"damage":18.0,"enemies":"3 Shapes","floor":35.0,"turns":7.0},{"damage":8.0,"enemies":"Orb Walker","floor":37.0,"turns":3.0},{"damage":14.0,"enemies":"Writhing Mass","floor":38.0,"turns":6.0},{"damage":12.0,"enemies":"Giant Head","floor":40.0,"turns":6.0},{"damage":8.0,"enemies":"Nemesis","floor":47.0,"turns":5.0},{"damage":9.0,"enemies":"4 Shapes","floor":48.0,"turns":3.0},{"damage":93,"enemies":"Awakened One","floor":50,"turns":9}],"seed_played":"135027466318523763","potions_obtained":[{"floor":4.0,"key":"FearPotion"},{"floor":5.0,"key":"EntropicBrew"},{"floor":7.0,"key":"BloodPotion"},{"floor":18.0,"key":"BloodPotion"},{"floor":21.0,"key":"SpeedPotion"},{"floor":29.0,"key":"ElixirPotion"},{"floor":33.0,"key":"Explosive Potion"},{"floor":37.0,"key":"BloodPotion"}],"is_trial":false,"path_per_floor":["M","$","?","M","M","R","E","M","T","R","M","M","$","?","R","B",null,"M","?","?","M","M","R","?","$","T","R","M","M","E","M","R","B",null,"M","?","M","M","$","E","?","R","T","$","?","T","E","M","R","B"],"character_chosen":"IRONCLAD","items_purchased":["Frozen Egg 2","Combust+1","PreservedInsect","Feel No Pain+1","Energy Potion","Feel No Pain+1"],"campfire_rested":1,"item_purchase_floors":[2,13,25,39,39,44],"current_hp_per_floor":[56,56,21,15,16,38,20,22,22,37,32,30,30,30,30,21,56,57,37,37,32,42,42,42,42,42,42,41,42,38,35,35,33,44,41,41,47,47,47,47,44,44,44,44,36,36,46,47,47,0,0],"gold":144,"neow_bonus":"TWO_FIFTY_GOLD","is_daily":false,"chose_seed":false,"campfire_upgraded":7,"win_rate":0.0,"timestamp":1613325566,"path_taken":["M","$","?","M","M","R","E","M","T","R","M","M","$","?","R","BOSS","M","?","?","M","M","R","?","$","T","R","?","M","E","M","R","BOSS","M","?","M","?","$","E","?","R","T","?","?","?","E","M","R","BOSS"],"items_purchased_type":["Relic","Card","Relic","Card","Potion","Card"],"build_version":"2020-12-22","purchased_purges":2,"victory":false,"max_hp_per_floor":[75,75,75,75,75,75,75,75,75,75,75,75,75,68,68,68,68,68,68,47,47,47,47,47,47,47,47,47,47,47,47,47,47,47,47,47,47,47,47,47,47,47,47,47,47,47,47,49,49,49,49],"relic_stats":{"Darkstone Periapt":0,"Happy Flower":[20],"Singing Bowl":2,"counters":[24,111],"Mummified Hand":[111],"Golden Idol":107,"PreservedInsect":221,"Question Card":5,"obtain_stats":[{"Darkstone Periapt":43,"Ice Cream":47,"Calipers":9,"Happy Flower":26,"Singing Bowl":46,"Golden Idol":14,"PreservedInsect":25,"Incense Burner":7,"Frozen Egg 2":2,"Question Card":36,"Burning Blood":0,"Mummified Hand":3,"Philosopher\u0027s Stone":17,"Red Mask":19,"Coffee Dripper":34,"Meat on the Bone":30,"Pocketwatch":40},{"Darkstone Periapt":21,"Ice Cream":22,"Calipers":5,"Happy Flower":12,"Singing Bowl":21,"Golden Idol":7,"PreservedInsect":12,"Incense Burner":4,"Frozen Egg 2":1,"Question Card":18,"Burning Blood":0,"Mummified Hand":1,"Philosopher\u0027s Stone":8,"Red Mask":10,"Coffee Dripper":17,"Meat on the Bone":15,"Pocketwatch":21},{"Darkstone Periapt":94,"Ice Cream":99,"Calipers":22,"Happy Flower":50,"Singing Bowl":94,"Golden Idol":29,"PreservedInsect":50,"Incense Burner":18,"Frozen Egg 2":6,"Question Card":79,"Burning Blood":0,"Mummified Hand":6,"Philosopher\u0027s Stone":35,"Red Mask":42,"Coffee Dripper":72,"Meat on the Bone":60,"Pocketwatch":94}],"Burning Blood":132,"Meat on the Bone":12,"Pocketwatch":[6]},"card_choices":[{"not_picked":["Havoc","Wild Strike"],"picked":"Sword Boomerang","floor":1.0},{"not_picked":["Armaments","Twin Strike"],"picked":"Combust+1","floor":4.0},{"not_picked":["Warcry","Iron Wave"],"picked":"Metallicize+1","floor":5.0},{"not_picked":["Burning Pact","Seeing Red"],"picked":"Clothesline","floor":7.0},{"not_picked":["Iron Wave","Power Through"],"picked":"Immolate","floor":8.0},{"not_picked":["Body Slam","Cleave"],"picked":"Thunderclap","floor":11.0},{"not_picked":["Power Through","Flex"],"picked":"Feel No Pain+1","floor":12.0},{"not_picked":["Impervious","Bludgeon"],"picked":"Offering","floor":16.0},{"not_picked":["Thunderclap","Infernal Blade"],"picked":"Armaments","floor":18.0},{"not_picked":["Pommel Strike","Dropkick+1"],"picked":"Inflame+1","floor":19.0},{"not_picked":["Heavy Blade","Perfected Strike","Reckless Charge"],"picked":"SKIP","floor":21.0},{"not_picked":["Clothesline","Perfected Strike","Anger"],"picked":"SKIP","floor":22.0},{"not_picked":["True Grit","Feed","Armaments"],"picked":"SKIP","floor":28.0},{"not_picked":["Seeing Red","Entrench"],"picked":"Burning Pact","floor":29.0},{"not_picked":["Sword Boomerang","Pommel Strike"],"picked":"Metallicize+1","floor":30.0},{"not_picked":["Thunderclap+1","Clash"],"picked":"Feel No Pain+1","floor":31.0},{"not_picked":["Offering","Bludgeon"],"picked":"Demon Form+1","floor":33.0},{"not_picked":["True Grit","Thunderclap"],"picked":"Disarm+1","floor":35.0},{"not_picked":["Body Slam","Rage","Reckless Charge"],"picked":"Warcry+1","floor":37.0},{"not_picked":["Uppercut","Perfected Strike+1","Heavy Blade","Spot Weakness"],"picked":"SKIP","floor":38.0},{"not_picked":["Headbutt","Combust+1","Flex"],"picked":"Flame Barrier+1","floor":40.0},{"not_picked":["Hemokinesis","Shrug It Off+1","Twin Strike+1"],"picked":"Sword Boomerang+1","floor":47.0},{"not_picked":["True Grit","Thunderclap","Shrug It Off+1","Perfected Strike"],"picked":"Singing Bowl","floor":48.0}],"player_experience":815795,"relics_obtained":[{"floor":7.0,"key":"Incense Burner"},{"floor":9.0,"key":"Calipers"},{"floor":19.0,"key":"Red Mask"},{"floor":26.0,"key":"Happy Flower"},{"floor":30.0,"key":"Meat on the Bone"},{"floor":40.0,"key":"Pocketwatch"},{"floor":43.0,"key":"Darkstone Periapt"},{"floor":46.0,"key":"Singing Bowl"},{"floor":47.0,"key":"Ice Cream"}],"event_choices":[{"damage_healed":0.0,"max_hp_gain":0.0,"max_hp_loss":0.0,"gold_gain":0.0,"event_name":"Scrap Ooze","player_choice":"Success","floor":3.0,"gold_loss":0.0,"damage_taken":35.0,"relics_obtained":["Mummified Hand"]},{"damage_healed":0.0,"max_hp_gain":0.0,"max_hp_loss":7.0,"gold_gain":0.0,"event_name":"Golden Idol","player_choice":"Lose Max HP","floor":14.0,"gold_loss":0.0,"damage_taken":0.0,"relics_obtained":["Golden Idol"]},{"damage_healed":0.0,"max_hp_gain":0.0,"max_hp_loss":0.0,"gold_gain":0.0,"event_name":"Masked Bandits","player_choice":"Fought Bandits","floor":19.0,"gold_loss":0.0,"damage_taken":0.0},{"damage_healed":0.0,"max_hp_gain":0.0,"max_hp_loss":21.0,"gold_gain":0.0,"event_name":"Vampires","player_choice":"Became a vampire","floor":20.0,"gold_loss":0.0,"damage_taken":0.0,"cards_obtained":["Bite","Bite","Bite","Bite","Bite"]},{"damage_healed":0.0,"max_hp_gain":0.0,"max_hp_loss":0.0,"gold_gain":0.0,"event_name":"Ghosts","player_choice":"Ignored","floor":24.0,"gold_loss":0.0,"damage_taken":0.0},{"damage_healed":0.0,"max_hp_gain":0.0,"max_hp_loss":0.0,"gold_gain":0.0,"event_name":"WeMeetAgain","player_choice":"Gave Potion","floor":36.0,"gold_loss":0.0,"damage_taken":0.0,"relics_obtained":["Question Card"]},{"damage_healed":0.0,"max_hp_gain":0.0,"max_hp_loss":0.0,"gold_gain":0.0,"event_name":"The Woman in Blue","player_choice":"Bought 0 Potions","floor":41.0,"gold_loss":0.0,"damage_taken":0.0},{"damage_healed":0.0,"max_hp_gain":0.0,"max_hp_loss":0.0,"gold_gain":0.0,"event_name":"Winding Halls","player_choice":"Embrace Madness","floor":45.0,"gold_loss":0.0,"damage_taken":8.0,"cards_obtained":["Madness","Madness"]}],"is_beta":false,"boss_relics":[{"not_picked":["Runic Dome","Snecko Eye"],"picked":"Philosopher\u0027s Stone"},{"not_picked":["Tiny House","SacredBark"],"picked":"Coffee Dripper"}],"items_purged_floors":[2,39],"is_endless":false,"potions_floor_spawned":[4,5,7,16,18,21,29,30,33,37],"killed_by":"Awakened One","ascension_level":16}}