{"host":"cu9pmx35u9q23maj","time":1613266837,"event":{"mods":["2.2 Compatiblity","AchievementEnabler","BaseMod","Better Third Choice","Colored Map","Colored Powertips","Highlight Path","Hyrulean Relics","Minty Spire (QoL Compilation)","Replay The Spire","Small Relic Pack","StSLib"],"gold_per_floor":[109,120,120,120,140,173,200,200,224,240,250,250,250,268,268,365,365,378,378,401,413,83,112,130,130,181,196,206,55,55,85,85,180,180,200,264,264,264,264],"floor_reached":38,"language":"ENG","playtime":1541,"items_purged":[],"score":564,"play_id":"d7138ecf-8dd9-4d4a-93d9-840a04319638","local_time":"20210213214037","is_ascension_mode":false,"campfire_choices":[{"data":"Hemogenesis","floor":8,"key":"SMITH"},{"data":"Bash","floor":13,"key":"SMITH"},{"data":"Shrug It Off","floor":15,"key":"SMITH"},{"floor":25,"key":"REST"},{"floor":30,"key":"REST"},{"floor":32,"key":"REST"}],"circlet_count":0,"master_deck":["Strike_R","Strike_R","Strike_R+1","Strike_R","Strike_R","Defend_R","Defend_R","Defend_R","Defend_R","Bash+1","Anger+1","Cleave+1","Hemogenesis+1","Anger","Cleave","Shrug It Off+1","Juggernaut","Flame Barrier","Anger+1","Inflame","Spot Weakness","Feed","Life Link","Barricade","Disarm","Rampage+1"],"relics":["Burning Blood","Tiny Chest","Boot","Regal Pillow","Philosopher\u0027s Stone","MawBank","Bronze Scales","Ice Cream","Bag of Marbles","Whetstone","Brimstone","Replay:Towering Pillar of Hats","Runic Cube","Anchor","relicPack:DarknessArmor"],"acts_visited":["Exordium","TheCity","TheBeyond"],"potions_floor_usage":[6,11,16,27,31,34,38,38,38],"damage_taken":[{"damage":7,"enemies":"Jaw Worm","floor":1,"turns":5},{"damage":5,"enemies":"Small Slimes","floor":2,"turns":3},{"damage":1,"enemies":"Cultist","floor":5,"turns":3},{"damage":11,"enemies":"Gremlin Nob","floor":6,"turns":3},{"damage":6,"enemies":"Blue Slaver","floor":10,"turns":4},{"damage":1,"enemies":"2 Fungi Beasts","floor":11,"turns":2},{"damage":5,"enemies":"Gremlin Gang","floor":14,"turns":3},{"damage":48,"enemies":"Fading Forest","floor":16,"turns":11},{"damage":19,"enemies":"Spheric Guardian","floor":18,"turns":4},{"damage":20,"enemies":"Shell Parasite","floor":20,"turns":5},{"damage":36,"enemies":"Book of Stabbing","floor":23,"turns":5},{"damage":12,"enemies":"Snake Plant","floor":24,"turns":4},{"damage":23,"enemies":"Snecko","floor":27,"turns":6},{"damage":29,"enemies":"3 Cultists","floor":28,"turns":5},{"damage":43,"enemies":"Replay:Snechameleon","floor":31,"turns":4},{"damage":61,"enemies":"Pondfish","floor":33,"turns":9},{"damage":30,"enemies":"3 Darklings","floor":35,"turns":4},{"damage":56,"enemies":"2 Orb Walkers","floor":38,"turns":3}],"seed_played":"2593782854906419005","potions_obtained":[{"floor":1,"key":"SteroidPotion"},{"floor":6,"key":"Swift Potion"},{"floor":10,"key":"Regen Potion"},{"floor":24,"key":"Weak Potion"},{"floor":27,"key":"Ancient Potion"},{"floor":28,"key":"ElixirPotion"},{"floor":33,"key":"EntropicBrew"}],"is_trial":true,"path_per_floor":["M","M","$","?","M","E","T","R","T","M","M","?","R","M","R","B",null,"M","T","M","?","$","E","M","R","T","M","M","$","R","E","R","B",null,"M","?","T","?"],"character_chosen":"IRONCLAD","items_purchased":["Inflame","Ice Cream","Brimstone"],"campfire_rested":3,"item_purchase_floors":[22,22,29],"current_hp_per_floor":[79,80,80,80,80,75,75,75,75,80,80,80,80,80,80,62,80,67,67,53,53,53,31,25,64,64,47,35,35,74,40,80,36,89,73,38,38,0,0],"gold":264,"neow_bonus":"","is_daily":false,"chose_seed":false,"campfire_upgraded":3,"win_rate":0.0,"timestamp":1613266837,"path_taken":["M","M","$","?","M","E","?","R","T","M","M","?","R","?","R","BOSS","M","?","M","?","$","E","?","R","T","M","M","$","R","E","R","BOSS","M","?","?","?"],"items_purchased_type":["Card","Relic","Relic"],"build_version":"2020-12-22","purchased_purges":0,"victory":false,"max_hp_per_floor":[80,80,80,80,80,80,80,80,80,80,80,80,80,80,80,80,80,80,80,80,80,80,80,80,80,80,80,83,83,83,86,86,89,89,89,89,89,92,92],"card_choices":[{"not_picked":["Second Wind","Warcry","Clothesline"],"picked":"SKIP","floor":1},{"not_picked":["True Grit","Dropkick"],"picked":"Anger","floor":2},{"not_picked":["Pommel Strike","Searing Blow"],"picked":"Cleave","floor":5},{"not_picked":["Bludgeon","Warcry"],"picked":"Hemogenesis","floor":6},{"not_picked":["Warcry","Headbutt"],"picked":"Anger","floor":10},{"not_picked":["Flex","Life Link"],"picked":"Cleave","floor":11},{"not_picked":["Entrench","Clash"],"picked":"Shrug It Off","floor":14},{"not_picked":["Corruption","Offering"],"picked":"Juggernaut","floor":16},{"not_picked":["Flex","ReplayTheSpireMod:Strike From Hell"],"picked":"Flame Barrier","floor":18},{"not_picked":["Wild Strike","Sever Soul"],"picked":"Anger+1","floor":20},{"not_picked":["Wild Strike","Inflame"],"picked":"Spot Weakness","floor":23},{"not_picked":["Run Through","Inflame"],"picked":"Feed","floor":24},{"not_picked":["Thunderclap","Twin Strike","Perfected Strike"],"picked":"SKIP","floor":27},{"not_picked":["Armaments","Clothesline","Wild Strike"],"picked":"SKIP","floor":28},{"not_picked":["Armaments","Flex"],"picked":"Life Link","floor":31},{"not_picked":["Fiend Fire","Demonic Infusion"],"picked":"Barricade","floor":33},{"not_picked":["Carnage","Life Link"],"picked":"Disarm","floor":35},{"not_picked":["Fire Breathing+1","ReplayTheSpireMod:Stacked"],"picked":"Rampage+1","floor":36}],"player_experience":38831,"relics_obtained":[{"floor":6,"key":"Tiny Chest"},{"floor":7,"key":"Boot"},{"floor":9,"key":"Regal Pillow"},{"floor":19,"key":"MawBank"},{"floor":23,"key":"Bag of Marbles"},{"floor":26,"key":"Whetstone"},{"floor":31,"key":"Replay:Towering Pillar of Hats"},{"floor":36,"key":"Anchor"},{"floor":37,"key":"relicPack:DarknessArmor"}],"event_choices":[{"damage_healed":0,"gold_gain":0,"player_choice":"Leave","damage_taken":0,"max_hp_gain":0,"max_hp_loss":0,"event_name":"The Cleric","floor":4,"gold_loss":0},{"damage_healed":0,"gold_gain":0,"player_choice":"Opened","damage_taken":0,"relics_obtained":["Bronze Scales"],"max_hp_gain":0,"max_hp_loss":0,"event_name":"The Mausoleum","floor":21,"gold_loss":0},{"damage_healed":0,"gold_gain":0,"player_choice":"Fight","damage_taken":0,"max_hp_gain":0,"max_hp_loss":0,"event_name":"Mysterious Sphere","floor":38,"gold_loss":0}],"is_beta":false,"boss_relics":[{"not_picked":["Replay:Wanted Poster","Ectoplasm"],"picked":"Philosopher\u0027s Stone"},{"not_picked":["Abe\u0027s Treasure","Runic Dome"],"picked":"Runic Cube"}],"items_purged_floors":[],"is_endless":true,"potions_floor_spawned":[1,6,10,24,27,28,33,35],"killed_by":"2 Orb Walkers","ascension_level":0}}