{"host":"y080dcqw8fj32q7d","time":1613316361,"event":{"mods":["AchievementEnabler","BaseMod","Colored Map","Colored Powertips","DeckTracker","Minty Spire (QoL Compilation)","Relic Sorter"],"gold_per_floor":[114,132,132,146,164,164,164,164,164],"floor_reached":8,"language":"ENG","playtime":394,"items_purged":[],"score":50,"play_id":"e91f878f-9998-4c41-92c0-53d9c12cb246","local_time":"20210214182601","is_ascension_mode":true,"campfire_choices":[{"data":"Seeing Red","floor":6,"key":"SMITH"}],"circlet_count":0,"master_deck":["Strike_R","Strike_R","Strike_R","Strike_R","Strike_R","Defend_R","Defend_R","Defend_R","Defend_R","Bash","Seeing Red+1","Battle Trance","Flex","Battle Trance","Battle Trance"],"relics":["Burning Blood","NeowsBlessing","Golden Idol"],"acts_visited":["Exordium"],"potions_floor_usage":[8],"damage_taken":[{"damage":0,"enemies":"Jaw Worm","floor":1,"turns":1},{"damage":0,"enemies":"Cultist","floor":2,"turns":1},{"damage":0,"enemies":"Small Slimes","floor":4,"turns":1},{"damage":5,"enemies":"2 Fungi Beasts","floor":5,"turns":4},{"damage":61,"enemies":"Lagavulin","floor":8,"turns":8}],"seed_played":"-3130980579489941234","potions_obtained":[{"floor":1,"key":"DistilledChaos"}],"is_trial":false,"path_per_floor":["M","M","?","M","M","R","?","E"],"character_chosen":"IRONCLAD","items_purchased":[],"campfire_rested":0,"item_purchase_floors":[],"current_hp_per_floor":[80,80,80,80,80,80,60,0,0],"gold":164,"neow_bonus":"THREE_ENEMY_KILL","is_daily":false,"chose_seed":false,"campfire_upgraded":1,"win_rate":0.0,"timestamp":1613316361,"path_taken":["M","M","?","M","?","R","?","E"],"items_purchased_type":[],"build_version":"2020-12-22","purchased_purges":0,"victory":false,"max_hp_per_floor":[80,80,80,80,80,80,80,80,80],"card_choices":[{"not_picked":["Blood for Blood","Bloodletting"],"picked":"Seeing Red","floor":1},{"not_picked":["Clothesline","Warcry","Clash"],"picked":"SKIP","floor":2},{"not_picked":["Wild Strike","Burning Pact"],"picked":"Battle Trance","floor":4},{"not_picked":["Sword Boomerang","Entrench"],"picked":"Battle Trance","floor":5}],"player_experience":298137,"relics_obtained":[],"event_choices":[{"damage_healed":0,"gold_gain":0,"player_choice":"2 cards matched","damage_taken":0,"max_hp_gain":0,"max_hp_loss":0,"event_name":"Match and Keep!","floor":3,"gold_loss":0,"cards_obtained":["Battle Trance","Flex"]},{"damage_healed":0,"gold_gain":0,"player_choice":"Take Damage","damage_taken":20,"relics_obtained":["Golden Idol"],"max_hp_gain":0,"max_hp_loss":0,"event_name":"Golden Idol","floor":7,"gold_loss":0}],"is_beta":false,"boss_relics":[],"items_purged_floors":[],"is_endless":false,"potions_floor_spawned":[1],"killed_by":"Lagavulin","ascension_level":1}}