{"host":"ul3z8ex5o8l5j7mh","time":1613317477,"event":{"mods":["AchievementEnabler","BaseMod","Bestiary","Colored Map","Colored Powertips","DeckTracker","Keyboard Shortcuts","Minty Spire (QoL Compilation)","Relic Sorter","Relic Stats","SuperFastMode"],"gold_per_floor":[119,119,133,53,71,105,105,105,105,132,132,57,76,76,76],"floor_reached":14,"language":"ENG","playtime":329,"items_purged":["Parasite"],"score":110,"play_id":"53f75b0f-f331-4e3c-9f47-4f6fb8c84f07","local_time":"20210214164437","is_ascension_mode":true,"campfire_choices":[{"data":"Rupture","floor":8,"key":"SMITH"}],"circlet_count":0,"master_deck":["Strike_R","Strike_R","Strike_R","Strike_R","Strike_R","Defend_R","Defend_R","Defend_R","Defend_R","Bash","Flame Barrier","Rupture+1","Flame Barrier+1","Ghostly Armor+1","Rage+1"],"relics":["Burning Blood","NeowsBlessing","Toxic Egg 2","Sundial","Letter Opener","Bag of Marbles"],"acts_visited":["Exordium"],"potions_floor_usage":[6,14],"damage_taken":[{"damage":0,"enemies":"Cultist","floor":1,"turns":1},{"damage":0,"enemies":"Small Slimes","floor":3,"turns":1},{"damage":0,"enemies":"Jaw Worm","floor":5,"turns":1},{"damage":63,"enemies":"Lagavulin","floor":6,"turns":13},{"damage":0,"enemies":"3 Louse","floor":13,"turns":5},{"damage":12,"enemies":"3 Sentries","floor":14,"turns":4}],"seed_played":"7823986506941983883","potions_obtained":[{"floor":1,"key":"Ancient Potion"},{"floor":3,"key":"Ancient Potion"},{"floor":6,"key":"FearPotion"}],"is_trial":false,"path_per_floor":["M","T","M","$","M","E","?","R","T","T","?","$","M","E"],"character_chosen":"IRONCLAD","items_purchased":["Rupture"],"campfire_rested":0,"item_purchase_floors":[4],"current_hp_per_floor":[80,80,80,80,80,23,43,43,43,43,43,43,49,37,37],"gold":76,"neow_bonus":"THREE_ENEMY_KILL","is_daily":false,"chose_seed":false,"campfire_upgraded":1,"win_rate":0.0,"timestamp":1613317477,"path_taken":["M","?","M","$","?","E","?","R","T","?","?","$","?","E"],"items_purchased_type":["Card"],"build_version":"2020-12-22","purchased_purges":1,"victory":false,"max_hp_per_floor":[80,80,80,80,80,80,80,80,80,80,80,77,77,77,77],"relic_stats":{"counters":[6,25],"Sundial":[2],"Letter Opener":[0],"obtain_stats":[{"NeowsBlessing":0,"Sundial":6,"Bag of Marbles":10,"Letter Opener":9,"Toxic Egg 2":2,"Burning Blood":0},{"NeowsBlessing":0,"Sundial":4,"Bag of Marbles":4,"Letter Opener":4,"Toxic Egg 2":1,"Burning Blood":0},{"NeowsBlessing":0,"Sundial":16,"Bag of Marbles":16,"Letter Opener":16,"Toxic Egg 2":1,"Burning Blood":0}],"Burning Blood":12},"card_choices":[{"not_picked":["Havoc","Spot Weakness"],"picked":"Flame Barrier","floor":1},{"not_picked":["Iron Wave","Clothesline","Sword Boomerang"],"picked":"SKIP","floor":3},{"not_picked":["Pommel Strike","Infernal Blade+1"],"picked":"Flame Barrier+1","floor":5},{"not_picked":["Sentinel+1","Clothesline"],"picked":"Ghostly Armor+1","floor":6},{"not_picked":["Sever Soul","Shrug It Off+1"],"picked":"Rage+1","floor":13}],"player_experience":374403,"relics_obtained":[{"floor":2,"key":"Toxic Egg 2"},{"floor":6,"key":"Sundial"},{"floor":9,"key":"Letter Opener"},{"floor":10,"key":"Bag of Marbles"}],"event_choices":[{"damage_healed":20,"gold_gain":0,"player_choice":"Healed and dodged fight","damage_taken":0,"max_hp_gain":0,"max_hp_loss":0,"event_name":"Mushrooms","floor":7,"gold_loss":0,"cards_obtained":["Parasite"]},{"damage_healed":0,"gold_gain":0,"player_choice":"Bought 0 Potions","damage_taken":0,"max_hp_gain":0,"max_hp_loss":0,"event_name":"The Woman in Blue","floor":11,"gold_loss":0}],"is_beta":false,"boss_relics":[],"items_purged_floors":[12],"is_endless":false,"potions_floor_spawned":[1,3,6],"killed_by":"3 Sentries","ascension_level":5}}