{"host":"8is2j71l4wmybkoi","time":1613316326,"event":{"mods":["AchievementEnabler","BaseMod","Colored Map","DeckTracker","Minty Spire (QoL Compilation)","Rare Cards Sparkle","Relic Stats","StSLib","SuperFastMode"],"gold_per_floor":[119,139,139,151,151,151,184,184,253,253,287,302,302,333,333,426,426,441,441,29,29,119,119,132,132,157,0,31,31,47,80,80,178,178,194,131,131,150,181,217,217,252,252,252,252,273,45,45,45,45,45],"floor_reached":50,"language":"KOR","playtime":2252,"items_purged":["Strike_G","Strike_G","Defend_G"],"score":1075,"play_id":"e4de6db6-6c01-40d4-a1f1-bace97b7a0d4","local_time":"20210215002526","is_ascension_mode":true,"campfire_choices":[{"floor":6.0,"key":"REST"},{"data":"Terror","floor":8.0,"key":"SMITH"},{"data":"Dash","floor":10.0,"key":"SMITH"},{"data":"Well Laid Plans","floor":15.0,"key":"SMITH"},{"floor":23.0,"key":"REST"},{"floor":25.0,"key":"REST"},{"floor":29.0,"key":"REST"},{"floor":32.0,"key":"REST"},{"floor":41.0,"key":"REST"},{"floor":44.0,"key":"REST"},{"floor":49,"key":"RECALL"}],"circlet_count":0,"master_deck":["AscendersBane","Strike_G","Strike_G","Defend_G","Defend_G","Survivor","Neutralize","Predator","Dash+1","Terror+1","Flying Knee","Bouncing Flask","Well Laid Plans+1","Backflip","Phantasmal Killer","PiercingWail","RitualDagger","Acrobatics","Enlightenment","Prepared+1","Reflex+1","Noxious Fumes","Corpse Explosion","Tools of the Trade","Calculated Gamble","Burst","Cloak And Dagger+1","Footwork+1","Die Die Die+1","Acrobatics","Blur","Acrobatics+1","Backflip+1","Cloak And Dagger+1","Deep Breath+1","Panacea+1","Finesse+1"],"relics":["Ring of the Snake","Nunchaku","Toy Ornithopter","Golden Idol","Bag of Marbles","StrikeDummy","Dream Catcher","Mercury Hourglass","Philosopher\u0027s Stone","Membership Card","Mango","Nilry\u0027s Codex","Bronze Scales","Shuriken","Tingsha","Astrolabe","WingedGreaves","Toxic Egg 2","Happy Flower","Singing Bowl","Ice Cream","TwistedFunnel"],"acts_visited":["Exordium","TheCity","TheBeyond"],"potions_floor_usage":[50],"damage_taken":[{"damage":7.0,"enemies":"Jaw Worm","floor":1.0,"turns":5.0},{"damage":7.0,"enemies":"Small Slimes","floor":2.0,"turns":3.0},{"damage":1.0,"enemies":"2 Louse","floor":4.0,"turns":2.0},{"damage":0.0,"enemies":"3 Sentries","floor":7.0,"turns":3.0},{"damage":17.0,"enemies":"Lagavulin","floor":11.0,"turns":6.0},{"damage":7.0,"enemies":"Large Slime","floor":12.0,"turns":4.0},{"damage":15.0,"enemies":"3 Sentries","floor":14.0,"turns":7.0},{"damage":4.0,"enemies":"Hexaghost","floor":16.0,"turns":7.0},{"damage":19.0,"enemies":"2 Thieves","floor":18.0,"turns":4.0},{"damage":18.0,"enemies":"3 Byrds","floor":24.0,"turns":4.0},{"damage":20.0,"enemies":"Slavers","floor":28.0,"turns":5.0},{"damage":19.0,"enemies":"Snake Plant","floor":30.0,"turns":2.0},{"damage":0.0,"enemies":"Gremlin Leader","floor":31.0,"turns":5.0},{"damage":37.0,"enemies":"Automaton","floor":33.0,"turns":8.0},{"damage":13.0,"enemies":"Orb Walker","floor":35.0,"turns":4.0},{"damage":0.0,"enemies":"3 Shapes","floor":38.0,"turns":2.0},{"damage":5.0,"enemies":"Mind Bloom Boss Battle","floor":39.0,"turns":5.0},{"damage":53.0,"enemies":"Reptomancer","floor":40.0,"turns":6.0},{"damage":23.0,"enemies":"Nemesis","floor":42.0,"turns":5.0},{"damage":0.0,"enemies":"Sphere and 2 Shapes","floor":46.0,"turns":4.0},{"damage":32,"enemies":"Donu and Deca","floor":50,"turns":3}],"seed_played":"4602998597612483832","potions_obtained":[{"floor":1.0,"key":"SkillPotion"},{"floor":7.0,"key":"Poison Potion"},{"floor":14.0,"key":"FearPotion"},{"floor":30.0,"key":"Poison Potion"},{"floor":33.0,"key":"SpeedPotion"},{"floor":35.0,"key":"ColorlessPotion"},{"floor":40.0,"key":"DistilledChaos"},{"floor":46.0,"key":"AttackPotion"}],"is_trial":false,"path_per_floor":["M","M","?","M","?","R","E","R","T","R","E","M","?","E","R","B",null,"M","?","$","?","?","R","M","R","T","$","E","R","M","E","R","B",null,"M","$","?","M","?","E","R","E","T","R","T","M","$","?","R","B"],"character_chosen":"THE_SILENT","items_purchased":["Membership Card","Mango","Acrobatics","Enlightenment","Corpse Explosion","Poison Potion","Ice Cream","TwistedFunnel"],"campfire_rested":7,"item_purchase_floors":[20,20,20,20,27,27,47,47],"current_hp_per_floor":[52,45,27,26,26,44,49,49,49,49,32,25,30,20,20,16,53,34,28,42,21,3,26,13,36,36,36,16,39,25,25,48,16,63,55,55,55,55,50,2,24,6,6,28,28,28,28,18,18,0,0],"gold":45,"neow_bonus":"RANDOM_COMMON_RELIC","is_daily":false,"chose_seed":false,"campfire_upgraded":3,"win_rate":0.0,"timestamp":1613316326,"path_taken":["M","M","?","M","?","R","E","R","T","R","E","M","?","E","R","BOSS","M","?","$","?","?","R","M","R","T","$","E","R","?","E","R","BOSS","M","?","?","M","?","E","R","E","T","R","?","M","$","?","R","BOSS"],"items_purchased_type":["Relic","Relic","Card","Card","Card","Potion","Relic","Relic"],"build_version":"2020-12-22","purchased_purges":3,"victory":false,"max_hp_per_floor":[66,66,66,66,60,60,60,60,60,60,60,60,65,65,65,65,65,65,65,79,79,79,79,79,79,79,79,79,79,79,79,79,79,79,79,79,75,75,75,75,75,75,75,75,75,75,75,75,75,75,75],"relic_stats":{"Happy Flower":[2],"Singing Bowl":0,"counters":[21,94],"Golden Idol":115,"Astrolabe":["Cloak And Dagger","Footwork","Die Die Die"],"Tingsha":[203],"Mercury Hourglass":[278],"Nunchaku":[16],"Dream Catcher":6,"Shuriken":[14],"Bronze Scales":[127],"obtain_stats":[{"Ice Cream":47,"TwistedFunnel":47,"Happy Flower":42,"Singing Bowl":45,"Golden Idol":5,"Nilry\u0027s Codex":21,"Astrolabe":34,"Mango":20,"Tingsha":31,"Mercury Hourglass":14,"Nunchaku":0,"Dream Catcher":11,"Shuriken":28,"Bronze Scales":26,"Philosopher\u0027s Stone":17,"WingedGreaves":39,"Bag of Marbles":7,"Membership Card":20,"Toxic Egg 2":40,"StrikeDummy":9,"Toy Ornithopter":3,"Ring of the Snake":0},{"Ice Cream":20,"TwistedFunnel":20,"Happy Flower":19,"Singing Bowl":19,"Golden Idol":3,"Nilry\u0027s Codex":9,"Astrolabe":14,"Mango":9,"Tingsha":13,"Mercury Hourglass":7,"Nunchaku":0,"Dream Catcher":5,"Shuriken":11,"Bronze Scales":10,"Philosopher\u0027s Stone":8,"WingedGreaves":17,"Bag of Marbles":4,"Membership Card":9,"Toxic Egg 2":18,"StrikeDummy":4,"Toy Ornithopter":2,"Ring of the Snake":0},{"Ice Cream":91,"TwistedFunnel":91,"Happy Flower":87,"Singing Bowl":87,"Golden Idol":10,"Nilry\u0027s Codex":41,"Astrolabe":65,"Mango":41,"Tingsha":57,"Mercury Hourglass":30,"Nunchaku":0,"Dream Catcher":19,"Shuriken":50,"Bronze Scales":45,"Philosopher\u0027s Stone":37,"WingedGreaves":76,"Bag of Marbles":13,"Membership Card":41,"Toxic Egg 2":82,"StrikeDummy":13,"Toy Ornithopter":8,"Ring of the Snake":0}],"Toy Ornithopter":45,"Ring of the Snake":[42]},"card_choices":[{"not_picked":["Calculated Gamble","Slice"],"picked":"Predator","floor":1.0},{"not_picked":["Underhanded Strike","Outmaneuver"],"picked":"Dash","floor":2.0},{"not_picked":["Prepared","Heel Hook"],"picked":"Terror","floor":4.0},{"not_picked":["Outmaneuver","Dagger Spray"],"picked":"Flying Knee","floor":7.0},{"not_picked":["Dash","PiercingWail"],"picked":"Bouncing Flask","floor":11.0},{"not_picked":["Backstab","Outmaneuver"],"picked":"Well Laid Plans","floor":12.0},{"not_picked":["Deadly Poison","Outmaneuver"],"picked":"Backflip","floor":14.0},{"not_picked":["Wraith Form v2","Malaise"],"picked":"Phantasmal Killer","floor":16.0},{"not_picked":["Flechettes","Prepared"],"picked":"PiercingWail","floor":18.0},{"not_picked":["Cloak And Dagger","Poisoned Stab"],"picked":"Prepared+1","floor":23.0},{"not_picked":["Cloak And Dagger","Leg Sweep"],"picked":"Reflex+1","floor":24.0},{"not_picked":["Skewer","Flying Knee"],"picked":"Noxious Fumes","floor":25.0},{"not_picked":["Dagger Throw","Reflex","Masterful Stab+1"],"picked":"SKIP","floor":28.0},{"not_picked":["All Out Attack+1","Dagger Spray"],"picked":"Tools of the Trade","floor":30.0},{"not_picked":["Quick Slash","Bane+1","Skewer"],"picked":"SKIP","floor":31.0},{"not_picked":["Leg Sweep+1","Deflect"],"picked":"Calculated Gamble","floor":32.0},{"not_picked":["Envenom","A Thousand Cuts"],"picked":"Burst","floor":33.0},{"not_picked":["Skewer","Accuracy"],"picked":"Acrobatics","floor":35.0},{"not_picked":["Predator","Deadly Poison","Slice+1"],"picked":"SKIP","floor":38.0},{"not_picked":["Dagger Throw","Dodge and Roll+1"],"picked":"Blur","floor":39.0},{"not_picked":["Prepared+1","Caltrops"],"picked":"Acrobatics+1","floor":40.0},{"not_picked":["Bane","Quick Slash","Dodge and Roll+1"],"picked":"SKIP","floor":42.0},{"not_picked":["Riddle With Holes+1","Setup+1"],"picked":"Backflip+1","floor":44.0},{"not_picked":["Prepared+1","Reflex+1"],"picked":"Cloak And Dagger+1","floor":46.0},{"not_picked":["Madness+1","Mayhem"],"picked":"Deep Breath+1","floor":48.0},{"not_picked":["Flash of Steel","Blind+1"],"picked":"Panacea+1","floor":48.0},{"not_picked":["Dramatic Entrance","Thinking Ahead+1"],"picked":"Finesse+1","floor":48.0}],"player_experience":1214469,"relics_obtained":[{"floor":7.0,"key":"Bag of Marbles"},{"floor":9.0,"key":"StrikeDummy"},{"floor":11.0,"key":"Dream Catcher"},{"floor":14.0,"key":"Mercury Hourglass"},{"floor":21.0,"key":"Nilry\u0027s Codex"},{"floor":26.0,"key":"Bronze Scales"},{"floor":28.0,"key":"Shuriken"},{"floor":31.0,"key":"Tingsha"},{"floor":39.0,"key":"WingedGreaves"},{"floor":40.0,"key":"Toxic Egg 2"},{"floor":42.0,"key":"Happy Flower"},{"floor":45.0,"key":"Singing Bowl"}],"event_choices":[{"damage_healed":0.0,"max_hp_gain":0.0,"max_hp_loss":0.0,"gold_gain":0.0,"event_name":"Scrap Ooze","player_choice":"Success","floor":3.0,"gold_loss":0.0,"damage_taken":18.0,"relics_obtained":["Toy Ornithopter"]},{"damage_healed":0.0,"max_hp_gain":0.0,"max_hp_loss":6.0,"gold_gain":0.0,"event_name":"Golden Idol","player_choice":"Lose Max HP","floor":5.0,"gold_loss":0.0,"damage_taken":0.0,"relics_obtained":["Golden Idol"]},{"damage_healed":0.0,"max_hp_gain":5.0,"max_hp_loss":0.0,"gold_gain":0.0,"event_name":"Big Fish","player_choice":"Donut","floor":13.0,"gold_loss":0.0,"damage_taken":0.0},{"damage_healed":0.0,"max_hp_gain":0.0,"max_hp_loss":0.0,"gold_gain":0.0,"event_name":"Nest","player_choice":"Joined the Cult","floor":19.0,"gold_loss":0.0,"damage_taken":6.0,"cards_obtained":["RitualDagger"]},{"damage_healed":0.0,"max_hp_gain":0.0,"max_hp_loss":0.0,"gold_gain":0.0,"event_name":"Cursed Tome","player_choice":"Obtained Book","floor":21.0,"gold_loss":0.0,"damage_taken":21.0},{"damage_healed":0.0,"max_hp_gain":0.0,"max_hp_loss":0.0,"gold_gain":90.0,"event_name":"Knowing Skull","player_choice":"POTION GOLD ","floor":22.0,"potions_obtained":["Poison Potion"],"gold_loss":0.0,"damage_taken":18.0,"cards_obtained":[]},{"damage_healed":0.0,"max_hp_gain":0.0,"max_hp_loss":4.0,"gold_gain":0.0,"event_name":"Winding Halls","player_choice":"Max HP","floor":37.0,"gold_loss":0.0,"damage_taken":0.0},{"damage_healed":0.0,"max_hp_gain":0.0,"max_hp_loss":0.0,"gold_gain":0.0,"event_name":"MindBloom","player_choice":"Fight","floor":39.0,"gold_loss":0.0,"damage_taken":0.0},{"damage_healed":0.0,"max_hp_gain":0.0,"max_hp_loss":0.0,"gold_gain":0.0,"event_name":"SensoryStone","player_choice":"Memory 3","floor":48.0,"gold_loss":0.0,"damage_taken":10.0}],"is_beta":false,"boss_relics":[{"not_picked":["WristBlade","Busted Crown"],"picked":"Philosopher\u0027s Stone"},{"not_picked":["Coffee Dripper","Ring of the Serpent"],"picked":"Astrolabe"}],"items_purged_floors":[20,27,36],"is_endless":false,"potions_floor_spawned":[1,7,14,30,33,35,40,46],"killed_by":"Donu and Deca","ascension_level":15}}