{"host":"8o45mh5p3pp1o2mi","time":1613260863,"event":{"mods":["BaseMod","Bestiary","Better Match","Better Third Choice","BetterRewards","Dark Map","Downfall","Fox Events","Minty Spire (QoL Compilation)","Rare Cards Sparkle","Relic Stats","Replay The Spire","Shop Mod","Spire Exporter","StSLib","everything is the same but u backflip on backflip"],"gold_per_floor":[113,113,13,25,25,60,60,80,80,133,158,190,190,225,225,338,338,364,364,160,177,181,181],"floor_reached":22,"language":"ENG","playtime":2176,"items_purged":["Strike_G","Defend_G","Defend_G"],"score":453,"play_id":"2ba93e23-ce0f-45e1-b0a7-9bd964f2fb4b","local_time":"20210214000103","is_ascension_mode":true,"campfire_choices":[{"data":"Night Terror","floor":7.0,"key":"SMITH"},{"data":"Catalyst","floor":13,"key":"SMITH"},{"floor":15,"key":"REST"}],"circlet_count":0,"master_deck":["AscendersBane","Strike_G","Strike_G","Strike_G","Defend_G","Defend_G","Defend_G","Neutralize","ReplayTheSpireMod:Faulty Equipment","Draining Mist","Replay:Parry","Deadly Poison+1","Prepared","ReplayTheSpireMod:Speed Training","m_Survivalism","Night Terror+1","Catalyst+1","Corpse Explosion","Wraith Form v2+1","Adrenaline","Backflip","Replay:BasicMightCard+1","Crippling Poison"],"relics":["Ring of the Snake","ReplayTheSpireMod:CursedCoin","Oddly Smooth Stone","Mirror","CaptainsWheel","Question Card","Garlic","Boot","Replay:Bandana","Pen Nib","Frozen Egg 2","Black Star"],"acts_visited":["Exordium","TheCity"],"potions_floor_usage":[12,14,16,18],"damage_taken":[{"damage":0.0,"enemies":"Jaw Worm","floor":1.0,"turns":4.0},{"damage":0.0,"enemies":"Cultist","floor":4.0,"turns":3.0},{"damage":5.0,"enemies":"Replay:BlueRogue","floor":6.0,"turns":5.0},{"damage":0,"enemies":"2 Louse","floor":8,"turns":3},{"damage":11,"enemies":"Large Slime","floor":11,"turns":7},{"damage":20,"enemies":"3 Sentries","floor":12,"turns":11},{"damage":5,"enemies":"Gremlin Nob","floor":14,"turns":3},{"damage":23,"enemies":"Hexaghost","floor":16,"turns":10},{"damage":9,"enemies":"2 Thieves","floor":18,"turns":3},{"damage":0,"enemies":"Chosen","floor":21,"turns":4},{"damage":41,"enemies":"Shelled Parasite and Fungi","floor":22,"turns":4}],"seed_played":"-4001818491552247331","potions_obtained":[{"floor":1.0,"key":"LiquidBronze"},{"floor":12,"key":"Poison Potion"},{"floor":14,"key":"FearPotion"},{"floor":16,"key":"SkillPotion"},{"floor":18,"key":"BlessingOfTheForge"}],"is_trial":false,"path_per_floor":["M","?","$","M","?","E","R","M","T","T","M","E","R","E","R","B",null,"M","?","$","M","M"],"character_chosen":"THE_SILENT","items_purchased":["ReplayTheSpireMod:CursedCoin","Oddly Smooth Stone","Mirror","Draining Mist","Replay:Parry","Deadly Poison+1","Question Card","AttackPotion","Block Potion","Crippling Poison"],"campfire_rested":1,"item_purchase_floors":[0,0,0,0,0,0,0,0,0,20],"current_hp_per_floor":[63,63,63,63,63,58,58,58,58,58,47,27,27,22,43,20,58,49,37,37,37,0,0],"gold":181,"neow_bonus":"","is_daily":false,"chose_seed":false,"campfire_upgraded":2,"win_rate":0.0,"timestamp":1613260863,"path_taken":["M","?","?","M","?","E","R","M","T","?","M","E","R","E","R","BOSS","M","?","$","?","M"],"items_purchased_type":["Relic","Relic","Relic","Card","Card","Card","Relic","Potion","Potion","Card"],"build_version":"2020-12-22","purchased_purges":3,"victory":false,"max_hp_per_floor":[70,70,70,70,70,70,70,70,70,70,70,70,70,70,70,70,70,70,70,70,70,70,70],"relic_stats":{"counters":[199,893],"Pen Nib":[2],"Black Star":0,"Question Card":10,"Boot":[45],"obtain_stats":[{"TwistedFunnel":20,"Spirit Poop":45,"Whetstone":12,"Boot":43,"Old Coin":30,"Blood Vial":0,"Replay:Ringing Soul":42,"Sundial":0,"Replay:Bronze Core":17,"MealTicket":40,"Kunai":32,"Replay:Wax Seal":40,"MerchantsRug":0,"Pear":29,"Blue Candle":43,"ReplayTheSpireMod:Ring of Addiction":3,"Counterbalance":40,"Tingsha":0,"Pen Nib":12,"Akabeko":9,"Snecko Scales":17,"Unceasing Top":0,"Ring of the Serpent":17,"Lantern":48,"Regal Pillow":12,"Torii":3,"Singing Bowl":22,"Painkiller Herb":17,"StoneCalendar":26,"Bag of Preparation":43,"Replay:Multitool":0,"Cursed Key":34,"Replay:Rubber Ducky":20,"BranchBurnRelic":6,"Shovel":23,"WingedGreaves":0,"Replay:Bottled Eggs":23,"InkBottle":42,"Ring of the Snake":7,"The Specimen":36,"The Courier":25,"PreservedInsect":19,"Omamori":7,"Ring of Greed":24,"Frozen Egg 2":14,"MawBank":24,"sneckomod:BabySnecko":20,"Busted Crown":17,"Ornamental Fan":40,"Art of War":4,"Durian":8,"Garlic":6,"Bottled Lightning":27,"ReplayTheSpireMod:Ring of Challenge":3,"Toy Ornithopter":3,"Ice Cream":23,"Calipers":0,"CeramicFish":6,"Vajra":25,"Lizard Tail":0,"Strawberry":26,"Philosopher\u0027s Stone":34,"Iron Hammer":23,"Toxic Egg 2":0,"Girya":0,"Happy Flower":6,"ReplayTheSpireMod:CursedCoin":4,"Dead Branch":0,"Astrolabe":34,"Oddly Smooth Stone":47,"Question Card":0,"Du-Vu Doll":0,"Replay:Baseball":9,"Bottled Flame":27,"ReplayTheSpireMod:Shallot":26,"Shuriken":0,"Onion Ring":26,"Simple Rune":43,"foxEvents:LuckyCharm":3,"Black Star":34,"Grinning Jar":8,"Mirror":53,"Meat on the Bone":14,"ReplayFunnel":49,"Darkstone Periapt":23,"bronze:BronzeCore":0,"Replay:PocketPolymizer":0,"Mango":6,"Snake Skull":9,"Juzu Bracelet":11,"Replay:Mystery Machine":0,"ClockworkSouvenir":0,"SsserpentHead":13,"Nunchaku":41,"Tough Bandages":0,"Replay:Bandana":19,"Chameleon Ring":9,"TheAbacus":53,"Mummified Hand":0,"Gambling Chip":0,"Pantograph":54,"Tiny Chest":11,"Red Mask":30,"Gremlin Food":22,"BargainBundle":36,"Replay:Towering Pillar of Hats":0,"Guide Book":5,"Quantum Egg":27,"Orichalcum":6,"White Beast Statue":10,"Mercury Hourglass":0,"Calling Bell":0,"Anchor":4,"CaptainsWheel":0,"ChewingGum":17,"Snack Pack":0,"Membership Card":0,"TungstenRod":0,"FossilizedHelix":0},{"TwistedFunnel":18,"Spirit Poop":184,"Whetstone":38,"Boot":143,"Old Coin":57,"Blood Vial":9,"Replay:Ringing Soul":115,"Sundial":45,"Replay:Bronze Core":52,"MealTicket":113,"Kunai":80,"Replay:Wax Seal":143,"MerchantsRug":9,"Pear":24,"Blue Candle":115,"ReplayTheSpireMod:Ring of Addiction":161,"Counterbalance":183,"Tingsha":159,"Pen Nib":194,"Akabeko":154,"Snecko Scales":99,"Unceasing Top":63,"Ring of the Serpent":130,"Lantern":88,"Regal Pillow":96,"Torii":34,"Singing Bowl":55,"Painkiller Herb":16,"StoneCalendar":172,"Bag of Preparation":30,"Replay:Multitool":158,"Cursed Key":108,"Replay:Rubber Ducky":74,"BranchBurnRelic":34,"Shovel":76,"WingedGreaves":149,"Replay:Bottled Eggs":56,"InkBottle":30,"Ring of the Snake":12,"The Specimen":179,"The Courier":104,"PreservedInsect":168,"Omamori":154,"Ring of Greed":134,"Frozen Egg 2":195,"MawBank":134,"sneckomod:BabySnecko":41,"Busted Crown":40,"Ornamental Fan":85,"Art of War":46,"Durian":94,"Garlic":191,"Bottled Lightning":105,"ReplayTheSpireMod:Ring of Challenge":161,"Toy Ornithopter":161,"Ice Cream":43,"Calipers":121,"CeramicFish":126,"Vajra":22,"Lizard Tail":159,"Strawberry":22,"Philosopher\u0027s Stone":26,"Iron Hammer":20,"Toxic Egg 2":89,"Girya":63,"Happy Flower":93,"ReplayTheSpireMod:CursedCoin":46,"Dead Branch":32,"Astrolabe":81,"Oddly Smooth Stone":88,"Question Card":32,"Du-Vu Doll":89,"Replay:Baseball":68,"Bottled Flame":77,"ReplayTheSpireMod:Shallot":104,"Shuriken":121,"Onion Ring":56,"Simple Rune":86,"foxEvents:LuckyCharm":2,"Black Star":59,"Grinning Jar":50,"Mirror":147,"Meat on the Bone":157,"ReplayFunnel":88,"Darkstone Periapt":103,"bronze:BronzeCore":0,"Replay:PocketPolymizer":45,"Mango":12,"Snake Skull":13,"Juzu Bracelet":7,"Replay:Mystery Machine":45,"ClockworkSouvenir":89,"SsserpentHead":38,"Nunchaku":29,"Tough Bandages":61,"Replay:Bandana":131,"Chameleon Ring":35,"TheAbacus":147,"Mummified Hand":149,"Gambling Chip":121,"Pantograph":148,"Tiny Chest":51,"Red Mask":80,"Gremlin Food":42,"BargainBundle":82,"Replay:Towering Pillar of Hats":9,"Guide Book":11,"Quantum Egg":174,"Orichalcum":48,"White Beast Statue":36,"Mercury Hourglass":159,"Calling Bell":45,"Anchor":11,"CaptainsWheel":149,"ChewingGum":72,"Snack Pack":89,"Membership Card":9,"TungstenRod":9,"FossilizedHelix":158},{"TwistedFunnel":60,"Spirit Poop":808,"Whetstone":158,"Boot":601,"Old Coin":249,"Blood Vial":25,"Replay:Ringing Soul":454,"Sundial":191,"Replay:Bronze Core":226,"MealTicket":446,"Kunai":338,"Replay:Wax Seal":601,"MerchantsRug":25,"Pear":87,"Blue Candle":454,"ReplayTheSpireMod:Ring of Addiction":682,"Counterbalance":803,"Tingsha":677,"Pen Nib":869,"Akabeko":656,"Snecko Scales":401,"Unceasing Top":290,"Ring of the Serpent":529,"Lantern":366,"Regal Pillow":391,"Torii":143,"Singing Bowl":241,"Painkiller Herb":52,"StoneCalendar":734,"Bag of Preparation":118,"Replay:Multitool":676,"Cursed Key":431,"Replay:Rubber Ducky":321,"BranchBurnRelic":143,"Shovel":327,"WingedGreaves":642,"Replay:Bottled Eggs":246,"InkBottle":118,"Ring of the Snake":34,"The Specimen":777,"The Courier":414,"PreservedInsect":716,"Omamori":656,"Ring of Greed":551,"Frozen Egg 2":872,"MawBank":551,"sneckomod:BabySnecko":173,"Busted Crown":168,"Ornamental Fan":351,"Art of War":196,"Durian":385,"Garlic":848,"Bottled Lightning":419,"ReplayTheSpireMod:Ring of Challenge":682,"Toy Ornithopter":682,"Ice Cream":182,"Calipers":476,"CeramicFish":500,"Vajra":78,"Lizard Tail":677,"Strawberry":78,"Philosopher\u0027s Stone":99,"Iron Hammer":69,"Toxic Egg 2":370,"Girya":290,"Happy Flower":383,"ReplayTheSpireMod:CursedCoin":196,"Dead Branch":132,"Astrolabe":342,"Oddly Smooth Stone":366,"Question Card":132,"Du-Vu Doll":370,"Replay:Baseball":309,"Bottled Flame":331,"ReplayTheSpireMod:Shallot":414,"Shuriken":476,"Onion Ring":246,"Simple Rune":357,"foxEvents:LuckyCharm":5,"Black Star":264,"Grinning Jar":213,"Mirror":629,"Meat on the Bone":670,"ReplayFunnel":366,"Darkstone Periapt":411,"bronze:BronzeCore":0,"Replay:PocketPolymizer":191,"Mango":34,"Snake Skull":36,"Juzu Bracelet":19,"Replay:Mystery Machine":191,"ClockworkSouvenir":370,"SsserpentHead":158,"Nunchaku":109,"Tough Bandages":273,"Replay:Bandana":534,"Chameleon Ring":146,"TheAbacus":629,"Mummified Hand":642,"Gambling Chip":476,"Pantograph":636,"Tiny Chest":218,"Red Mask":338,"Gremlin Food":176,"BargainBundle":344,"Replay:Towering Pillar of Hats":25,"Guide Book":30,"Quantum Egg":746,"Orichalcum":204,"White Beast Statue":151,"Mercury Hourglass":677,"Calling Bell":191,"Anchor":30,"CaptainsWheel":642,"ChewingGum":317,"Snack Pack":370,"Membership Card":25,"TungstenRod":25,"FossilizedHelix":676}],"Ring of the Snake":[100]},"card_choices":[{"not_picked":["All Out Attack","Dagger Spray","Dagger Throw"],"picked":"Prepared","floor":1.0},{"not_picked":["Quick Slash","Dagger Spray","Terror"],"picked":"ReplayTheSpireMod:Speed Training","floor":4.0},{"not_picked":["Masterful Stab","ReplayTheSpireMod:Scrap Shanks","Envenom"],"picked":"Night Terror","floor":6.0},{"not_picked":["All Out Attack","Sucker Punch","Backflip"],"picked":"Catalyst","floor":8},{"not_picked":["Outmaneuver","Dagger Spray","ReplayTheSpireMod:Shiv Toss","ReplayTheSpireMod:Scrap Shanks"],"picked":"SKIP","floor":11},{"not_picked":["ReplayTheSpireMod:Tripwire","A Thousand Cuts","Outmaneuver"],"picked":"Corpse Explosion","floor":12},{"not_picked":["Well Laid Plans+1","ReplayTheSpireMod:Exploit Weakness","Blade Dance"],"picked":"Wraith Form v2+1","floor":14},{"not_picked":["Glass Knife","ReplayTheSpireMod:From All Sides","Tools of the Trade+1"],"picked":"Adrenaline","floor":16},{"not_picked":["Bane+1","PiercingWail","Flying Knee+1"],"picked":"Backflip","floor":18},{"not_picked":["Well Laid Plans+1","Prepared","Bane","Dash"],"picked":"SKIP","floor":21}],"player_experience":195714,"relics_obtained":[{"floor":6.0,"key":"Garlic"},{"floor":9,"key":"Boot"},{"floor":10,"key":"Replay:Bandana"},{"floor":12,"key":"Pen Nib"},{"floor":14,"key":"Frozen Egg 2"}],"event_choices":[{"cards_removed":["Strike_G"],"damage_healed":0.0,"max_hp_gain":0.0,"max_hp_loss":0.0,"gold_gain":0.0,"event_name":"Wheel of Change","player_choice":"Card Removal","floor":2.0,"gold_loss":0.0,"damage_taken":0.0},{"damage_healed":0,"gold_gain":0,"player_choice":"CARD ","damage_taken":12,"max_hp_gain":0,"max_hp_loss":0,"event_name":"Knowing Skull","floor":19,"potions_obtained":[],"gold_loss":0,"cards_obtained":["Replay:BasicMightCard"]}],"is_beta":false,"boss_relics":[{"not_picked":["Fusion Hammer","SlaversCollar"],"picked":"Black Star"}],"items_purged_floors":[0,3,20],"is_endless":false,"potions_floor_spawned":[1,12,14,16,18],"killed_by":"Shelled Parasite and Fungi","ascension_level":10}}