{"host":"uiabnm26t0ss3jkq","time":1613307248,"event":{"mods":["BaseMod","Better Note","Better Skull","Better Third Choice","Bossed Relics","Colored Powertips","Curses Come First","Minty Spire (QoL Compilation)","Relic Stats","StSLib","SuperFastMode","Waifu the Spire"],"gold_per_floor":[117,89,14,14,24,24,55,74,74,94,94,111,131,5,5,106,106,121,156,174,174,174,208,208,208,208,208,0,0,0],"floor_reached":29,"language":"ENG","playtime":1532,"items_purged":["Defend_B"],"score":292,"play_id":"c6b73da2-58c2-4993-a498-b8cce60ca04d","local_time":"20210214155408","is_ascension_mode":true,"campfire_choices":[{"data":"Conserve Battery","floor":6,"key":"SMITH"},{"data":"Sunder","floor":11,"key":"SMITH"},{"data":"Seek","floor":15,"key":"SMITH"},{"floor":25,"key":"DIG"},{"floor":27,"key":"DIG"}],"circlet_count":0,"master_deck":["Strike_B","Strike_B","Defend_B","Defend_B","Defend_B","Zap","Dualcast","Conserve Battery+1","Pain","Rip and Tear","Seek+1","Sunder+1","Ball Lightning","Amplify","Undo+1","Leap+1","Steam"],"relics":["Cracked Core","betterThird:SlimedRelic","WarpedTongs","Kunai","The Courier","Toolbox","Sozu","Red Mask","MutagenicStrength","Shovel","DataDisk","Ancient Tea Set","PreservedInsect","Pear"],"acts_visited":["Exordium","TheCity"],"potions_floor_usage":[23,24],"damage_taken":[{"damage":1,"enemies":"2 Louse","floor":1,"turns":2},{"damage":3,"enemies":"Small Slimes","floor":5,"turns":3},{"damage":14,"enemies":"3 Sentries","floor":7,"turns":8},{"damage":2,"enemies":"Cultist","floor":8,"turns":3},{"damage":3,"enemies":"Blue Slaver","floor":10,"turns":3},{"damage":0,"enemies":"2 Fungi Beasts","floor":12,"turns":2},{"damage":3,"enemies":"Large Slime","floor":13,"turns":3},{"damage":20,"enemies":"The Guardian","floor":16,"turns":10},{"damage":29,"enemies":"2 Thieves","floor":18,"turns":4},{"damage":31,"enemies":"Masked Bandits","floor":19,"turns":4},{"damage":2,"enemies":"3 Byrds","floor":20,"turns":4},{"damage":6,"enemies":"Book of Stabbing","floor":23,"turns":5},{"damage":4,"enemies":"Cultist and Chosen","floor":24,"turns":4},{"damage":15,"enemies":"Gremlin Leader","floor":29,"turns":3}],"seed_played":"3926673560822545468","potions_obtained":[{"floor":5,"key":"SmokeBomb"},{"floor":12,"key":"SteroidPotion"}],"is_trial":false,"path_per_floor":["M","?","$","?","M","R","E","M","T","M","R","M","M","$","R","B",null,"M","?","M","?","?","E","M","R","T","R","$","E"],"character_chosen":"DEFECT","items_purchased":["Toolbox","Pear"],"campfire_rested":0,"item_purchase_floors":[14,28],"current_hp_per_floor":[67,56,56,56,53,53,39,37,37,34,34,34,31,31,31,11,68,39,13,11,11,11,5,1,1,1,1,11,0,0],"gold":0,"neow_bonus":"REMOVE_TWO","is_daily":false,"chose_seed":false,"campfire_upgraded":3,"win_rate":0.0,"timestamp":1613307248,"path_taken":["M","?","$","?","?","R","E","M","T","M","R","M","M","$","R","BOSS","M","?","M","?","?","E","M","R","T","R","$","E"],"items_purchased_type":["Relic","Relic"],"build_version":"2020-12-22","purchased_purges":1,"victory":false,"max_hp_per_floor":[68,68,68,68,68,68,68,68,68,68,68,68,68,68,68,68,68,68,68,68,68,68,68,68,68,68,68,78,78,78],"relic_stats":{"Sozu":3,"Shovel":2,"counters":[14,58],"PreservedInsect":47,"Kunai":[5],"obtain_stats":[{"Pear":28,"The Courier":9,"PreservedInsect":27,"Ancient Tea Set":26,"WarpedTongs":4,"Sozu":17,"DataDisk":25,"Shovel":23,"betterThird:SlimedRelic":2,"MutagenicStrength":22,"Toolbox":14,"Red Mask":19,"Kunai":7,"Cracked Core":0},{"Pear":13,"The Courier":4,"PreservedInsect":13,"Ancient Tea Set":13,"WarpedTongs":1,"Sozu":8,"DataDisk":13,"Shovel":12,"betterThird:SlimedRelic":1,"MutagenicStrength":11,"Toolbox":7,"Red Mask":10,"Kunai":3,"Cracked Core":0},{"Pear":55,"The Courier":16,"PreservedInsect":55,"Ancient Tea Set":55,"WarpedTongs":2,"Sozu":34,"DataDisk":55,"Shovel":51,"betterThird:SlimedRelic":2,"MutagenicStrength":46,"Toolbox":24,"Red Mask":42,"Kunai":13,"Cracked Core":0}],"WarpedTongs":[50]},"card_choices":[{"not_picked":["Rebound","Hologram"],"picked":"Conserve Battery","floor":1},{"not_picked":["Cold Snap","Redo","Hello World"],"picked":"SKIP","floor":5},{"not_picked":["Redo","Storm"],"picked":"Rip and Tear","floor":7},{"not_picked":["Static Discharge","Go for the Eyes"],"picked":"Seek","floor":8},{"not_picked":["Streamline","Ball Lightning"],"picked":"Sunder","floor":10},{"not_picked":["Go for the Eyes","Reprogram","Compile Driver"],"picked":"SKIP","floor":12},{"not_picked":["Chill","Hologram"],"picked":"Ball Lightning","floor":13},{"not_picked":["Hyperbeam","Multi-Cast"],"picked":"Amplify","floor":16},{"not_picked":["Melter","Chaos","Rebound+1"],"picked":"SKIP","floor":18},{"not_picked":["Barrage","Aggregate"],"picked":"Undo+1","floor":19},{"not_picked":["Reprogram","Streamline+1"],"picked":"Leap+1","floor":20},{"not_picked":["Fusion","Beam Cell"],"picked":"Steam","floor":23}],"player_experience":409496,"relics_obtained":[{"floor":7,"key":"Kunai"},{"floor":9,"key":"The Courier"},{"floor":19,"key":"Red Mask"},{"floor":23,"key":"Shovel"},{"floor":25,"key":"DataDisk"},{"floor":26,"key":"Ancient Tea Set"},{"floor":27,"key":"PreservedInsect"}],"event_choices":[{"damage_healed":0,"gold_gain":0,"player_choice":"Slimed","damage_taken":11,"max_hp_gain":0,"max_hp_loss":0,"event_name":"betterThird:BetterGoop","floor":2,"gold_loss":28},{"damage_healed":0,"gold_gain":0,"player_choice":"Rummage","damage_taken":0,"relics_obtained":["WarpedTongs"],"max_hp_gain":0,"max_hp_loss":0,"event_name":"Accursed Blacksmith","floor":4,"gold_loss":0,"cards_obtained":["Pain"]},{"damage_healed":0,"gold_gain":0,"player_choice":"Fought Bandits","damage_taken":0,"max_hp_gain":0,"max_hp_loss":0,"event_name":"Masked Bandits","floor":19,"gold_loss":0},{"damage_healed":0,"gold_gain":0,"player_choice":"Ignored","damage_taken":0,"max_hp_gain":0,"max_hp_loss":0,"event_name":"Vampires","floor":21,"gold_loss":0},{"damage_healed":0,"gold_gain":0,"player_choice":"Inject Mutagens","damage_taken":0,"relics_obtained":["MutagenicStrength"],"max_hp_gain":0,"max_hp_loss":0,"event_name":"Drug Dealer","floor":22,"gold_loss":0}],"is_beta":false,"boss_relics":[{"not_picked":["Black Star","Fusion Hammer"],"picked":"Sozu"}],"items_purged_floors":[3],"is_endless":false,"potions_floor_spawned":[5,12,18,20,23],"killed_by":"Gremlin Leader","ascension_level":4}}