{"host":"tetk82fuf8thwxol","time":1613282834,"event":{"mods":["AchievementEnabler","BaseMod","BetterRewards","Downfall","GifTheSpireLib","Hermit","Minty Spire (QoL Compilation)","Permanent Neow","Quick Restart","Replay The Spire","Shop Mod","Spicy Shops","StSLib","The Bug Knight","The Cursed","The Runesmith"],"gold_per_floor":[99,113,123,138,9999,10019,10019,10019,10019,10019,10039,10039,10055,10055,10112,10112,10132,10227,10227,10127,10138,10138,10151,9552,9552,9601,9085,9123,9123,9123,9165,9191,9082,9105,9212,9212,9212,9235,8683,8708,8731,8731,8782,8374,8394,7805,7847,7647,7669,7688,7713,7713,7713,7748,6929,6929,6929,6929],"floor_reached":59,"language":"ENG","playtime":3191,"items_purged":["bronze:Strike","bronze:CleanCode","bronze:Strike","bronze:Defend","bronze:Defend","bronze:Invalidate","m_BronzeSurvivor","bronze:Strike","bronze:Defend","m_BronzeAgony"],"score":1576,"play_id":"3cd9d2a4-c924-4ccb-bb04-76abca679971","local_time":"20210214000714","is_ascension_mode":false,"campfire_choices":[{"floor":1,"key":"DIG"},{"data":"bronze:ChosenStrike","floor":8,"key":"SMITH"},{"data":"bronze:FineTuning","floor":12,"key":"SMITH"},{"floor":14,"key":"RECALL"},{"data":"bronze:Backtrace","floor":20,"key":"SMITH"},{"data":"bronze:Optimize","floor":25,"key":"SMITH"},{"data":"bronze:BronzeOrb","floor":29,"key":"SMITH"},{"data":"bronze:Verify","floor":37,"key":"SMITH"},{"data":"bronze:Shell","floor":48,"key":"SMITH"},{"data":"bronze:Assembly","floor":56,"key":"SMITH"}],"circlet_count":0,"master_deck":["bronze:Strike","bronze:Defend","bronze:Fortify+1","bronze:ChildClass","bronze:Backtrace+1","bronze:CleanCode+1","bronze:DelayedSlice+1","bronze:ChosenStrike+1","bronze:FineTuning+1","bronze:Frontload","bronze:Turbo","bronze:BronzeOrb+1","bronze:Optimize+1","bronze:BronzeOrb","bronze:Flail+1","bronze:Boost","bronze:DigitalCarnage+1","bronze:WhirlingStrike+1","bronze:Branch+1","bronze:WhirlingStrike+1","bronze:Iterate+1","bronze:FollowUp+1","bronze:Verify+1","bronze:Invalidate+1","bronze:Overheat+1","bronze:Shell+1","bronze:Flail+1","bronze:Flail+1","bronze:Iterate+1","bronze:Optimize+1","bronze:Iterate+1","bronze:DelayedSlice+1","bronze:BuggyMess+1","bronze:Assembly+1"],"relics":["bronze:BronzeCore","Mummified Hand","Membership Card","Bronze Scales","Chameleon Ring","Strawberry","Incense Burner","BargainBundle","Replay:Mystery Machine","Blood Vial","Honey Jar","downfall:HeartBlessingRed","MutagenicStrength","Lee\u0027s Waffle","Simple Rune","Pen Nib","Gremlin Horn","Dream Catcher","DollysMirror","Replay:Wax Seal","Happy Flower","Molten Egg 2","Oddly Smooth Stone","CeramicFish","Replay:Bottled Snecko","Art of War","Vajra","Blue Doll","Guide Book","Akabeko","ReplayTheSpireMod:Lightbulb","Painkiller Herb","Snack Pack","HandDrill","Anchor","Bottled Lightning","Kunai","Gremlin Food","Juzu Bracelet","Shuriken","ReplayTheSpireMod:Ninjato","HollowMod:StagPassRelic","Centennial Puzzle","bronze:ProtectiveGoggles","downfall:HeartBlessingBlue","downfall:HeartBlessingGreen","Replay:PocketPolymizer","Pondfish Scales","Garlic","Bag of Preparation","Onion Ring","Pantograph","Whetstone"],"acts_visited":["Exordium","TheCity","TheBeyond","TheEnding"],"potions_floor_usage":[15,17,18,18,23,49,51,51,57],"damage_taken":[{"damage":1,"enemies":"Cultist","floor":2,"turns":4},{"damage":1,"enemies":"2 Louse","floor":3,"turns":3},{"damage":3,"enemies":"Jaw Worm","floor":4,"turns":3},{"damage":0,"enemies":"downfall:FleeingMerchant","floor":5,"turns":4},{"damage":0,"enemies":"2 Fungi Beasts","floor":6,"turns":2},{"damage":1,"enemies":"3 Louse","floor":11,"turns":2},{"damage":0,"enemies":"Large Slime","floor":13,"turns":5},{"damage":6,"enemies":"Lagavulin Event","floor":15,"turns":3},{"damage":0,"enemies":"Exordium Thugs","floor":17,"turns":2},{"damage":12,"enemies":"IC_STATUS_ARCHETYPE","floor":18,"turns":6},{"damage":2,"enemies":"Shell Parasite","floor":21,"turns":2},{"damage":2,"enemies":"Shelled Parasite and Fungi","floor":23,"turns":2},{"damage":8,"enemies":"downfall:FleeingMerchant","floor":24,"turns":4},{"damage":0,"enemies":"downfall:FleeingMerchant","floor":27,"turns":4},{"damage":0,"enemies":"Gremlin Leader","floor":28,"turns":2},{"damage":3,"enemies":"Book of Stabbing","floor":31,"turns":3},{"damage":0,"enemies":"3 Cultists","floor":32,"turns":2},{"damage":0,"enemies":"downfall:FleeingMerchant","floor":33,"turns":1},{"damage":0,"enemies":"Snake Plant","floor":34,"turns":1},{"damage":0,"enemies":"DF_ARCHETYPE_CLAW","floor":35,"turns":3},{"damage":9,"enemies":"3 Shapes","floor":38,"turns":1},{"damage":0,"enemies":"3 Darklings","floor":40,"turns":1},{"damage":0,"enemies":"Jaw Worm Horde","floor":41,"turns":1},{"damage":0,"enemies":"Writhing Mass","floor":45,"turns":2},{"damage":0,"enemies":"Nemesis","floor":47,"turns":2},{"damage":0,"enemies":"4 Shapes","floor":49,"turns":1},{"damage":0,"enemies":"3 Darklings","floor":50,"turns":1},{"damage":0,"enemies":"Transient","floor":51,"turns":3},{"damage":0,"enemies":"WA_ARCHETYPE_DIVINITY","floor":52,"turns":3},{"damage":0,"enemies":"downfall:CharBossMerchant","floor":54,"turns":2},{"damage":12,"enemies":"downfall:NeowBoss","floor":57,"turns":8},{"damage":0,"enemies":"downfall:NeowBossFinal","floor":58,"turns":3}],"seed_played":"4854912684063297743","potions_obtained":[{"floor":2,"key":"Reflective Coating"},{"floor":13,"key":"hexamod:SoulburnPotion"},{"floor":15,"key":"Fire Potion"},{"floor":17,"key":"Fruit Juice"},{"floor":21,"key":"Weak Potion"},{"floor":31,"key":"AttackPotion"},{"floor":41,"key":"Explosive Potion"},{"floor":49,"key":"AttackPotion"},{"floor":50,"key":"Reflective Coating"}],"is_trial":false,"path_per_floor":["R","M","M","M","$","M","T","R","PTL","PTL","M","R","M","R","?","?","M","B",null,"R","M","?","M","$","R","T","$","E","R","?","E","M","$","M","B",null,"T","?","T","?","?","?","T","T","?","T","E","T","?","?","?","B",null,"E","T","T","B","B",null],"character_chosen":"THE_AUTOMATON","items_purchased":["bronze:DelayedSlice","Membership Card","Bronze Scales","Chameleon Ring","Strawberry","Incense Burner","BargainBundle","Lee\u0027s Waffle","Simple Rune","Pen Nib","Gremlin Horn","Dream Catcher","bronze:Optimize","DollysMirror","Happy Flower","Molten Egg 2","Oddly Smooth Stone","CeramicFish","bronze:Boost","Vajra","Blue Doll","Guide Book","Akabeko","ReplayTheSpireMod:Lightbulb","bronze:Iterate+1","Snack Pack","HandDrill","Anchor","Bottled Lightning","Kunai","Gremlin Food","Juzu Bracelet","bronze:Flail+1","Shuriken","ReplayTheSpireMod:Ninjato","HollowMod:StagPassRelic","Centennial Puzzle","Pondfish Scales","Garlic","Bag of Preparation","Onion Ring","Pantograph","Whetstone"],"campfire_rested":0,"item_purchase_floors":[5,5,5,5,5,5,5,24,24,24,24,24,24,24,27,27,27,27,27,33,33,33,33,33,33,39,39,39,39,44,44,44,44,46,46,46,46,55,55,55,55,55,55],"current_hp_per_floor":[77,76,75,72,79,79,79,79,79,79,78,78,78,78,74,74,83,73,91,91,89,89,89,98,98,98,98,98,98,98,95,97,98,98,98,98,98,89,89,95,98,98,98,98,98,98,98,108,108,108,108,108,108,108,108,108,96,108],"gold":6929,"neow_bonus":"TEN_PERCENT_HP_BONUS","is_daily":false,"chose_seed":false,"campfire_upgraded":8,"win_rate":0.0,"timestamp":1613282834,"path_taken":["R","M","M","M","$","M","T","R","PTL","PTL","M","R","M","R","?","?","M","BOSS","R","M","?","M","$","R","T","$","E","R","?","E","M","$","M","BOSS","T","?","T","?","?","?","T","T","?","T","E","T","?","?","?","BOSS","E","T","T","BOSS","BOSS"],"items_purchased_type":["Card","Relic","Relic","Relic","Relic","Relic","Relic","Relic","Relic","Relic","Relic","Relic","Card","Relic","Relic","Relic","Relic","Relic","Card","Relic","Relic","Relic","Relic","Relic","Card","Relic","Relic","Relic","Relic","Relic","Relic","Relic","Card","Relic","Relic","Relic","Relic","Relic","Relic","Relic","Relic","Relic","Relic"],"build_version":"2020-12-22","purchased_purges":10,"victory":true,"max_hp_per_floor":[77,77,77,77,84,84,84,84,84,84,84,84,84,84,84,84,91,91,91,91,91,91,91,98,98,98,98,98,98,98,98,98,98,98,98,98,98,98,98,98,98,98,98,98,98,98,98,108,108,108,108,108,108,108,108,108,108,108],"card_choices":[{"not_picked":["bronze:ItsAFeature","bronze:OilSpill"],"picked":"bronze:Fortify","floor":2},{"not_picked":["bronze:DelayedGuard","bronze:Repulsor"],"picked":"bronze:ChildClass","floor":3},{"not_picked":["bronze:Deprecate","bronze:ForLoop"],"picked":"bronze:Backtrace","floor":4},{"not_picked":["bronze:Overheat","bronze:Shield"],"picked":"bronze:CleanCode","floor":5},{"not_picked":["bronze:BitShift","bronze:Turbo"],"picked":"bronze:ChosenStrike","floor":6},{"not_picked":["bronze:BronzeArmor","bronze:CleanCode"],"picked":"bronze:FineTuning","floor":11},{"not_picked":["bronze:CutThrough","bronze:Safeguard","bronze:FineTuning"],"picked":"SKIP","floor":13},{"not_picked":["bronze:CutThrough","bronze:ForLoop"],"picked":"bronze:Invalidate","floor":15},{"not_picked":["bronze:ItsAFeature","bronze:SpaghettiCode"],"picked":"bronze:Frontload","floor":17},{"not_picked":["bronze:Deprecate","bronze:MaxOutput","bronze:BitShift+1"],"picked":"bronze:Turbo","floor":21},{"not_picked":["bronze:Philosophize+1","bronze:Shield+1","bronze:BronzeArmor+1"],"picked":"bronze:BronzeOrb","floor":23},{"not_picked":["bronze:Turbo","bronze:BugBarrage","bronze:Deprecate"],"picked":"bronze:CleanCode","floor":24},{"not_picked":["bronze:Verify","bronze:Backtrace","bronze:Branch"],"picked":"bronze:Flail+1","floor":27},{"not_picked":["bronze:BronzeOrb+1","bronze:SpaghettiCode","bronze:Deprecate+1"],"picked":"bronze:DigitalCarnage+1","floor":28},{"not_picked":["bronze:Allocate+1","bronze:Turbo+1","bronze:Shield"],"picked":"bronze:WhirlingStrike+1","floor":31},{"not_picked":["bronze:OilSpill+1","bronze:MaxOutput+1","bronze:DarkDash+1"],"picked":"bronze:Branch+1","floor":32},{"not_picked":["bronze:Assembly","bronze:DelayedGuard","bronze:Deprecate"],"picked":"bronze:WhirlingStrike+1","floor":33},{"not_picked":["bronze:ClassDefault+1","bronze:Allocate","bronze:ChildClass"],"picked":"bronze:FollowUp+1","floor":34},{"not_picked":["bronze:Assembly","bronze:Format","bronze:CleanCode"],"picked":"bronze:Verify","floor":35},{"not_picked":["bronze:DelayedGuard+1","bronze:BronzeArmor","bronze:Safeguard"],"picked":"bronze:Invalidate+1","floor":38},{"not_picked":["bronze:Frontload+1","bronze:Invalidate","bronze:OilSpill+1"],"picked":"bronze:Overheat+1","floor":40},{"not_picked":["bronze:CutThrough+1","bronze:Overheat+1","bronze:BitShift"],"picked":"bronze:Shell","floor":41},{"not_picked":["bronze:FollowUp+1","bronze:Repair+1","bronze:OilSpill+1"],"picked":"bronze:Iterate+1","floor":45},{"not_picked":["bronze:Fortify+1","bronze:DelayedGuard+1","bronze:FollowUp+1"],"picked":"bronze:Optimize+1","floor":47},{"not_picked":["bronze:DelayedGuard+1","bronze:Optimize","bronze:CutThrough+1"],"picked":"bronze:Iterate+1","floor":49},{"not_picked":["bronze:Overheat+1","bronze:CleanCode","bronze:WhirlingStrike+1"],"picked":"bronze:DelayedSlice+1","floor":50},{"not_picked":["bronze:Invalidate","bronze:FollowUp+1","bronze:BronzeOrb+1"],"picked":"bronze:BuggyMess+1","floor":51},{"not_picked":["bronze:ForceShield+1","bronze:FindAndReplace","bronze:Repair+1"],"picked":"bronze:Assembly","floor":54}],"player_experience":221411,"relics_obtained":[{"floor":1,"key":"Mummified Hand"},{"floor":7,"key":"Replay:Mystery Machine"},{"floor":26,"key":"Replay:Wax Seal"},{"floor":28,"key":"Replay:Bottled Snecko"},{"floor":31,"key":"Art of War"},{"floor":47,"key":"bronze:ProtectiveGoggles"},{"floor":54,"key":"Replay:PocketPolymizer"}],"event_choices":[{"damage_healed":0,"gold_gain":0,"player_choice":"Inject Mutagens","damage_taken":0,"relics_obtained":["MutagenicStrength"],"max_hp_gain":0,"max_hp_loss":0,"event_name":"Drug Dealer","floor":22,"gold_loss":0}],"is_beta":false,"boss_relics":[{"not_picked":["Snecko Eye","Tiny House"],"picked":"Honey Jar"},{"not_picked":["bronze:MakeshiftBattery","Empty Cage"],"picked":"Painkiller Herb"}],"items_purged_floors":[5,24,27,27,33,39,39,44,46,55],"is_endless":false,"potions_floor_spawned":[2,13,15,17,21,31,41,49,50],"ascension_level":0}}