{"host":"7sni158j623xchr2","time":1613346967,"event":{"mods":["BaseMod","Colored Map","Highlight Path","Minty Spire (QoL Compilation)","Permanent Neow","Potion Indicator Mod","Rare Cards Sparkle","Relic Sorter","Relic Stats","StSLib","everything is the same but u backflip on backflip"],"gold_per_floor":[110,31,50,1,15,15,31,31,31,61,236,270,270,302,302,405,405,416,416,430,21,39,39,39],"floor_reached":23,"language":"ENG","playtime":581,"items_purged":["Strike_B"],"score":255,"play_id":"6b140140-d17f-4c2f-aa57-e8a9c48b1595","local_time":"20210214175607","is_ascension_mode":true,"campfire_choices":[{"data":"Tempest","floor":6,"key":"SMITH"},{"data":"Ball Lightning","floor":8,"key":"SMITH"},{"floor":15,"key":"REST"}],"circlet_count":0,"master_deck":["Strike_B","Strike_B","Strike_B","Defend_B","Defend_B","Defend_B","Defend_B","Zap","Dualcast","Tempest+1","Storm","Cold Snap","Melter","Ball Lightning+1","BootSequence","Loop","Coolheaded","Fission","Hologram+1","Sweeping Beam","Master of Strategy","Genetic Algorithm"],"relics":["Cracked Core","Letter Opener","Shovel","Cables","Tiny Chest","Black Star","Chemical X"],"acts_visited":["Exordium","TheCity"],"potions_floor_usage":[7,10,16,16,23],"damage_taken":[{"damage":1,"enemies":"Cultist","floor":1,"turns":3},{"damage":7,"enemies":"Small Slimes","floor":3,"turns":3},{"damage":0,"enemies":"2 Louse","floor":5,"turns":3},{"damage":3,"enemies":"Exordium Thugs","floor":7,"turns":4},{"damage":6,"enemies":"Gremlin Nob","floor":10,"turns":3},{"damage":31,"enemies":"Lagavulin","floor":12,"turns":5},{"damage":14,"enemies":"Gremlin Nob","floor":14,"turns":3},{"damage":21,"enemies":"Slime Boss","floor":16,"turns":11},{"damage":9,"enemies":"Shell Parasite","floor":18,"turns":6},{"damage":0,"enemies":"Chosen","floor":20,"turns":3},{"damage":17,"enemies":"Snecko","floor":22,"turns":4},{"damage":46,"enemies":"Book of Stabbing","floor":23,"turns":6}],"seed_played":"3750587290868104184","potions_obtained":[{"floor":3,"key":"Strength Potion"},{"floor":5,"key":"EssenceOfSteel"},{"floor":12,"key":"SpeedPotion"},{"floor":20,"key":"SmokeBomb"},{"floor":22,"key":"Dexterity Potion"}],"is_trial":false,"path_per_floor":["M","$","M","$","M","R","M","R","T","E","?","E","?","E","R","B",null,"M","?","M","$","M","E"],"character_chosen":"DEFECT","items_purchased":["Storm","Energy Potion","Chemical X","Master of Strategy"],"campfire_rested":1,"item_purchase_floors":[2,4,21,21],"current_hp_per_floor":[67,67,60,60,60,60,57,57,57,51,51,20,20,6,32,11,89,80,63,63,63,46,0,0],"gold":39,"neow_bonus":"TWENTY_PERCENT_HP_BONUS","is_daily":false,"chose_seed":false,"campfire_upgraded":2,"win_rate":0.0,"timestamp":1613346967,"path_taken":["M","?","?","$","M","R","M","R","T","E","?","E","?","E","R","BOSS","M","?","M","$","M","E"],"items_purchased_type":["Card","Potion","Relic","Card"],"build_version":"2020-12-22","purchased_purges":1,"victory":false,"max_hp_per_floor":[89,89,89,89,89,89,89,89,89,89,89,89,89,89,89,89,89,89,94,94,94,94,94,94],"relic_stats":{"Shovel":0,"counters":[12,53],"Tiny Chest":0,"Black Star":0,"Letter Opener":[30],"Chemical X":[3],"obtain_stats":[{"Shovel":10,"Tiny Chest":14,"Black Star":17,"Letter Opener":9,"Chemical X":21,"Cracked Core":0,"Cables":12},{"Shovel":5,"Tiny Chest":7,"Black Star":8,"Letter Opener":4,"Chemical X":10,"Cracked Core":0,"Cables":6},{"Shovel":16,"Tiny Chest":24,"Black Star":34,"Letter Opener":13,"Chemical X":43,"Cracked Core":0,"Cables":21}],"Cables":[30,20,10,0,0]},"card_choices":[{"not_picked":["Barrage","Beam Cell"],"picked":"Tempest","floor":1},{"not_picked":["Melter","Streamline"],"picked":"Cold Snap","floor":3},{"not_picked":["Scrape","Beam Cell"],"picked":"Melter","floor":5},{"not_picked":["Barrage","Compile Driver"],"picked":"Ball Lightning","floor":7},{"not_picked":["Beam Cell","Static Discharge"],"picked":"BootSequence","floor":10},{"not_picked":["Cold Snap","Ball Lightning"],"picked":"Loop","floor":12},{"not_picked":["Streamline","Machine Learning"],"picked":"Coolheaded","floor":14},{"not_picked":["Rainbow","Reboot"],"picked":"Fission","floor":16},{"not_picked":["Go for the Eyes","Melter+1"],"picked":"Hologram+1","floor":18},{"not_picked":["Beam Cell","Conserve Battery"],"picked":"Sweeping Beam","floor":20},{"not_picked":["Reprogram","Turbo"],"picked":"Genetic Algorithm","floor":22}],"player_experience":1795424,"relics_obtained":[{"floor":9,"key":"Letter Opener"},{"floor":10,"key":"Shovel"},{"floor":12,"key":"Cables"},{"floor":14,"key":"Tiny Chest"}],"event_choices":[{"damage_healed":0,"gold_gain":175,"player_choice":"AGREE","damage_taken":0,"max_hp_gain":0,"max_hp_loss":0,"event_name":"Liars Game","floor":11,"gold_loss":0,"cards_obtained":["Doubt"]},{"cards_removed":["Doubt"],"damage_healed":0,"gold_gain":0,"player_choice":"Forget","damage_taken":0,"max_hp_gain":0,"max_hp_loss":0,"event_name":"Living Wall","floor":13,"gold_loss":0},{"damage_healed":0,"gold_gain":0,"player_choice":"Shed Blood","damage_taken":22,"max_hp_gain":5,"max_hp_loss":0,"event_name":"Forgotten Altar","floor":19,"gold_loss":0}],"is_beta":false,"boss_relics":[{"not_picked":["Calling Bell","FrozenCore"],"picked":"Black Star"}],"items_purged_floors":[21],"is_endless":false,"potions_floor_spawned":[3,5,12,20,22],"killed_by":"Book of Stabbing","ascension_level":2}}