{"host":"06t6i6dwlvtvdxau","time":1613323228,"event":{"mods":["BaseMod","Colored Map","Colored Powertips","GifTheSpireLib","Minty Spire (QoL Compilation)","Quick Restart","Shop Mod","StSLib"],"gold_per_floor":[212,0,0,50,62,62,62,92,138,138,165,165,178,199,199,199,199],"floor_reached":16,"language":"FRA","playtime":619,"items_purged":["Defend_G"],"score":185,"play_id":"d2043a0f-b2f8-4fa0-98ea-1f20740d656d","local_time":"20210214182028","is_ascension_mode":true,"campfire_choices":[{"data":"Neutralize","floor":6,"key":"SMITH"},{"data":"Cloak And Dagger","floor":10,"key":"SMITH"},{"data":"Footwork","floor":12,"key":"SMITH"},{"data":"Adrenaline","floor":15,"key":"SMITH"}],"circlet_count":0,"master_deck":["AscendersBane","Strike_G","Strike_G","Strike_G","Strike_G","Defend_G","Defend_G","Defend_G","Defend_G","Survivor","Neutralize+1","Cloak And Dagger","Footwork+1","Cloak And Dagger+1","Adrenaline+1","Cloak And Dagger"],"relics":["Ring of the Snake","CeramicFish","Oddly Smooth Stone"],"acts_visited":["Exordium"],"potions_floor_usage":[8,16],"damage_taken":[{"damage":4,"enemies":"Cultist","floor":1,"turns":5},{"damage":0,"enemies":"Jaw Worm","floor":5,"turns":5},{"damage":11,"enemies":"3 Sentries","floor":8,"turns":9},{"damage":0,"enemies":"Small Slimes","floor":11,"turns":5},{"damage":8,"enemies":"Gremlin Gang","floor":13,"turns":7},{"damage":0,"enemies":"Blue Slaver","floor":14,"turns":4},{"damage":24,"enemies":"Slime Boss","floor":16,"turns":9}],"seed_played":"-7301099934618473700","potions_obtained":[{"floor":5,"key":"PowerPotion"},{"floor":11,"key":"LiquidMemories"}],"is_trial":false,"path_per_floor":["M","$","?","?","M","R","$","E","T","R","M","R","M","M","R","B"],"character_chosen":"THE_SILENT","items_purchased":["Footwork","Cloak And Dagger"],"campfire_rested":0,"item_purchase_floors":[2,2],"current_hp_per_floor":[55,55,55,49,49,49,49,38,38,38,38,38,30,30,30,6,6],"gold":199,"neow_bonus":"HUNDRED_GOLD","is_daily":false,"chose_seed":false,"campfire_upgraded":4,"win_rate":0.0,"timestamp":1613323228,"path_taken":["M","$","?","?","?","R","$","E","T","R","M","R","M","?","R","BOSS"],"items_purchased_type":["Card","Card"],"build_version":"2020-12-22","purchased_purges":1,"victory":false,"max_hp_per_floor":[66,66,66,66,66,66,66,66,66,66,66,66,66,66,66,66,66],"card_choices":[{"not_picked":["Poisoned Stab","Concentrate"],"picked":"Cloak And Dagger","floor":1},{"not_picked":["Dagger Spray","Flying Knee","Acrobatics"],"picked":"SKIP","floor":5},{"not_picked":["Skewer","Dagger Throw","Backflip"],"picked":"SKIP","floor":8},{"not_picked":["Sucker Punch","PiercingWail"],"picked":"Adrenaline","floor":11},{"not_picked":["Acrobatics","Slice","Tactician"],"picked":"SKIP","floor":13},{"not_picked":["Heel Hook","Outmaneuver"],"picked":"Cloak And Dagger","floor":14}],"player_experience":787471,"relics_obtained":[{"floor":8,"key":"CeramicFish"},{"floor":9,"key":"Oddly Smooth Stone"}],"event_choices":[{"cards_removed":["Strike_G"],"damage_healed":0,"gold_gain":0,"player_choice":"Forget","damage_taken":0,"max_hp_gain":0,"max_hp_loss":0,"event_name":"Living Wall","floor":3,"gold_loss":0},{"damage_healed":0,"gold_gain":50,"player_choice":"Touch","damage_taken":6,"max_hp_gain":0,"max_hp_loss":0,"event_name":"FaceTrader","floor":4,"gold_loss":0}],"is_beta":false,"boss_relics":[],"items_purged_floors":[2],"is_endless":false,"potions_floor_spawned":[5,11],"killed_by":"Slime Boss","ascension_level":17}}