{"host":"6to8m083wj0ro91z","time":1613315680,"event":{"mods":["BaseMod","Better Third Choice","BetterRewards","CatGirl Mod","ChefMod","Friendly Minions","Hubris","Mad Scientist","Marisa????????","Minty Spire (QoL Compilation)","Robot Space Explorer","Shade Mod","Spicy Shops","StSLib","The Blackbeard","The Death Knight","The Elementalist","The Forsaken","The Gatherer","The Marked","The Mystic","The Necromancer","The Runesmith","The Servant 0.9.4","The Showman","The Vixen","Yohane!"],"gold_per_floor":[115,115,190,2,13,47,47,77,100,126,126,139,168,194,194,289,289,307,326,16,16,34,62,82,111,134,134,233,250,250,283,283,381,381,393,410,10,29,43,43,76,95,176,176,209,209,209,243,243,243,243,243,56,84,84],"floor_reached":56,"language":"ENG","playtime":4050,"items_purged":["elementalist:Strike+Elemblue","elementalist:Firestrike","elementalist:Defend_Elemblue","elementalist:Earthstrike","elementalist:Crystal_Chalk"],"score":1945,"play_id":"a4eda299-840d-44f1-b263-9dc4c873d1c8","local_time":"20210214161440","is_ascension_mode":true,"campfire_choices":[{"data":"elementalist:Pressurize","floor":7.0,"key":"SMITH"},{"data":"elementalist:Spark","floor":15.0,"key":"SMITH"},{"data":"elementalist:Aetheric_Shield","floor":30.0,"key":"SMITH"},{"data":"elementalist:Spark","floor":32.0,"key":"SMITH"},{"data":"elementalist:Airstrike","floor":40.0,"key":"SMITH"},{"floor":46.0,"key":"RECALL"},{"floor":49.0,"key":"DIG"},{"floor":52,"key":"DIG"}],"circlet_count":0,"master_deck":["elementalist:Air_Emblem","elementalist:Air_Emblem","elementalist:Air_Emblem","elementalist:Air_Emblem","elementalist:Air_Emblem","elementalist:Air_Emblem+1","elementalist:Defend_Elemblue","elementalist:Defend_Elemblue+1","elementalist:Defend_Elemblue","elementalist:Defend_Elemblue","elementalist:Waterstrike+1","elementalist:Airstrike+1","Sadistic Nature","elementalist:Spark+1","elementalist:Sidereal_Form+1","elementalist:Pressurize+1","elementalist:Mist","elementalist:Refract","elementalist:Spark+1","Sadistic Nature","elementalist:Spark+1","elementalist:Aetheric_Shield+1","elementalist:Sidereal_Form+1","elementalist:Heavensfall","elementalist:Wards+1","elementalist:Spark+1","elementalist:Caution+1","Panache"],"relics":["elementalistmod:MagusStaff","elementalistmod:GraduationLetter","hubris:EmptyBottle","Bronze Scales","Shuriken","Lee\u0027s Waffle","Oddly Smooth Stone","Matryoshka","Membership Card","Tiny Chest","hubris:TenFootPole","PreservedInsect","Bag of Marbles","hubris:GlazedTorus","DeathKnight:PutricidesVial","Centennial Puzzle","hubris:Backtick","The Courier","Pen Nib","Vajra","Potion Belt","MealTicket","Strawberry","Anchor","Nilry\u0027s Codex","War Paint","hubris:HollowSoul","Chemical X","Pear","hubris:SphereOfDissonance","Shovel","DeathKnight:SindragosasSkull","Incense Burner","Juzu Bracelet","Boot","hubris:BundleOfHerbs","Sundial","Nunchaku","Runesmith:AutoHammer","Whetstone"],"acts_visited":["Exordium","TheCity","TheBeyond","TheEnding"],"potions_floor_usage":[50,54,55,55,55,55,55,55,55,55],"damage_taken":[{"damage":0.0,"enemies":"Small Slimes","floor":1.0,"turns":4.0},{"damage":0.0,"enemies":"2 Louse","floor":5.0,"turns":3.0},{"damage":35.0,"enemies":"Gremlin Nob","floor":6.0,"turns":5.0},{"damage":14.0,"enemies":"3 Sentries","floor":8.0,"turns":9.0},{"damage":1.0,"enemies":"Lagavulin","floor":10.0,"turns":6.0},{"damage":0.0,"enemies":"Cultist","floor":12.0,"turns":3.0},{"damage":0.0,"enemies":"Gremlin Nob","floor":13.0,"turns":3.0},{"damage":3.0,"enemies":"The Guardian","floor":16.0,"turns":7.0},{"damage":8.0,"enemies":"2 Thieves","floor":18.0,"turns":4.0},{"damage":0.0,"enemies":"3 Byrds","floor":19.0,"turns":2.0},{"damage":1.0,"enemies":"Shelled Parasite and Fungi","floor":22.0,"turns":3.0},{"damage":0.0,"enemies":"Slavers","floor":23.0,"turns":2.0},{"damage":5.0,"enemies":"Cultist and Chosen","floor":24.0,"turns":3.0},{"damage":7.0,"enemies":"Book of Stabbing","floor":25.0,"turns":3.0},{"damage":4.0,"enemies":"3 Cultists","floor":29.0,"turns":5.0},{"damage":15.0,"enemies":"Slavers","floor":31.0,"turns":3.0},{"damage":15.0,"enemies":"Collector","floor":33.0,"turns":8.0},{"damage":30.0,"enemies":"3 Darklings","floor":35.0,"turns":3.0},{"damage":7.0,"enemies":"Orb Walker","floor":36.0,"turns":3.0},{"damage":0.0,"enemies":"Writhing Mass","floor":38.0,"turns":4.0},{"damage":1.0,"enemies":"Maw","floor":39.0,"turns":6.0},{"damage":0.0,"enemies":"Giant Head","floor":41.0,"turns":7.0},{"damage":0.0,"enemies":"3 Darklings","floor":42.0,"turns":3.0},{"damage":0.0,"enemies":"Reptomancer","floor":45.0,"turns":4.0},{"damage":0.0,"enemies":"Nemesis","floor":48.0,"turns":3.0},{"damage":0,"enemies":"hubris:GrandSnecko","floor":50,"turns":8},{"damage":20,"enemies":"Shield and Spear","floor":54,"turns":3},{"damage":39,"enemies":"The Heart","floor":55,"turns":7}],"seed_played":"-7795152334455284327","potions_obtained":[{"floor":1.0,"key":"ColorlessPotion"},{"floor":6.0,"key":"DeathKnight:BottledBloodEchoes"},{"floor":12.0,"key":"Regen Potion"},{"floor":16.0,"key":"Dexterity Potion"},{"floor":18.0,"key":"Explosive Potion"},{"floor":22.0,"key":"PowerPotion"},{"floor":24.0,"key":"Ancient Potion"},{"floor":31.0,"key":"DuplicationPotion"},{"floor":35.0,"key":"Swift Potion"},{"floor":38.0,"key":"Regen Potion"},{"floor":48.0,"key":"DeathKnight:RimePotion"}],"is_trial":false,"path_per_floor":["M","?","?","$","M","E","R","E","T","E","?","M","E","T","R","B",null,"M","M","$","T","M","E","M","E","T","?","?","M","R","E","R","B",null,"M","M","$","M","M","R","E","M","T","T","E","R","?","E","R","B",null,"R","$","E","B",null],"character_chosen":"THE_ELEMENTALIST","items_purchased":["hubris:EmptyBottle","Bronze Scales","Sadistic Nature","Shuriken","Lee\u0027s Waffle","Oddly Smooth Stone","Matryoshka","PowerPotion","DeathKnight:RimePotion","Membership Card","elementalist:Sidereal_Form","Pen Nib","Vajra","Sadistic Nature","Potion Belt","SkillPotion","Chemical X","Pear","hubris:SphereOfDissonance","PowerPotion","Panache","Nunchaku","Runesmith:AutoHammer"],"campfire_rested":0,"item_purchase_floors":[0,0,0,0,0,0,0,0,0,4,4,20,20,20,20,20,37,37,37,37,53,53,53],"current_hp_per_floor":[77,77,66,66,66,31,31,17,17,16,16,16,16,16,16,28,77,69,69,69,69,68,68,63,63,63,56,56,52,52,37,37,37,84,54,47,72,72,71,71,71,71,71,71,71,71,74,74,74,74,94,94,94,74,38],"gold":84,"neow_bonus":"","is_daily":false,"chose_seed":false,"campfire_upgraded":5,"win_rate":0.0,"timestamp":1613315680,"path_taken":["M","?","?","$","M","E","R","E","T","E","?","M","E","?","R","BOSS","M","?","$","?","?","E","M","E","T","?","?","M","R","E","R","BOSS","M","M","$","M","M","R","E","M","T","?","E","R","?","E","R","BOSS","R","$","E","BOSS"],"items_purchased_type":["Relic","Relic","Card","Relic","Relic","Relic","Relic","Potion","Potion","Relic","Card","Relic","Relic","Card","Relic","Potion","Relic","Relic","Relic","Potion","Card","Relic","Relic"],"build_version":"2020-12-22","purchased_purges":5,"victory":true,"max_hp_per_floor":[77,77,77,77,77,77,77,77,77,77,77,77,77,77,77,77,77,77,77,77,77,77,77,77,84,84,84,84,84,84,84,84,84,84,84,84,94,94,94,94,94,94,94,94,94,94,94,94,94,94,94,94,94,94,94],"card_choices":[{"not_picked":["elementalist:Confluence","elementalist:Emberveil"],"picked":"elementalist:Spark","floor":1.0},{"not_picked":["elementalist:Blaze","elementalist:Widdershins_Conversion","elementalist:Breeze"],"picked":"SKIP","floor":5.0},{"not_picked":["elementalist:Fission_Lance","elementalist:Monument"],"picked":"elementalist:Pressurize","floor":6.0},{"not_picked":["elementalist:Wards","elementalist:Solar_Form","elementalist:Gaian_Form"],"picked":"SKIP","floor":8.0},{"not_picked":["elementalist:Stone_to_Mud","elementalist:Solar_Form","elementalist:Multification"],"picked":"SKIP","floor":10.0},{"not_picked":["elementalist:Mage_Hand","elementalist:Confluence"],"picked":"elementalist:Mist","floor":12.0},{"not_picked":["elementalist:Magma_Shot","elementalist:Aegis","elementalist:Blaze"],"picked":"SKIP","floor":13.0},{"not_picked":["elementalist:Dragon_Bigram","elementalist:Multification"],"picked":"elementalist:Refract","floor":16.0},{"not_picked":["elementalist:Confluence+1","elementalist:Stone_to_Mud+1"],"picked":"elementalist:Spark","floor":18.0},{"not_picked":["elementalist:Flame","elementalist:Geomancy","elementalist:Magma_Shot"],"picked":"SKIP","floor":19.0},{"not_picked":["elementalist:Emberveil","elementalist:Flame","elementalist:Etherstrike"],"picked":"SKIP","floor":22.0},{"not_picked":["elementalist:Blaze","elementalist:Mist","elementalist:Emberveil"],"picked":"SKIP","floor":23.0},{"not_picked":["elementalist:Blaze","elementalist:Etherstrike+1"],"picked":"elementalist:Spark","floor":24.0},{"not_picked":["elementalist:Confluence","elementalist:Emberveil+1"],"picked":"elementalist:Aetheric_Shield","floor":25.0},{"not_picked":["elementalist:Wards","elementalist:Widdershins_Conversion","elementalist:Etherstrike"],"picked":"SKIP","floor":29.0},{"not_picked":["elementalist:Mage_Hand","elementalist:Wards","elementalist:Ignition"],"picked":"SKIP","floor":31.0},{"not_picked":["elementalist:Refract","elementalist:Reckless_Dance"],"picked":"elementalist:Heavensfall","floor":33.0},{"not_picked":["elementalist:Ignition","elementalist:Cyclone+1","elementalist:Etherstrike+1"],"picked":"SKIP","floor":35.0},{"not_picked":["elementalist:Vaccuum","elementalist:Geomancy","elementalist:Emberveil"],"picked":"SKIP","floor":36.0},{"not_picked":["elementalist:Stone_to_Mud","elementalist:Mist+1"],"picked":"elementalist:Wards+1","floor":38.0},{"not_picked":["elementalist:Concentricity+1","elementalist:Emberveil","elementalist:Spark"],"picked":"SKIP","floor":39.0},{"not_picked":["elementalist:Ignition+1","elementalist:Mist+1","elementalist:Wards+1"],"picked":"SKIP","floor":41.0},{"not_picked":["elementalist:Magma_Shot+1","elementalist:Overheat+1"],"picked":"elementalist:Spark+1","floor":42.0},{"not_picked":["elementalist:Spout+1","elementalist:Overheat"],"picked":"elementalist:Caution+1","floor":45.0},{"not_picked":["elementalist:Kiln","elementalist:Geomancy","elementalist:Overheat"],"picked":"SKIP","floor":48.0},{"not_picked":["elementalist:Kiln","elementalist:Blaze","elementalist:Geomancy"],"picked":"SKIP","floor":54}],"player_experience":1155202,"relics_obtained":[{"floor":6.0,"key":"Tiny Chest"},{"floor":8.0,"key":"hubris:TenFootPole"},{"floor":9.0,"key":"PreservedInsect"},{"floor":9.0,"key":"Bag of Marbles"},{"floor":10.0,"key":"hubris:GlazedTorus"},{"floor":13.0,"key":"DeathKnight:PutricidesVial"},{"floor":14.0,"key":"Centennial Puzzle"},{"floor":21.0,"key":"MealTicket"},{"floor":25.0,"key":"Strawberry"},{"floor":26.0,"key":"Anchor"},{"floor":27.0,"key":"Nilry\u0027s Codex"},{"floor":31.0,"key":"War Paint"},{"floor":41.0,"key":"Shovel"},{"floor":43.0,"key":"DeathKnight:SindragosasSkull"},{"floor":44.0,"key":"Incense Burner"},{"floor":45.0,"key":"Juzu Bracelet"},{"floor":48.0,"key":"Boot"},{"floor":49.0,"key":"hubris:BundleOfHerbs"},{"floor":52,"key":"Sundial"},{"floor":54,"key":"Whetstone"}],"event_choices":[{"damage_healed":0.0,"max_hp_gain":0.0,"max_hp_loss":0.0,"gold_gain":75.0,"event_name":"betterThird:BetterGoop","player_choice":"Gold","floor":3.0,"gold_loss":0.0,"damage_taken":11.0},{"damage_healed":0.0,"max_hp_gain":0.0,"max_hp_loss":0.0,"gold_gain":0.0,"event_name":"Accursed Blacksmith","player_choice":"Forge","floor":11.0,"gold_loss":0.0,"damage_taken":0.0,"cards_upgraded":["elementalist:Sidereal_Form"]},{"damage_healed":0.0,"max_hp_gain":0.0,"max_hp_loss":0.0,"gold_gain":0.0,"event_name":"Cursed Tome","player_choice":"Obtained Book","floor":27.0,"gold_loss":0.0,"damage_taken":16.0},{"damage_healed":0.0,"max_hp_gain":0.0,"max_hp_loss":0.0,"gold_gain":99.0,"event_name":"betterThird:BetterNest","player_choice":"Steal","floor":28.0,"gold_loss":0.0,"damage_taken":0.0},{"damage_healed":0.0,"max_hp_gain":0.0,"max_hp_loss":0.0,"gold_gain":0.0,"event_name":"Tomb of Lord Red Mask","player_choice":"Ignored","floor":47.0,"gold_loss":0.0,"damage_taken":0.0}],"is_beta":false,"boss_relics":[{"not_picked":["Snecko Eye","hubris:Stopwatch"],"picked":"hubris:Backtick"},{"not_picked":["hubris:GrandSneckoEye","Pandora\u0027s Box"],"picked":"hubris:HollowSoul"}],"items_purged_floors":[0,0,0,37,37],"is_endless":false,"potions_floor_spawned":[1,6,12,16,18,22,24,31,35,38,48,54],"ascension_level":1}}