{"host":"fbdlh90rovbiajun","time":1613283108,"event":{"mods":["AchievementEnabler","BaseMod","Colored Map","Keyboard Shortcuts","Minty Spire (QoL Compilation)","SuperFastMode"],"gold_per_floor":[117,132,145,165,92,92,104,123,173,234,246,246,260,185,185,281,281,291,291,310,225,50,50,66,66,66,66,66,85,85,0,0,97,97,107,122,47,97,117,117,117,132,203,134,154,0,0,13,13,13],"floor_reached":51,"language":"KOR","playtime":3260,"items_purged":["Strike_G","Strike_G"],"score":666,"play_id":"5245884e-4d47-4371-80b2-513978564a01","local_time":"20210214151148","is_ascension_mode":false,"campfire_choices":[{"data":"Footwork","floor":6.0,"key":"SMITH"},{"data":"Noxious Fumes","floor":12.0,"key":"SMITH"},{"data":"Calculated Gamble","floor":15.0,"key":"SMITH"},{"data":"Footwork","floor":23.0,"key":"SMITH"},{"data":"Noxious Fumes","floor":25.0,"key":"SMITH"},{"data":"Neutralize","floor":27.0,"key":"SMITH"},{"floor":32,"key":"REST"},{"floor":40,"key":"REST"},{"data":"Footwork","floor":47,"key":"SMITH"},{"data":"Blur","floor":49,"key":"SMITH"}],"circlet_count":0,"master_deck":["Strike_G+1","Defend_G","Defend_G","Defend_G","Defend_G","Defend_G","Survivor","Neutralize+1","Footwork+1","Quick Slash+1","Noxious Fumes+1","Noxious Fumes+1","Backflip","Calculated Gamble+1","Footwork+1","Deadly Poison+1","Blur+1","Catalyst","Acrobatics+1","Thinking Ahead","Footwork+1","Footwork+1"],"relics":["Ring of the Snake","Boot","Whetstone","Thread and Needle","Empty Cage","Nilry\u0027s Codex","Gremlin Horn","Bottled Flame","Busted Crown","Shovel","Pantograph","Red Mask"],"acts_visited":["Exordium","TheCity","TheBeyond"],"potions_floor_usage":[50,50,50],"damage_taken":[{"damage":0.0,"enemies":"Cultist","floor":1.0,"turns":6.0},{"damage":0.0,"enemies":"Jaw Worm","floor":2.0,"turns":6.0},{"damage":5.0,"enemies":"Small Slimes","floor":3.0,"turns":6.0},{"damage":5.0,"enemies":"Blue Slaver","floor":4.0,"turns":6.0},{"damage":0.0,"enemies":"Exordium Wildlife","floor":7.0,"turns":4.0},{"damage":15.0,"enemies":"Gremlin Gang","floor":8.0,"turns":5.0},{"damage":24.0,"enemies":"3 Sentries","floor":10.0,"turns":7.0},{"damage":1.0,"enemies":"Looter","floor":11.0,"turns":4.0},{"damage":0.0,"enemies":"Blue Slaver","floor":13.0,"turns":5.0},{"damage":9.0,"enemies":"Slime Boss","floor":16.0,"turns":9.0},{"damage":6.0,"enemies":"3 Byrds","floor":18.0,"turns":4.0},{"damage":11.0,"enemies":"2 Thieves","floor":20.0,"turns":4.0},{"damage":0.0,"enemies":"Shelled Parasite and Fungi","floor":24.0,"turns":7.0},{"damage":0.0,"enemies":"Snake Plant","floor":29.0,"turns":3.0},{"damage":6,"enemies":"Colosseum Slavers","floor":30,"turns":6},{"damage":12,"enemies":"Automaton","floor":33,"turns":12},{"damage":7,"enemies":"3 Darklings","floor":35,"turns":6},{"damage":22,"enemies":"3 Shapes","floor":36,"turns":5},{"damage":7,"enemies":"Mind Bloom Boss Battle","floor":38,"turns":6},{"damage":1,"enemies":"Sphere and 2 Shapes","floor":39,"turns":6},{"damage":10,"enemies":"Transient","floor":42,"turns":5},{"damage":2,"enemies":"Spire Growth","floor":45,"turns":6},{"damage":0,"enemies":"Jaw Worm Horde","floor":48,"turns":9},{"damage":27,"enemies":"Awakened One","floor":50,"turns":18}],"seed_played":"-606871673688861773","potions_obtained":[{"floor":1.0,"key":"Fruit Juice"},{"floor":4.0,"key":"DistilledChaos"},{"floor":10.0,"key":"Dexterity Potion"},{"floor":11.0,"key":"AttackPotion"},{"floor":13.0,"key":"Explosive Potion"},{"floor":16.0,"key":"GhostInAJar"},{"floor":38,"key":"Block Potion"},{"floor":42,"key":"Dexterity Potion"},{"floor":45,"key":"Block Potion"}],"is_trial":false,"path_per_floor":["M","M","M","M","$","R","M","M","T","?","M","R","M","$","R","B",null,"M","?","M","?","$","R","M","R","T","R","$","M","?","?","R","B",null,"M","M","$","?","M","R","?","M","T","$","M","?","R","M","R","B",null],"character_chosen":"THE_SILENT","items_purchased":["Noxious Fumes","Footwork","Catalyst","Footwork"],"campfire_rested":2,"item_purchase_floors":[5,22,37,44],"current_hp_per_floor":[70,70,65,60,60,60,60,45,45,21,25,25,25,25,25,16,75,69,53,42,42,42,42,42,42,42,42,42,42,36,36,58,46,75,68,46,46,39,38,60,60,50,50,50,48,48,48,48,48,46],"gold":13,"neow_bonus":"RANDOM_COMMON_RELIC","is_daily":false,"chose_seed":false,"campfire_upgraded":8,"win_rate":0.0,"timestamp":1613283108,"path_taken":["M","?","M","?","$","R","M","M","T","?","M","R","M","$","R","BOSS","M","?","M","?","?","R","?","R","T","R","$","M","?","?","R","BOSS","M","M","$","?","M","R","?","?","T","$","M","?","R","M","R","BOSS"],"items_purchased_type":["Card","Card","Card","Card"],"build_version":"2020-12-22","purchased_purges":2,"victory":true,"max_hp_per_floor":[70,70,70,70,70,70,70,70,70,70,75,75,75,75,75,75,75,75,75,75,75,75,75,75,75,75,75,75,75,75,75,75,75,75,75,75,75,75,75,75,75,75,75,75,75,75,75,75,75,75],"card_choices":[{"not_picked":["Caltrops","Dash","Distraction"],"picked":"SKIP","floor":1.0},{"not_picked":["Prepared","Blade Dance"],"picked":"Footwork","floor":2.0},{"not_picked":["Infinite Blades","Endless Agony","Expertise"],"picked":"SKIP","floor":3.0},{"not_picked":["Bane","Dash"],"picked":"Quick Slash","floor":4.0},{"not_picked":["Endless Agony","Backstab"],"picked":"Noxious Fumes","floor":7.0},{"not_picked":["Doppelganger","Flying Knee"],"picked":"Backflip","floor":8.0},{"not_picked":["Flying Knee","Bouncing Flask","Backflip"],"picked":"SKIP","floor":11.0},{"not_picked":["All Out Attack","Endless Agony"],"picked":"Calculated Gamble","floor":13.0},{"not_picked":["All Out Attack+1","Quick Slash+1","Flying Knee"],"picked":"SKIP","floor":18.0},{"not_picked":["Dodge and Roll","Expertise+1","Dagger Spray"],"picked":"SKIP","floor":20.0},{"not_picked":["Outmaneuver+1","Dagger Throw","Deadly Poison+1"],"picked":"SKIP","floor":24.0},{"not_picked":["Outmaneuver+1","Dagger Throw"],"picked":"Deadly Poison+1","floor":24.0},{"not_picked":["Underhanded Strike","Sucker Punch","Dagger Spray+1"],"picked":"SKIP","floor":29.0},{"not_picked":[],"picked":"Blur","floor":35},{"not_picked":["Flying Knee+1"],"picked":"SKIP","floor":36},{"not_picked":[],"picked":"Acrobatics+1","floor":39},{"not_picked":[],"picked":"Thinking Ahead","floor":41},{"not_picked":["Heel Hook"],"picked":"SKIP","floor":42},{"not_picked":["Deadly Poison"],"picked":"SKIP","floor":45},{"not_picked":[],"picked":"Footwork+1","floor":48}],"player_experience":31082,"relics_obtained":[{"floor":9.0,"key":"Whetstone"},{"floor":10.0,"key":"Thread and Needle"},{"floor":19.0,"key":"Nilry\u0027s Codex"},{"floor":26.0,"key":"Bottled Flame"},{"floor":38,"key":"Shovel"},{"floor":43,"key":"Pantograph"}],"event_choices":[{"damage_healed":0.0,"max_hp_gain":0.0,"max_hp_loss":0.0,"gold_gain":30.0,"event_name":"Dead Adventurer","player_choice":"Searched \u00272\u0027 times","floor":10.0,"gold_loss":0.0,"damage_taken":0.0},{"damage_healed":0.0,"max_hp_gain":0.0,"max_hp_loss":0.0,"gold_gain":0.0,"event_name":"Cursed Tome","player_choice":"Obtained Book","floor":19.0,"gold_loss":0.0,"damage_taken":16.0},{"damage_healed":0.0,"max_hp_gain":0.0,"max_hp_loss":0.0,"gold_gain":0.0,"event_name":"Addict","player_choice":"Obtained Relic","floor":21.0,"gold_loss":85.0,"damage_taken":0.0,"relics_obtained":["Gremlin Horn"]},{"damage_healed":0,"gold_gain":0,"player_choice":"Fight","damage_taken":0,"max_hp_gain":0,"max_hp_loss":0,"event_name":"Colosseum","floor":30,"gold_loss":0},{"damage_healed":0,"gold_gain":0,"player_choice":"Fled From Nobs","damage_taken":0,"max_hp_gain":0,"max_hp_loss":0,"event_name":"Colosseum","floor":30,"gold_loss":0},{"damage_healed":0,"gold_gain":0,"player_choice":"Paid Fearfully","damage_taken":0,"max_hp_gain":0,"max_hp_loss":0,"event_name":"Masked Bandits","floor":31,"gold_loss":85},{"damage_healed":0,"gold_gain":0,"player_choice":"Fight","damage_taken":0,"max_hp_gain":0,"max_hp_loss":0,"event_name":"MindBloom","floor":38,"gold_loss":0},{"damage_healed":0,"gold_gain":0,"player_choice":"Memory 1","damage_taken":0,"max_hp_gain":0,"max_hp_loss":0,"event_name":"SensoryStone","floor":41,"gold_loss":0},{"damage_healed":0,"gold_gain":0,"player_choice":"Paid","damage_taken":0,"relics_obtained":["Red Mask"],"max_hp_gain":0,"max_hp_loss":0,"event_name":"Tomb of Lord Red Mask","floor":46,"gold_loss":154}],"is_beta":false,"boss_relics":[{"not_picked":["Runic Pyramid","Tiny House"],"picked":"Empty Cage"},{"not_picked":["Calling Bell","Sozu"],"picked":"Busted Crown"}],"items_purged_floors":[14,22],"is_endless":false,"potions_floor_spawned":[1,4,10,11,13,16,18,30,38,42,45],"ascension_level":0}}