{"host":"ewn058xs2vaj5uc6","time":1613306557,"event":{"mods":["ATMod(??Mod)","Act Like it!","Aspiration","BaseMod","Better Vampires","BetterRewards","Bossed Relics","Colored Map","Colored Powertips","Downfall","Fox Events","Highlight Path","Minty Spire (QoL Compilation)","MostiFishMod","Quick Restart","Red Circlet Mod","Relic Filter Mod","Reliquary","Replay The Spire","Shop Mod","StSLib","SuperFastMode","TestMod","TheWitcher","??????REMEMod","????"],"gold_per_floor":[180,198,210,221,241,241,264,289,306,306,306,331,19,19,38,143,143,29,246,461,679,888,1111,1111,1129,1349,743,757,956,987,1193,1188,1267,1267,934,951,951,1165,1364,1364,1364,1584,1584,1603,1653,1289,407,13,238,258],"floor_reached":51,"language":"ZHS","playtime":2166,"items_purged":["downfall:Malfunctioning","downfall:Bewildered","SnafuTest:CurseSurrender","SnafuTest:CurseRiot","ReplayTheSpireMod:Splinters","downfall:Haunted","Amnesia"],"score":1184,"play_id":"b2d89a57-a5ba-4391-bc86-03bfb7e65b0e","local_time":"20210214204236","is_ascension_mode":false,"campfire_choices":[],"circlet_count":0,"master_deck":["bronze:Strike+1","bronze:Strike+1","bronze:Defend+1","bronze:Defend+1","bronze:Defend+1","bronze:Replicate","bronze:Goto","testmod-DeathImprint","bronze:Iterate","bronze:DelayedSlice+1","bronze:FollowUp+1","bronze:Repair","downfall:Aged","Pain","Crippling Poison","Skewer","Quick Slash","Pain","Injury","Languid","Writhe"],"relics":["bronze:BronzeCore","testmod-TestBox","AT_ATBox","REME_ComplimentaryCards","DaveBox","Membership Card","testmod-CrystalShield","Guardian:PocketSentry","Happy Flower","Bronze Scales","DianPoetry","Blue Candle","REME_DemonsWealth","MerchantsRug","Akabeko","Blood Vial","Orichalcum","downfall:HeartBlessingGreen","HollowDreamFlower","testmod-BouquetWithThorns","Civilization","Kunai","FeatherPendant","reliquary:RoseTintedGlasses","Torii","Replay:Baseball","testmod-ObsoleteBoomerang","Art of War","REME_CardOfGreed","AT_BellDemon","AT_ChloranthyRing","Replay:Bottled Eggs","Strange Spoon","REME_PuzzleBoxRelic","Pondfish Scales","BirthdayGift-Tetrahedron","Meat on the Bone","testmod-Acrobat","Medical Kit","Strawberry"],"acts_visited":["Exordium","TheCity","TheBeyond"],"potions_floor_usage":[26,28,28,29,29,33],"damage_taken":[{"damage":1.0,"enemies":"Jaw Worm","floor":2.0,"turns":4.0},{"damage":5.0,"enemies":"Small Slimes","floor":3.0,"turns":4.0},{"damage":1.0,"enemies":"2 Louse","floor":4.0,"turns":3.0},{"damage":11.0,"enemies":"Large Slime","floor":5.0,"turns":3.0},{"damage":0.0,"enemies":"Replay:BlueRogue","floor":8.0,"turns":6.0},{"damage":0.0,"enemies":"Gremlin Gang","floor":9.0,"turns":2.0},{"damage":2.0,"enemies":"Lagavulin","floor":12.0,"turns":6.0},{"damage":0.0,"enemies":"3 Louse","floor":15.0,"turns":2.0},{"damage":0.0,"enemies":"SI_SHIV_ARCHETYPE","floor":16.0,"turns":4.0},{"damage":0.0,"enemies":"Shell Parasite","floor":19.0,"turns":3.0},{"damage":9.0,"enemies":"downfall:LooterAlt2","floor":20.0,"turns":2.0},{"damage":11.0,"enemies":"Cultist and Chosen","floor":21.0,"turns":3.0},{"damage":9.0,"enemies":"Snake Plant","floor":22.0,"turns":3.0},{"damage":41.0,"enemies":"REME_1_Revenger","floor":23.0,"turns":4.0},{"damage":6,"enemies":"Chosen and Byrds","floor":25,"turns":4},{"damage":4,"enemies":"Centurion and Healer","floor":26,"turns":3},{"damage":1,"enemies":"Sentry and Sphere","floor":28,"turns":2},{"damage":11,"enemies":"Shelled Parasite and Fungi","floor":29,"turns":3},{"damage":14,"enemies":"Slavers","floor":30,"turns":3},{"damage":6,"enemies":"Snecko","floor":31,"turns":2},{"damage":8,"enemies":"Centurion and Healer","floor":32,"turns":4},{"damage":13,"enemies":"IC_MUSHROOM_ARCHETYPE","floor":33,"turns":5},{"damage":10,"enemies":"3 Darklings","floor":36,"turns":2},{"damage":23,"enemies":"3 Shapes","floor":38,"turns":2},{"damage":28,"enemies":"Maw","floor":39,"turns":4},{"damage":4,"enemies":"3 Darklings","floor":42,"turns":2},{"damage":8,"enemies":"4 Shapes","floor":44,"turns":2},{"damage":6,"enemies":"downfall:FleeingMerchant","floor":45,"turns":3},{"damage":0,"enemies":"Spire Growth","floor":49,"turns":1},{"damage":2,"enemies":"DF_ARCHETYPE_ORBS","floor":50,"turns":1}],"seed_played":"-6465974686198308427","potions_obtained":[{"floor":3.0,"key":"Energy Potion"},{"floor":4.0,"key":"champ:CounterPotion"},{"floor":5.0,"key":"REME_GoldPotion"},{"floor":14.0,"key":"BlessingOfTheForge"},{"floor":14.0,"key":"Flashbang"},{"floor":14.0,"key":"CultistPotion"},{"floor":19.0,"key":"testmod-TestPotion"},{"floor":22.0,"key":"Cursed Concoction"},{"floor":23.0,"key":"FearPotion"},{"floor":28,"key":"Fire Potion"},{"floor":30,"key":"SmokeBomb"},{"floor":31,"key":"LifebloodPotion"},{"floor":42,"key":"BlessingOfTheForge"},{"floor":49,"key":"Doom Potion"}],"is_trial":false,"path_per_floor":["R_BF","M","M","M","M","?","T","E","M","?","?","E","R","?","M","B",null,"R","M","M","M","M","E","T","M","M","R","M","M","E","M","M","B",null,"R","M","?","M","M","T","T","M","?","M","?","$","R","$","M","B",null],"character_chosen":"THE_AUTOMATON","items_purchased":["DianPoetry","Blue Candle","MerchantsRug","Akabeko","HollowDreamFlower","testmod-BouquetWithThorns","Civilization","AttackPotion","Fire Potion","Weak Potion","reliquary:RoseTintedGlasses","Torii","LiquidMemories","Art of War","REME_CardOfGreed","AT_BellDemon","AT_ChloranthyRing","Replay:Bottled Eggs","Strange Spoon","REME_PuzzleBoxRelic","Pondfish Scales","BirthdayGift-Tetrahedron","Meat on the Bone","testmod-Acrobat","Medical Kit"],"campfire_rested":0,"item_purchase_floors":[13,13,18,18,27,27,27,27,27,27,35,35,35,45,45,45,46,46,46,47,47,47,48,48,48],"current_hp_per_floor":[77,76,71,70,59,59,59,59,59,59,59,64,64,64,64,71,77,77,77,75,64,62,28,28,31,36,36,43,42,46,51,61,59,103,103,98,98,93,76,76,76,83,83,86,98,98,98,98,116,132],"gold":258,"neow_bonus":"TEN_PERCENT_HP_BONUS","is_daily":false,"chose_seed":false,"campfire_upgraded":0,"win_rate":0.0,"timestamp":1613306556,"path_taken":["R_BF","M","M","M","M","?","T","E","M","?","?","E","R","?","M","BOSS","R","M","M","?","M","E","T","M","M","R","M","M","E","M","M","BOSS","R","M","?","M","?","?","T","?","?","M","?","$","R","$","M","BOSS"],"items_purchased_type":["Relic","Relic","Relic","Relic","Relic","Relic","Relic","Potion","Potion","Potion","Relic","Relic","Potion","Relic","Relic","Relic","Relic","Relic","Relic","Relic","Relic","Relic","Relic","Relic","Relic"],"build_version":"2020-12-22","purchased_purges":7,"victory":true,"max_hp_per_floor":[77,77,77,77,77,77,77,77,77,77,77,77,77,77,77,77,77,77,77,77,77,77,77,77,77,77,77,79,83,88,93,98,103,103,103,108,108,113,118,118,118,123,123,128,133,133,133,133,145,150],"card_choices":[{"not_picked":["bronze:ChosenStrike","bronze:DarkDash","bronze:FineTuning"],"picked":"SKIP","floor":2.0},{"not_picked":["bronze:Invalidate","bronze:WhirlingStrike"],"picked":"bronze:Iterate","floor":3.0},{"not_picked":["bronze:Frontload","bronze:Safeguard"],"picked":"bronze:DelayedSlice","floor":4.0},{"not_picked":["bronze:Overheat","bronze:Repulsor"],"picked":"bronze:DelayedGuard","floor":5.0},{"not_picked":["bronze:Return","bronze:Overheat","bronze:Iterate"],"picked":"SKIP","floor":8.0},{"not_picked":["bronze:ForLoop","bronze:BitShift"],"picked":"bronze:Repair","floor":9.0},{"not_picked":["bronze:Shell","bronze:CutThrough","bronze:MaxOutput"],"picked":"SKIP","floor":12.0},{"not_picked":["bronze:BugBarrage","bronze:FineTuning","bronze:ClassDefault"],"picked":"SKIP","floor":15.0},{"not_picked":["bronze:Overheat","bronze:MaxOutput","bronze:WhirlingStrike"],"picked":"ReplayTheSpireMod:Splinters","floor":19.0},{"not_picked":["bronze:ForceShield","bronze:Iterate","bronze:Turbo"],"picked":"SnafuTest:CurseSurrender","floor":20.0},{"not_picked":["bronze:FindAndReplace","bronze:NullPointer+1","bronze:Frontload"],"picked":"SnafuTest:CurseRiot","floor":21.0},{"not_picked":["bronze:Deprecate","bronze:CutThrough","bronze:WhirlingStrike+1"],"picked":"downfall:Aged","floor":22.0},{"not_picked":["bronze:BronzeOrb","bronze:BronzeArmor","bronze:Frontload"],"picked":"downfall:Haunted","floor":23.0},{"not_picked":["bronze:BitShift","bronze:Deprecate","bronze:WildBeam","Delirium"],"picked":"SKIP","floor":25},{"not_picked":["bronze:Branch","bronze:BronzeArmor","bronze:ForceShield"],"picked":"downfall:Bewildered","floor":26},{"not_picked":["bronze:FineTuning","bronze:CloningBeam","bronze:ForceShield","downfall:Bewildered"],"picked":"SKIP","floor":28},{"not_picked":["bronze:CleanCode","bronze:OilSpill","bronze:Boost"],"picked":"Amnesia","floor":29},{"not_picked":["bronze:Shield","bronze:FineTuning","bronze:HardenedForm","downfall:Bewildered"],"picked":"SKIP","floor":30},{"not_picked":["bronze:Safeguard","bronze:FineTuning","bronze:Shield+1"],"picked":"Pain","floor":31},{"not_picked":["bronze:NullPointer","bronze:Overheat","bronze:FineTuning","ReplayTheSpireMod:Faulty Equipment"],"picked":"SKIP","floor":32},{"not_picked":["bronze:Invalidate","bronze:Optimize+1","bronze:DelayedSlice+1","Voices"],"picked":"SKIP","floor":36},{"not_picked":["bronze:GetLatest+1","bronze:Turbo+1","bronze:CutThrough"],"picked":"Pain","floor":38},{"not_picked":["bronze:DarkDash","bronze:Overheat+1","bronze:CloningBeam"],"picked":"Injury","floor":39},{"not_picked":["bronze:Frontload+1","bronze:CutThrough","bronze:BronzeArmor"],"picked":"Languid","floor":42},{"not_picked":["bronze:Repair+1","bronze:BitShift+1","bronze:Overload+1","Looming Evil"],"picked":"SKIP","floor":44},{"not_picked":["bronze:OilSpill","bronze:Frontload","bronze:SpaghettiCode","downfall:Malfunctioning"],"picked":"SKIP","floor":45},{"not_picked":["bronze:DelayedGuard","bronze:Deprecate","bronze:Philosophize+1"],"picked":"Writhe","floor":49}],"player_experience":157570,"relics_obtained":[{"floor":7.0,"key":"Guardian:PocketSentry"},{"floor":8.0,"key":"Happy Flower"},{"floor":12.0,"key":"Bronze Scales"},{"floor":23.0,"key":"Blood Vial"},{"floor":24.0,"key":"Orichalcum"},{"floor":30,"key":"Kunai"},{"floor":40,"key":"Replay:Baseball"},{"floor":41,"key":"testmod-ObsoleteBoomerang"},{"floor":49,"key":"Strawberry"}],"event_choices":[{"damage_healed":0.0,"max_hp_gain":0.0,"max_hp_loss":0.0,"gold_gain":0.0,"event_name":"Lab","player_choice":"Got Potions","floor":14.0,"gold_loss":0.0,"damage_taken":0.0}],"is_beta":false,"boss_relics":[{"not_picked":["BloodWine","aspiration:WatcherSkillbook"],"picked":"REME_DemonsWealth"},{"not_picked":["testmod-SaigiyounoYou","aspiration:SecretTechniqueScroll"],"picked":"FeatherPendant"}],"items_purged_floors":[13,27,35,45,46,47,48],"is_endless":false,"potions_floor_spawned":[3,4,5,19,22,23,28,30,31,42,49],"ascension_level":0}}