{"host":"vu2gjyr86ub8nk5d","time":1613279101,"event":{"mods":["AchievementEnabler","BaseMod","BetterRewards","Colored Map","Downfall","Ironclad Rager","Minty Spire (QoL Compilation)","Replay The Spire","StSLib"],"gold_per_floor":[99,119,119,119,133,167,191,91,124,139,39,74,74,102,116,219,219,219,233,233,333,358,358,358,358,386,286,302,331,331,140,160,264,264,264,283,62,62,76,76,99,115,140,171,171,197,197,24,37,37,37,63,3,3,3,3,3,3],"floor_reached":56,"language":"ENG","playtime":5146,"items_purged":["downfall:Bewildered"],"score":1092,"play_id":"2fe3f425-9d50-4299-89e0-72517b5fec2b","local_time":"20210213230501","daily_mods":["Draft","Vintage","Heirloom","Flight","DeadlyEvents","Elite Swarm","Binary"],"is_ascension_mode":false,"campfire_choices":[{"floor":1.0,"key":"RECALL"},{"data":"Slimebound:RollThrough","floor":8.0,"key":"SMITH"},{"data":"Slimebound:LevelUp","floor":11.0,"key":"SMITH"},{"data":"Slimebound:LevelUp","floor":13.0,"key":"SMITH"},{"data":"Slimebound:AcidTongue","floor":23,"key":"SMITH"},{"data":"Slimebound:RejuvenatingLick","floor":25,"key":"SMITH"},{"data":"Slimebound:DisruptingSlam","floor":27,"key":"SMITH"},{"floor":35,"key":"DIG"},{"data":"Pot Of Greed","floor":47,"key":"SMITH"},{"data":"Slimebound:DuplicatedForm","floor":54,"key":"SMITH"}],"circlet_count":0,"master_deck":["Slimebound:GoopSpray","Slimebound:RollThrough+1","Slimebound:SplitBruiser","Slimebound:GoopSpray","Slimebound:LivingWall","Slimebound:Schlurp","Slimebound:RejuvenatingLick+1","Slimebound:DisruptingSlam+1","Slimebound:GoopSpray","Slimebound:Recollect","Slimebound:LevelUp+1","Slimebound:AcidTongue+1","Slimebound:ComboTackle+1","Slimebound:FinishingTackle","Slimebound:LeechEnergy","Slimebound:LevelUp+1","Slimebound:SplitBruiser","Slimebound:LeechingTouch","Slimebound:SplitMire","Pot Of Greed","Pot Of Greed","Slimebound:TongueLash+1","Slimebound:TongueLash+1","Slimebound:SlimeSpikes","Slimebound:HauntingLick","Pot Of Greed+1","Slimebound:BestDefense","Slimebound:Darklings","Slimebound:SlimeBrawl","Slimebound:RainOfGoop","Overencumbered","expansioncontent:StudyTheSpire","Slimebound:DuplicatedForm+1","Slimebound:Repurpose+1"],"relics":["Slimebound:AbsorbEndCombat","Busted Crown","replay:Trail_Library","champ:DuelingGlove","hexamod:BolsterEngine","Strawberry","Guardian:GemstoneGun","downfall:HeartBlessingRed","Du-Vu Doll","Mummified Hand","downfall:HeartBlessingBlue","Regal Pillow","Mango","Bottled Tornado","sneckomod:SneckoTalon","Replay:Mystery Machine","sneckomod:BabySnecko","downfall:GremlinWheel","Matryoshka","Tiny Chest","Guardian:PocketSentry","Shuriken","downfall:HeartBlessingGreen","Happy Flower","Replay:Accelerometer","bronze:BronzeIdol","Toy Ornithopter","Philosopher\u0027s Stone","Centennial Puzzle","Ice Cream","Grinning Jar","Slimebound:StickyStick","Replay:Bottled Snecko","Vajra","PreservedInsect","Slimebound:MaxSlimesRelic","Replay:Ringing Soul","Pen Nib","Mirror","Replay:WaspNest","ReplayTheSpireMod:CursedCoin","Whetstone","Pocketwatch"],"acts_visited":["Exordium","TheCity","TheBeyond","TheEnding"],"potions_floor_usage":[26,26,33,42,50,50,52],"damage_taken":[{"damage":0.0,"enemies":"2 Louse","floor":2.0,"turns":1.0},{"damage":0.0,"enemies":"Cultist","floor":5.0,"turns":3.0},{"damage":0.0,"enemies":"Replay:BlueRogue","floor":6.0,"turns":5.0},{"damage":6.0,"enemies":"3 Sentries","floor":9.0,"turns":3.0},{"damage":0.0,"enemies":"Jaw Worm","floor":10.0,"turns":2.0},{"damage":2.0,"enemies":"Lagavulin","floor":12.0,"turns":3.0},{"damage":0.0,"enemies":"3 Sentries","floor":14.0,"turns":3.0},{"damage":0.0,"enemies":"Gremlin Gang","floor":15.0,"turns":2.0},{"damage":4.0,"enemies":"SI_SHIV_ARCHETYPE","floor":16.0,"turns":5.0},{"damage":3,"enemies":"Chosen","floor":19,"turns":3},{"damage":0,"enemies":"Chosen","floor":21,"turns":3},{"damage":0,"enemies":"Replay:Snechameleon","floor":22,"turns":4},{"damage":9,"enemies":"Slavers","floor":26,"turns":4},{"damage":0,"enemies":"Shelled Parasite and Fungi","floor":28,"turns":3},{"damage":4,"enemies":"Gremlin Leader","floor":29,"turns":3},{"damage":0,"enemies":"downfall:FleeingMerchant","floor":31,"turns":4},{"damage":0,"enemies":"Snake Plant","floor":32,"turns":2},{"damage":2,"enemies":"DF_ARCHETYPE_CLAW","floor":33,"turns":5},{"damage":0,"enemies":"3 Shapes","floor":36,"turns":2},{"damage":0,"enemies":"downfall:FleeingMerchant","floor":37,"turns":3},{"damage":0,"enemies":"Orb Walker","floor":39,"turns":3},{"damage":1,"enemies":"4 Shapes","floor":42,"turns":2},{"damage":0,"enemies":"R_Hoarder","floor":43,"turns":3},{"damage":0,"enemies":"Giant Head","floor":44,"turns":5},{"damage":0,"enemies":"R_Hoarder","floor":46,"turns":2},{"damage":0,"enemies":"3 Darklings","floor":49,"turns":3},{"damage":52,"enemies":"WA_ARCHETYPE_DIVINITY","floor":50,"turns":4},{"damage":5,"enemies":"downfall:CharBossMerchant","floor":52,"turns":4},{"damage":18,"enemies":"downfall:NeowBoss","floor":55,"turns":7},{"damage":123,"enemies":"downfall:NeowBossFinal","floor":56,"turns":5}],"seed_played":"1368149568519865408","potions_obtained":[{"floor":2.0,"key":"Fruit Juice"},{"floor":4.0,"key":"Strength Potion"},{"floor":4.0,"key":"hexamod:SoulburnPotion"},{"floor":4.0,"key":"Death Potion"},{"floor":12.0,"key":"Weak Potion"},{"floor":18,"key":"AttackPotion"},{"floor":18,"key":"Slimebound:SlimyTonguePotion"},{"floor":22,"key":"Venom Potion"},{"floor":32,"key":"Dexterity Potion"},{"floor":36,"key":"champ:CounterPotion"},{"floor":39,"key":"Adrenaline Potion"},{"floor":42,"key":"Block Potion"}],"is_trial":true,"path_per_floor":["R_BF","M","?","?","M","E","T","R","E","M","R","E","R","E","M","B",null,"R_BF","M","?","?","E","R","T","R","E","R","M","E","?","$","M","B",null,"R_BF","M","$","T","M","?","T","M","E","E","T","E","R","$","M","B",null,"E","$","R","B","B"],"character_chosen":"SLIMEBOUND","items_purchased":["Slimebound:LeechingTouch","Slimebound:SplitMire","expansioncontent:QuickStudy","Grinning Jar","Slimebound:TongueLash","Slimebound:SlimeSpikes","Slimebound:HauntingLick","Slimebound:BestDefense","ReplayTheSpireMod:CursedCoin","expansioncontent:StudyTheSpire","Slimebound:DuplicatedForm","Slimebound:Repurpose+1"],"campfire_rested":0,"item_purchase_floors":[31,31,37,37,37,37,37,37,48,48,48,53],"current_hp_per_floor":[65,70,70,70,77,77,77,77,73,75,85,85,85,101,101,99,101,101,101,101,101,101,101,101,101,100,100,101,99,99,101,101,101,101,101,101,101,101,101,101,101,100,101,101,104,104,107,110,110,73,110,105,108,108,112,0,0,0],"gold":3,"neow_bonus":"","is_daily":false,"chose_seed":false,"campfire_upgraded":8,"win_rate":0.0,"timestamp":1613279101,"path_taken":["R_BF","M","?","?","?","?","T","R","?","?","R","E","R","?","M","BOSS","R_BF","M","?","?","?","R","T","R","E","R","?","?","?","$","M","BOSS","R_BF","M","$","?","M","?","T","?","?","E","?","?","R","?","M","BOSS","E","$","R","BOSS","BOSS"],"items_purchased_type":["Card","Card","Card","Relic","Card","Card","Card","Card","Relic","Card","Card","Card"],"build_version":"2020-12-22","purchased_purges":1,"victory":false,"max_hp_per_floor":[65,70,70,70,77,77,77,77,77,77,87,87,87,101,101,101,101,101,101,101,101,101,101,101,101,101,101,101,101,101,101,101,101,101,101,101,101,101,101,101,101,101,101,101,104,104,107,110,110,110,110,110,113,113,113,113,113,113],"card_choices":[{"not_picked":["Slimebound:SlimeBrawl","Slimebound:ComboTackle"],"picked":"Slimebound:GoopSpray","floor":0.0},{"not_picked":["Slimebound:Chomp","Slimebound:SplitAcid"],"picked":"Slimebound:RollThrough","floor":0.0},{"not_picked":["Slimebound:HauntingLick","Slimebound:Schlurp"],"picked":"Slimebound:SplitBruiser","floor":0.0},{"not_picked":["Slimebound:LeechingTouch","Slimebound:FlameTackle"],"picked":"Slimebound:GoopSpray","floor":0.0},{"not_picked":["Slimebound:Schlurp","Slimebound:SlimeTap"],"picked":"Slimebound:LivingWall","floor":0.0},{"not_picked":["Slimebound:SpikyOuterGoop","Slimebound:SplitMire"],"picked":"Slimebound:Schlurp","floor":0.0},{"not_picked":["Slimebound:HauntingLick","Slimebound:LeechingTouch"],"picked":"Slimebound:RejuvenatingLick","floor":0.0},{"not_picked":["Slimebound:LivingWall","Slimebound:SamplingLick"],"picked":"Slimebound:DisruptingSlam","floor":0.0},{"not_picked":["Slimebound:SlimeTap","Slimebound:SplitLeeching"],"picked":"Slimebound:GoopSpray","floor":0.0},{"not_picked":["Slimebound:SplitLeeching","Slimebound:AcidTongue"],"picked":"Slimebound:Recollect","floor":0.0},{"not_picked":["Slimebound:Prepare","Slimebound:LeechingTouch"],"picked":"Slimebound:LevelUp","floor":0.0},{"not_picked":["Slimebound:Prepare","Slimebound:SplitLeeching"],"picked":"Slimebound:AcidTongue","floor":0.0},{"not_picked":["Slimebound:GoopTackle","Slimebound:SplitLeeching"],"picked":"Slimebound:ComboTackle","floor":0.0},{"not_picked":["Slimebound:GoopTackle","Slimebound:Prepare"],"picked":"Slimebound:FinishingTackle","floor":0.0},{"not_picked":["Slimebound:ComboTackle","Slimebound:SplitBruiser"],"picked":"Slimebound:LeechEnergy","floor":0.0}],"player_experience":157991,"relics_obtained":[{"floor":2.0,"key":"hexamod:BolsterEngine"},{"floor":5.0,"key":"Strawberry"},{"floor":6.0,"key":"Guardian:GemstoneGun"},{"floor":9.0,"key":"Du-Vu Doll"},{"floor":10.0,"key":"Mummified Hand"},{"floor":12.0,"key":"Regal Pillow"},{"floor":14.0,"key":"Mango"},{"floor":15.0,"key":"Bottled Tornado"},{"floor":19,"key":"Replay:Mystery Machine"},{"floor":21,"key":"downfall:GremlinWheel"},{"floor":22,"key":"Matryoshka"},{"floor":24,"key":"Tiny Chest"},{"floor":24,"key":"Guardian:PocketSentry"},{"floor":26,"key":"Shuriken"},{"floor":27,"key":"Happy Flower"},{"floor":28,"key":"Replay:Accelerometer"},{"floor":29,"key":"bronze:BronzeIdol"},{"floor":32,"key":"Toy Ornithopter"},{"floor":35,"key":"Centennial Puzzle"},{"floor":36,"key":"Ice Cream"},{"floor":38,"key":"Slimebound:StickyStick"},{"floor":38,"key":"Replay:Bottled Snecko"},{"floor":39,"key":"Vajra"},{"floor":41,"key":"PreservedInsect"},{"floor":42,"key":"Slimebound:MaxSlimesRelic"},{"floor":43,"key":"Replay:Ringing Soul"},{"floor":44,"key":"Pen Nib"},{"floor":45,"key":"Mirror"},{"floor":46,"key":"Replay:WaspNest"},{"floor":49,"key":"Whetstone"},{"floor":52,"key":"Pocketwatch"}],"event_choices":[{"damage_healed":0.0,"max_hp_gain":0.0,"max_hp_loss":0.0,"gold_gain":0.0,"event_name":"Lab","player_choice":"Got Potions","floor":4.0,"gold_loss":0.0,"damage_taken":0.0},{"damage_healed":0,"gold_gain":0,"player_choice":"Relic","damage_taken":0,"max_hp_gain":0,"max_hp_loss":0,"event_name":"Wheel of Change","floor":27,"gold_loss":0},{"damage_healed":0,"gold_gain":0,"player_choice":"Forge","damage_taken":0,"max_hp_gain":0,"max_hp_loss":0,"event_name":"Accursed Blacksmith","floor":30,"gold_loss":0,"cards_upgraded":["Slimebound:ComboTackle"]}],"is_beta":false,"boss_relics":[{"not_picked":["Replay:Ancient Bell","Slimebound:TarBlob"],"picked":"sneckomod:SneckoTalon"},{"not_picked":["Black Star","Empty Cage"],"picked":"Philosopher\u0027s Stone"}],"items_purged_floors":[31],"is_endless":false,"potions_floor_spawned":[2,6,12,21,22,32,36,39,42],"killed_by":"downfall:NeowBossFinal","ascension_level":0}}