{"host":"m0bekkrd201b63ug","time":1613344200,"event":{"mods":["AchievementEnabler","BaseMod","Colored Powertips","Highlight Path","Minty Spire (QoL Compilation)","Rare Cards Sparkle","StSLib","SuperFastMode","everything is the same but u backflip on backflip","slay the spire mod where everything is the same but ironclad has a cowboy hat"],"gold_per_floor":[115,115,132,151,151,151,186,186,186,204,20,20,53,53,53,151,151,171,185,205,205,205,238,250,276,288,333,345,45,56,81,81,186,186,198,54,66,78,78,112,128,157,203,251,7,7,18,38,38,38],"floor_reached":51,"language":"PTB","playtime":2758,"items_purged":["Strike_B","Strike_B"],"score":1040,"play_id":"5890d63a-6690-425e-b04b-81fa1b2f7371","local_time":"20210214211000","is_ascension_mode":true,"campfire_choices":[{"data":"Sweeping Beam","floor":6.0,"key":"SMITH"},{"data":"Defragment","floor":8.0,"key":"SMITH"},{"data":"Barrage","floor":12.0,"key":"SMITH"},{"floor":15.0,"key":"REST"},{"data":"Static Discharge","floor":24.0,"key":"SMITH"},{"data":"Fission","floor":28.0,"key":"SMITH"},{"floor":32.0,"key":"REST"},{"floor":49,"key":"REST"}],"circlet_count":0,"master_deck":["Defend_B","Defend_B","Defend_B","Zap","Dualcast+1","Glacier","Cold Snap","Sweeping Beam+1","Defragment+1","Capacitor","Barrage+1","Core Surge","Hologram","Biased Cognition","Static Discharge+1","Steam","Fission+1","Chaos","Electrodynamics+1","Hologram+1","Force Field","Finesse","Heatsinks+1","Glacier+1","Consume+1"],"relics":["Cracked Core","NeowsBlessing","Symbiotic Virus","Omamori","Toy Ornithopter","Nuclear Battery","Singing Bowl","MawBank","InkBottle","FossilizedHelix","MealTicket","Regal Pillow","Frozen Egg 2","Inserter","Boot","Mercury Hourglass","Centennial Puzzle","Du-Vu Doll","ClockworkSouvenir"],"acts_visited":["Exordium","TheCity","TheBeyond"],"potions_floor_usage":[50,50],"damage_taken":[{"damage":0.0,"enemies":"Jaw Worm","floor":1.0,"turns":1.0},{"damage":0.0,"enemies":"Cultist","floor":3.0,"turns":1.0},{"damage":0.0,"enemies":"Small Slimes","floor":4.0,"turns":1.0},{"damage":18.0,"enemies":"Gremlin Nob","floor":7.0,"turns":4.0},{"damage":11.0,"enemies":"3 Louse","floor":10.0,"turns":3.0},{"damage":13.0,"enemies":"Lagavulin","floor":13.0,"turns":4.0},{"damage":26.0,"enemies":"Slime Boss","floor":16.0,"turns":5.0},{"damage":2.0,"enemies":"3 Byrds","floor":18.0,"turns":5.0},{"damage":0.0,"enemies":"Chosen","floor":19.0,"turns":3.0},{"damage":14.0,"enemies":"Centurion and Healer","floor":20.0,"turns":4.0},{"damage":19.0,"enemies":"Slavers","floor":23.0,"turns":4.0},{"damage":16.0,"enemies":"Snecko","floor":25.0,"turns":4.0},{"damage":0.0,"enemies":"Book of Stabbing","floor":27.0,"turns":6.0},{"damage":0.0,"enemies":"Sentry and Sphere","floor":30.0,"turns":3.0},{"damage":0.0,"enemies":"Gremlin Leader","floor":31.0,"turns":9.0},{"damage":22.0,"enemies":"Collector","floor":33.0,"turns":14.0},{"damage":12.0,"enemies":"3 Darklings","floor":35.0,"turns":3.0},{"damage":0.0,"enemies":"Orb Walker","floor":37.0,"turns":3.0},{"damage":0.0,"enemies":"Writhing Mass","floor":38.0,"turns":7.0},{"damage":21.0,"enemies":"Nemesis","floor":40.0,"turns":9.0},{"damage":0.0,"enemies":"4 Shapes","floor":41.0,"turns":2.0},{"damage":9.0,"enemies":"Reptomancer","floor":42.0,"turns":5.0},{"damage":15,"enemies":"2 Orb Walkers","floor":44,"turns":5},{"damage":0,"enemies":"Spire Growth","floor":47,"turns":5},{"damage":0,"enemies":"Sphere and 2 Shapes","floor":48,"turns":3},{"damage":0,"enemies":"Time Eater","floor":50,"turns":15}],"seed_played":"7222031717566924135","potions_obtained":[{"floor":4.0,"key":"EssenceOfSteel"},{"floor":10.0,"key":"Weak Potion"},{"floor":13.0,"key":"LiquidBronze"},{"floor":16.0,"key":"SkillPotion"},{"floor":19.0,"key":"Dexterity Potion"},{"floor":20.0,"key":"Dexterity Potion"},{"floor":30.0,"key":"Ancient Potion"},{"floor":35.0,"key":"Fire Potion"},{"floor":42.0,"key":"Dexterity Potion"}],"is_trial":false,"path_per_floor":["M","?","M","M","?","R","E","R","T","M","$","R","E","$","R","B",null,"M","M","M","?","T","E","R","M","T","E","R","$","M","E","R","B",null,"M","$","M","M","?","E","M","E","T","?","$","?","M","M","R","B",null],"character_chosen":"DEFECT","items_purchased":["Barrage","Core Surge","MealTicket","Regal Pillow","Force Field","ClockworkSouvenir"],"campfire_rested":3,"item_purchase_floors":[11,11,29,29,36,45],"current_hp_per_floor":[75,75,75,75,75,75,57,57,57,46,46,46,33,33,55,29,75,73,73,64,64,64,52,52,43,43,43,43,43,43,50,81,59,81,69,81,83,85,79,58,60,53,53,38,53,53,55,55,95,95],"gold":38,"neow_bonus":"THREE_ENEMY_KILL","is_daily":false,"chose_seed":false,"campfire_upgraded":5,"win_rate":0.0,"timestamp":1613344200,"path_taken":["M","?","?","?","?","R","E","R","T","M","$","R","E","$","R","BOSS","M","?","?","?","?","E","R","M","T","E","R","$","?","E","R","BOSS","M","$","?","M","?","E","M","E","T","?","$","?","?","M","R","BOSS"],"items_purchased_type":["Card","Card","Relic","Relic","Card","Relic"],"build_version":"2020-12-22","purchased_purges":2,"victory":true,"max_hp_per_floor":[75,75,75,75,75,75,75,75,75,75,75,75,75,75,75,75,75,75,75,75,75,75,77,77,79,79,79,79,79,79,81,81,81,81,81,81,83,85,89,89,91,93,93,93,93,93,95,95,95,95],"card_choices":[{"not_picked":["Conserve Battery","Gash"],"picked":"Glacier","floor":1.0},{"not_picked":["Leap","Rebound"],"picked":"Cold Snap","floor":3.0},{"not_picked":["FTL","Compile Driver"],"picked":"Sweeping Beam","floor":4.0},{"not_picked":["Double Energy","Go for the Eyes"],"picked":"Defragment","floor":7.0},{"not_picked":["Storm","FTL"],"picked":"Capacitor","floor":10.0},{"not_picked":["Steam Power","Aggregate"],"picked":"Hologram","floor":13.0},{"not_picked":["Creative AI","Seek"],"picked":"Biased Cognition","floor":16.0},{"not_picked":["Sweeping Beam","Turbo","Conserve Battery"],"picked":"SKIP","floor":18.0},{"not_picked":["Scrape","Compile Driver","Skim"],"picked":"SKIP","floor":19.0},{"not_picked":["Cold Snap","Barrage","Static Discharge"],"picked":"SKIP","floor":20.0},{"not_picked":["Cold Snap","Barrage"],"picked":"Static Discharge","floor":20.0},{"not_picked":["Conserve Battery","Turbo","Hologram"],"picked":"Singing Bowl","floor":23.0},{"not_picked":["Compile Driver+1","Turbo","Reprogram"],"picked":"Singing Bowl","floor":25.0},{"not_picked":["Compile Driver+1","Genetic Algorithm"],"picked":"Fission","floor":27.0},{"not_picked":["Leap+1","Sweeping Beam+1"],"picked":"Chaos","floor":30.0},{"not_picked":["Leap","Scrape+1","Steam Power"],"picked":"Singing Bowl","floor":31.0},{"not_picked":["Fission","Creative AI+1"],"picked":"Electrodynamics+1","floor":33.0},{"not_picked":["Steam+1","Double Energy"],"picked":"Hologram+1","floor":35.0},{"not_picked":["Compile Driver+1","Fusion","Streamline+1"],"picked":"Singing Bowl","floor":37.0},{"not_picked":["Coolheaded+1","Sweeping Beam+1","Cold Snap"],"picked":"Singing Bowl","floor":38.0},{"not_picked":["Secret Weapon","Jack Of All Trades","Impatience"],"picked":"Singing Bowl","floor":39.0},{"not_picked":["Dramatic Entrance","Purity","Mayhem+1"],"picked":"Singing Bowl","floor":39.0},{"not_picked":["Forethought","Purity"],"picked":"Finesse","floor":39.0},{"not_picked":["Rebound","Skim"],"picked":"Heatsinks+1","floor":40.0},{"not_picked":["Streamline+1","Ball Lightning","Hologram+1"],"picked":"Singing Bowl","floor":41.0},{"not_picked":["Conserve Battery","Hologram","Tempest+1"],"picked":"Singing Bowl","floor":42.0},{"not_picked":["Streamline","Chaos"],"picked":"Glacier+1","floor":44},{"not_picked":["Leap","Redo","Force Field"],"picked":"Singing Bowl","floor":47},{"not_picked":["Auto Shields","Sunder"],"picked":"Consume+1","floor":48}],"player_experience":268024,"relics_obtained":[{"floor":7.0,"key":"Symbiotic Virus"},{"floor":9.0,"key":"Omamori"},{"floor":13.0,"key":"Toy Ornithopter"},{"floor":22.0,"key":"Singing Bowl"},{"floor":23.0,"key":"MawBank"},{"floor":26.0,"key":"InkBottle"},{"floor":27.0,"key":"FossilizedHelix"},{"floor":31.0,"key":"Frozen Egg 2"},{"floor":40.0,"key":"Boot"},{"floor":42.0,"key":"Mercury Hourglass"},{"floor":43.0,"key":"Centennial Puzzle"},{"floor":44,"key":"Du-Vu Doll"}],"event_choices":[{"damage_healed":0.0,"max_hp_gain":0.0,"max_hp_loss":0.0,"gold_gain":0.0,"event_name":"Accursed Blacksmith","player_choice":"Forge","floor":2.0,"gold_loss":0.0,"damage_taken":0.0,"cards_upgraded":["Dualcast"]},{"cards_removed":["Defend_B"],"damage_healed":0.0,"max_hp_gain":0.0,"max_hp_loss":0.0,"gold_gain":0.0,"event_name":"Purifier","player_choice":"Purged","floor":5.0,"gold_loss":0.0,"damage_taken":0.0},{"damage_healed":0.0,"max_hp_gain":0.0,"max_hp_loss":0.0,"gold_gain":0.0,"cards_transformed":["Strike_B","Strike_B"],"event_name":"Drug Dealer","player_choice":"Became Test Subject","floor":21.0,"gold_loss":0.0,"damage_taken":0.0,"cards_obtained":["Aggregate","Steam"]},{"damage_healed":0.0,"max_hp_gain":0.0,"max_hp_loss":0.0,"gold_gain":0.0,"event_name":"SensoryStone","player_choice":"Memory 3","floor":39.0,"gold_loss":0.0,"damage_taken":10.0},{"damage_healed":0,"gold_gain":0,"player_choice":"Fight","damage_taken":0,"max_hp_gain":0,"max_hp_loss":0,"event_name":"Mysterious Sphere","floor":44,"gold_loss":0},{"cards_removed":["Aggregate"],"damage_healed":0,"gold_gain":0,"player_choice":"Purged","damage_taken":0,"max_hp_gain":0,"max_hp_loss":0,"event_name":"Purifier","floor":46,"gold_loss":0}],"is_beta":false,"boss_relics":[{"not_picked":["Cursed Key","SlaversCollar"],"picked":"Nuclear Battery"},{"not_picked":["Calling Bell","SacredBark"],"picked":"Inserter"}],"items_purged_floors":[36,45],"is_endless":false,"potions_floor_spawned":[4,10,13,16,19,20,30,35,42,44,47],"ascension_level":4}}