{"host":"lktusdb9orijgc6z","time":1613344805,"event":{"mods":["BaseMod","Bestiary","Colored Map","Colored Powertips","Filter the Spire","Minty Spire (QoL Compilation)","Permanent Neow","Quick Restart","Relic Stats","StSLib","everything is the same but u backflip on backflip","slay the spire mod where everything is the same but ironclad has a cowboy hat"],"gold_per_floor":[118,131,142,162,4,4,30,43,116,143,143,108,145,145,145,233,233,262,298,326,25,52,52,52,90,168,168,193,28,28,28],"floor_reached":30,"language":"ENG","playtime":1124,"items_purged":["Strike_B"],"score":620,"play_id":"7e8c48ea-2a22-47cd-8c67-dff5cc1eabcb","local_time":"20210215002005","is_ascension_mode":true,"campfire_choices":[{"data":"Consume","floor":6.0,"key":"SMITH"},{"data":"Doom and Gloom","floor":11.0,"key":"SMITH"},{"data":"Lockon","floor":15.0,"key":"SMITH"},{"data":"Hologram","floor":23.0,"key":"SMITH"},{"floor":27.0,"key":"REST"}],"circlet_count":0,"master_deck":["AscendersBane","Strike_B","Strike_B","Strike_B","Defend_B","Defend_B","Defend_B","Defend_B","Zap","Dualcast","Hologram","Doom and Gloom+1","Lockon+1","Consume+1","Doom and Gloom","Auto Shields","Fusion","Auto Shields","Echo Form","Capacitor","Coolheaded","Loop+1","Echo Form","Doom and Gloom","Hologram+1","Creative AI","Heatsinks"],"relics":["Snecko Eye","Lee\u0027s Waffle","Matryoshka","CeramicFish","Pear","Bag of Marbles","Sozu","Red Mask","DollysMirror","Pantograph","MealTicket","Molten Egg 2","ClockworkSouvenir"],"acts_visited":["Exordium","TheCity"],"potions_floor_usage":[],"damage_taken":[{"damage":7.0,"enemies":"Jaw Worm","floor":1.0,"turns":3.0},{"damage":13.0,"enemies":"Small Slimes","floor":2.0,"turns":4.0},{"damage":19.0,"enemies":"2 Louse","floor":3.0,"turns":3.0},{"damage":13.0,"enemies":"Looter","floor":4.0,"turns":4.0},{"damage":48.0,"enemies":"Gremlin Nob","floor":7.0,"turns":4.0},{"damage":17.0,"enemies":"Lots of Slimes","floor":8.0,"turns":3.0},{"damage":0.0,"enemies":"Large Slime","floor":10.0,"turns":3.0},{"damage":9.0,"enemies":"3 Sentries","floor":13.0,"turns":3.0},{"damage":0.0,"enemies":"Slime Boss","floor":16.0,"turns":4.0},{"damage":20.0,"enemies":"Shell Parasite","floor":18.0,"turns":3.0},{"damage":0.0,"enemies":"Masked Bandits","floor":19.0,"turns":3.0},{"damage":0.0,"enemies":"3 Byrds","floor":20.0,"turns":3.0},{"damage":25.0,"enemies":"Shelled Parasite and Fungi","floor":22.0,"turns":3.0},{"damage":84.0,"enemies":"Slavers","floor":25.0,"turns":6.0},{"damage":4.0,"enemies":"Centurion and Healer","floor":28.0,"turns":4.0},{"damage":45,"enemies":"Book of Stabbing","floor":30,"turns":4}],"seed_played":"6612716618552626933","potions_obtained":[{"floor":2.0,"key":"LiquidBronze"},{"floor":3.0,"key":"SpeedPotion"},{"floor":4.0,"key":"Regen Potion"},{"floor":8.0,"key":"SneckoOil"},{"floor":13.0,"key":"SteroidPotion"}],"is_trial":false,"path_per_floor":["M","M","M","M","$","R","E","M","T","M","R","?","E","?","R","B",null,"M","?","M","$","M","R","?","E","T","R","M","$","E"],"character_chosen":"DEFECT","items_purchased":["Lee\u0027s Waffle","DollysMirror","Doom and Gloom","ClockworkSouvenir"],"campfire_rested":1,"item_purchase_floors":[5,21,21,29],"current_hp_per_floor":[57,44,25,12,78,78,30,13,23,23,23,45,36,36,36,36,75,55,64,64,64,39,39,88,4,4,30,26,41,0,0],"gold":28,"neow_bonus":"BOSS_RELIC","is_daily":false,"chose_seed":false,"campfire_upgraded":4,"win_rate":0.0,"timestamp":1613344805,"path_taken":["M","M","M","M","$","R","E","M","T","M","R","?","E","?","R","BOSS","M","?","M","$","M","R","?","E","T","R","M","$","E"],"items_purchased_type":["Relic","Relic","Card","Relic"],"build_version":"2020-12-22","purchased_purges":1,"victory":false,"max_hp_per_floor":[71,71,71,71,78,78,78,78,88,88,88,88,88,88,88,88,88,88,88,88,88,88,88,88,88,88,88,88,88,88,88],"relic_stats":{"Sozu":3,"Lee\u0027s Waffle":66,"counters":[16,57],"CeramicFish":99,"Pantograph":0,"Snecko Eye":[104,98,87,105],"MealTicket":15,"obtain_stats":[{"Lee\u0027s Waffle":5,"Pear":9,"CeramicFish":9,"ClockworkSouvenir":29,"Sozu":17,"Matryoshka":7,"DollysMirror":21,"Pantograph":25,"Snecko Eye":0,"MealTicket":26,"Molten Egg 2":26,"Bag of Marbles":13,"Red Mask":19,"Cracked Core":0},{"Lee\u0027s Waffle":4,"Pear":6,"CeramicFish":6,"ClockworkSouvenir":15,"Sozu":9,"Matryoshka":5,"DollysMirror":12,"Pantograph":14,"Snecko Eye":0,"MealTicket":14,"Molten Egg 2":14,"Bag of Marbles":8,"Red Mask":11,"Cracked Core":0},{"Lee\u0027s Waffle":14,"Pear":21,"CeramicFish":21,"ClockworkSouvenir":53,"Sozu":31,"Matryoshka":18,"DollysMirror":40,"Pantograph":49,"Snecko Eye":0,"MealTicket":49,"Molten Egg 2":49,"Bag of Marbles":27,"Red Mask":37,"Cracked Core":0}]},"card_choices":[{"not_picked":["Redo","Loop"],"picked":"Hologram","floor":1.0},{"not_picked":["Beam Cell","Reprogram"],"picked":"Doom and Gloom","floor":2.0},{"not_picked":["Capacitor","Coolheaded"],"picked":"Lockon","floor":3.0},{"not_picked":["Static Discharge","Amplify"],"picked":"Consume","floor":4.0},{"not_picked":["Leap","Recycle"],"picked":"Doom and Gloom","floor":7.0},{"not_picked":["Loop","Scrape"],"picked":"Auto Shields","floor":8.0},{"not_picked":["Turbo","Coolheaded"],"picked":"Fusion","floor":10.0},{"not_picked":["Static Discharge","Go for the Eyes"],"picked":"Auto Shields","floor":13.0},{"not_picked":["Machine Learning","Creative AI"],"picked":"Echo Form","floor":16.0},{"not_picked":["Steam","Go for the Eyes"],"picked":"Capacitor","floor":18.0},{"not_picked":["Ball Lightning","Leap"],"picked":"Coolheaded","floor":19.0},{"not_picked":["Storm","Barrage"],"picked":"Loop+1","floor":20.0},{"not_picked":["Lockon+1","Beam Cell"],"picked":"Hologram","floor":22.0},{"not_picked":["Thunder Strike","Multi-Cast"],"picked":"Creative AI","floor":25.0},{"not_picked":["Cold Snap+1","Barrage+1"],"picked":"Heatsinks","floor":28.0}],"player_experience":791436,"relics_obtained":[{"floor":7.0,"key":"Matryoshka"},{"floor":9.0,"key":"CeramicFish"},{"floor":9.0,"key":"Pear"},{"floor":13.0,"key":"Bag of Marbles"},{"floor":19.0,"key":"Red Mask"},{"floor":25.0,"key":"Pantograph"},{"floor":26.0,"key":"MealTicket"},{"floor":26.0,"key":"Molten Egg 2"}],"event_choices":[{"damage_healed":22.0,"max_hp_gain":0.0,"max_hp_loss":0.0,"gold_gain":0.0,"event_name":"The Cleric","player_choice":"Healed","floor":12.0,"gold_loss":35.0,"damage_taken":0.0},{"damage_healed":0.0,"max_hp_gain":0.0,"max_hp_loss":0.0,"gold_gain":0.0,"event_name":"Liars Game","player_choice":"Ignored","floor":14.0,"gold_loss":0.0,"damage_taken":0.0},{"damage_healed":0.0,"max_hp_gain":0.0,"max_hp_loss":0.0,"gold_gain":0.0,"event_name":"Masked Bandits","player_choice":"Fought Bandits","floor":19.0,"gold_loss":0.0,"damage_taken":0.0},{"damage_healed":49.0,"max_hp_gain":0.0,"max_hp_loss":0.0,"gold_gain":0.0,"event_name":"Wheel of Change","player_choice":"Full Heal","floor":24.0,"gold_loss":0.0,"damage_taken":0.0}],"is_beta":false,"boss_relics":[{"not_picked":["Calling Bell","Fusion Hammer"],"picked":"Sozu"}],"items_purged_floors":[21],"is_endless":false,"potions_floor_spawned":[2,3,4,8,13,18,20,25],"killed_by":"Book of Stabbing","ascension_level":20}}