{"host":"v9duy90nce28uent","time":1613287726,"event":{"mods":["BaseMod","Colored Map","Colored Powertips","Conspire","Downfall","Hermit","Highlight Path","Infinite Spire","Minty Spire (QoL Compilation)","Quick Restart","Rare Cards Sparkle","Replay The Spire","StSLib","The Cursed","The Disciple","The Hierophant","The Runesmith"],"gold_per_floor":[118,14,24,24,24,24,58,58,104,131,143,165,177,207,219,333,345,374,399,430,412,435,447,449,461,461,461],"floor_reached":25,"language":"ENG","playtime":2373,"items_purged":[],"score":207,"play_id":"4452edf0-d42b-4b95-a95b-5c45591da8e1","local_time":"20210214022846","is_ascension_mode":false,"campfire_choices":[{"data":"sneckomod:UnknownClassDEFAULT_GRAY_COLOR","floor":6,"key":"SMITH"},{"data":"sneckomod:UnknownRareAttack","floor":8,"key":"SMITH"},{"floor":13,"key":"REST"},{"data":"sneckomod:Unknown2Cost","floor":15,"key":"SMITH"},{"floor":23,"key":"REST"}],"circlet_count":0,"master_deck":["sneckomod:Strike","sneckomod:Strike","sneckomod:Strike","sneckomod:Defend","sneckomod:Defend","sneckomod:TailWhip","sneckomod:Unknown","sneckomod:Unknown","sneckomod:UnknownClassRUNESMITH_BEIGE","sneckomod:SnekBeam+1","sneckomod:UnknownClassDEFAULT_GRAY_COLOR","sneckomod:UnknownClassDEFAULT_GRAY_COLOR+1","sneckomod:Unknown2Cost+1","sneckomod:UnknownRareAttack+1","sneckomod:UnknownClassPURPLE","sneckomod:Unknown2Cost+1","sneckomod:UnknownUncommonPower","sneckomod:UnknownRareSkill","sneckomod:UnknownCommonAttack","sneckomod:UnknownUncommonAttack","sneckomod:UnknownClassDEFAULT_GRAY_COLOR","sneckomod:UnknownClassRUNESMITH_BEIGE","sneckomod:UnknownClassRED"],"relics":["SlaversCollar","Nunchaku","MawBank","Runic Pyramid"],"acts_visited":["Exordium","TheCity"],"potions_floor_usage":[25],"damage_taken":[{"damage":0,"enemies":"2 Louse","floor":1,"turns":2},{"damage":1,"enemies":"Jaw Worm","floor":3,"turns":4},{"damage":25,"enemies":"3 Sentries","floor":7,"turns":5},{"damage":0,"enemies":"Cultist","floor":10,"turns":3},{"damage":17,"enemies":"Gremlin Gang","floor":12,"turns":4},{"damage":5,"enemies":"Blue Slaver","floor":14,"turns":3},{"damage":35,"enemies":"Slime Boss","floor":16,"turns":9},{"damage":33,"enemies":"Chosen","floor":18,"turns":6},{"damage":20,"enemies":"2 Thieves","floor":19,"turns":3},{"damage":0,"enemies":"Snake Plant","floor":20,"turns":2},{"damage":20,"enemies":"Shelled Parasite and Fungi","floor":21,"turns":4},{"damage":11,"enemies":"3 Cultists","floor":22,"turns":5},{"damage":34,"enemies":"Centurion and Healer","floor":24,"turns":7},{"damage":15,"enemies":"Shelled Parasite and Fungi","floor":25,"turns":1}],"seed_played":"-474253175483639533","potions_obtained":[{"floor":1,"key":"Ancient Potion"},{"floor":3,"key":"Regen Potion"},{"floor":12,"key":"Venom Potion"},{"floor":14,"key":"FearPotion"},{"floor":19,"key":"sneckomod:DiceRollPotion"}],"is_trial":false,"path_per_floor":["M","$","M","?","?","R","E","R","T","M","?","M","R","M","R_BF","B",null,"M","M","M","M","M","R","M","M"],"character_chosen":"THE_SNECKO","items_purchased":["sneckomod:SnekBeam+1","sneckomod:UnknownClassDEFAULT_GRAY_COLOR"],"campfire_rested":2,"item_purchase_floors":[2,2],"current_hp_per_floor":[90,90,89,89,89,89,64,64,64,64,69,52,80,75,75,40,95,62,42,42,22,11,39,5,0,0,0],"gold":461,"neow_bonus":"BOSS_RELIC","is_daily":false,"chose_seed":false,"campfire_upgraded":3,"win_rate":0.0,"timestamp":1613287726,"path_taken":["M","$","M","?","?","R","E","R","T","M","?","M","R","M","R_BF","BOSS","M","M","M","M","M","R","M","M"],"items_purchased_type":["Card","Card"],"build_version":"2020-12-22","purchased_purges":0,"victory":false,"max_hp_per_floor":[90,90,90,90,90,90,90,90,90,90,95,95,95,95,95,95,95,95,95,95,95,95,95,95,95,95,95],"card_choices":[{"not_picked":["sneckomod:UnknownClassSLIMEBOUND","sneckomod:SoulRoll"],"picked":"sneckomod:UnknownClassRUNESMITH_BEIGE","floor":1},{"not_picked":["sneckomod:IronFang","sneckomod:UnknownUncommonPower"],"picked":"sneckomod:UnknownClassDEFAULT_GRAY_COLOR","floor":3},{"not_picked":["sneckomod:DefensiveFlair","sneckomod:UnknownClassGREEN"],"picked":"sneckomod:UnknownRareAttack","floor":7},{"not_picked":["sneckomod:UnknownClassDEFAULT_GRAY_COLOR","sneckomod:UnknownClassSLIMEBOUND"],"picked":"sneckomod:UnknownClassPURPLE","floor":10},{"not_picked":["sneckomod:UnknownClassTHE_BRONZE_AUTOMATON","sneckomod:IronFang"],"picked":"sneckomod:Unknown2Cost","floor":12},{"not_picked":["sneckomod:RainOfDice","sneckomod:QuickBite"],"picked":"sneckomod:UnknownUncommonPower","floor":14},{"not_picked":["sneckomod:Cheat","sneckomod:Unknown3Cost"],"picked":"sneckomod:UnknownRareSkill","floor":16},{"not_picked":["sneckomod:UnknownClassPURPLE","sneckomod:UnknownClassHIEROPHANT_GOLD_COLOR"],"picked":"sneckomod:UnknownCommonAttack","floor":18},{"not_picked":["sneckomod:UnknownStrike","sneckomod:UnknownClassINFINITE_BLACK"],"picked":"sneckomod:UnknownUncommonAttack","floor":19},{"not_picked":["sneckomod:QuickMove","sneckomod:UnknownClassGREEN"],"picked":"sneckomod:UnknownClassDEFAULT_GRAY_COLOR","floor":20},{"not_picked":["sneckomod:UnknownClassCHRONO_GOLD","sneckomod:DiceBoulder"],"picked":"sneckomod:UnknownClassRUNESMITH_BEIGE","floor":21},{"not_picked":["sneckomod:DiceBlock","sneckomod:UnknownClassHIEROPHANT_GOLD_COLOR"],"picked":"sneckomod:UnknownClassRED","floor":22},{"not_picked":["sneckomod:ImprovisedGuard","sneckomod:QuickBite+1","sneckomod:RainOfDice"],"picked":"SKIP","floor":24}],"player_experience":98588,"relics_obtained":[{"floor":7,"key":"Nunchaku"},{"floor":9,"key":"MawBank"}],"event_choices":[{"damage_healed":0,"gold_gain":0,"player_choice":"Donut","damage_taken":0,"max_hp_gain":5,"max_hp_loss":0,"event_name":"Big Fish","floor":11,"gold_loss":0}],"is_beta":false,"boss_relics":[{"not_picked":["infinitespire:Cupcake","Replay:Bronze Core"],"picked":"Runic Pyramid"}],"items_purged_floors":[],"is_endless":false,"potions_floor_spawned":[1,3,12,14,19,21],"killed_by":"Shelled Parasite and Fungi","ascension_level":0}}