{"host":"bg8va46pgqgvtzim","time":1613322085,"event":{"mods":["BaseMod","Minty Spire (QoL Compilation)","Quick Restart","StSLib","SuperFastMode"],"gold_per_floor":[20,38,38,56,75,88,88,119,119,132,64,89,112,124,146,176,188,234,14,14,44,54,54,54,150,150,168,168,181,181,192,92,111,111,131,164,182,202,202,253,278,307,307,319,330,345,30,58,58,58,162,162,172,187,187,199,212,231,231,81,112,112,130,161,161,161,186,213,223,223,223,258,275,293,346,346,346,346,346,346,87,122,122],"floor_reached":84,"language":"ZHS","playtime":3463,"items_purged":["Strike_G","Strike_G","Strike_G+1","Dagger Spray+1","Deadly Poison"],"score":2015,"play_id":"778175d1-b4b7-4365-a91e-42e908831cde","local_time":"20210215010125","is_ascension_mode":true,"campfire_choices":[{"data":"Crippling Poison","floor":7.0,"key":"SMITH"},{"data":"Dash","floor":9.0,"key":"SMITH"},{"data":"Noxious Fumes","floor":14,"key":"SMITH"},{"data":"Blade Dance","floor":23,"key":"SMITH"},{"data":"Acrobatics","floor":24,"key":"SMITH"},{"data":"Prepared","floor":39,"key":"SMITH"},{"data":"Calculated Gamble","floor":43,"key":"SMITH"},{"floor":49,"key":"RECALL"},{"data":"Apotheosis","floor":50,"key":"SMITH"},{"data":"Well Laid Plans","floor":62,"key":"SMITH"},{"data":"A Thousand Cuts","floor":65,"key":"SMITH"},{"data":"Tactician","floor":71,"key":"SMITH"},{"data":"Accuracy","floor":76,"key":"SMITH"},{"data":"Prepared","floor":77,"key":"SMITH"},{"data":"Adrenaline","floor":80,"key":"SMITH"}],"circlet_count":0,"master_deck":["Defend_G","Defend_G","Defend_G","Defend_G","Defend_G","Survivor","Neutralize","Crippling Poison+1","Blade Dance+1","Noxious Fumes+1","Reflex","Acrobatics+1","Adrenaline+1","Escape Plan","After Image","CurseOfTheBell","Acrobatics","Caltrops","Prepared+1","Acrobatics+1","Prepared+1","Calculated Gamble+1","Accuracy+1","Well Laid Plans+1","Apotheosis+1","A Thousand Cuts+1","Blur+1","Tactician+1","Prepared+1","Calculated Gamble+1","Setup+1","Tactician","Finesse"],"relics":["Ring of the Snake","FossilizedHelix","Potion Belt","Odd Mushroom","MawBank","Snake Skull","TheAbacus","Bag of Marbles","Centennial Puzzle","Calling Bell","Blood Vial","Sundial","Ginger","HornCleat","Bag of Preparation","Whetstone","Mummified Hand","Pantograph","Black Star","Mercury Hourglass","Vajra","Unceasing Top","Gremlin Horn","Bird Faced Urn","Akabeko","Anchor","Tough Bandages","Toy Ornithopter","Strawberry","Turnip","InkBottle","Lantern"],"acts_visited":["Exordium","TheCity","TheBeyond","TheEnding"],"potions_floor_usage":[15,35,36,42,83,83],"damage_taken":[{"damage":0.0,"enemies":"Jaw Worm","floor":1.0,"turns":5.0},{"damage":0.0,"enemies":"2 Louse","floor":2.0,"turns":2.0},{"damage":0.0,"enemies":"Small Slimes","floor":4.0,"turns":4.0},{"damage":0.0,"enemies":"2 Fungi Beasts","floor":5.0,"turns":4.0},{"damage":0.0,"enemies":"Blue Slaver","floor":6.0,"turns":3.0},{"damage":0.0,"enemies":"Lagavulin","floor":8.0,"turns":6.0},{"damage":3.0,"enemies":"Lots of Slimes","floor":10.0,"turns":2.0},{"damage":0,"enemies":"The Mushroom Lair","floor":12,"turns":3},{"damage":6,"enemies":"Gremlin Gang","floor":15,"turns":3},{"damage":7,"enemies":"3 Louse","floor":16,"turns":3},{"damage":17,"enemies":"3 Sentries","floor":18,"turns":6},{"damage":8,"enemies":"Gremlin Nob","floor":21,"turns":4},{"damage":0,"enemies":"Red Slaver","floor":22,"turns":2},{"damage":0,"enemies":"Hexaghost","floor":25,"turns":7},{"damage":9,"enemies":"2 Thieves","floor":27,"turns":4},{"damage":0,"enemies":"Spheric Guardian","floor":29,"turns":4},{"damage":0,"enemies":"Centurion and Healer","floor":31,"turns":4},{"damage":0,"enemies":"Snake Plant","floor":33,"turns":4},{"damage":2,"enemies":"Cultist and Chosen","floor":35,"turns":4},{"damage":10,"enemies":"Book of Stabbing","floor":36,"turns":5},{"damage":0,"enemies":"Centurion and Healer","floor":37,"turns":6},{"damage":12,"enemies":"Chosen and Byrds","floor":38,"turns":5},{"damage":5,"enemies":"Gremlin Leader","floor":42,"turns":6},{"damage":0,"enemies":"Cultist and Chosen","floor":44,"turns":3},{"damage":0,"enemies":"Snake Plant","floor":45,"turns":5},{"damage":0,"enemies":"Centurion and Healer","floor":46,"turns":5},{"damage":0,"enemies":"Slavers","floor":48,"turns":3},{"damage":0,"enemies":"Automaton","floor":51,"turns":6},{"damage":0,"enemies":"3 Shapes","floor":53,"turns":3},{"damage":0,"enemies":"3 Darklings","floor":54,"turns":3},{"damage":0,"enemies":"Spire Growth","floor":56,"turns":4},{"damage":0,"enemies":"Maw","floor":57,"turns":3},{"damage":0,"enemies":"3 Darklings","floor":58,"turns":3},{"damage":0,"enemies":"Nemesis","floor":61,"turns":3},{"damage":0,"enemies":"4 Shapes","floor":63,"turns":1},{"damage":0,"enemies":"Reptomancer","floor":64,"turns":3},{"damage":0,"enemies":"Giant Head","floor":68,"turns":1},{"damage":0,"enemies":"Maw","floor":69,"turns":1},{"damage":0,"enemies":"Nemesis","floor":72,"turns":1},{"damage":0,"enemies":"Spire Growth","floor":73,"turns":2},{"damage":0,"enemies":"Transient","floor":74,"turns":5},{"damage":0,"enemies":"2 Orb Walkers","floor":75,"turns":2},{"damage":0,"enemies":"Awakened One","floor":78,"turns":3},{"damage":0,"enemies":"Shield and Spear","floor":82,"turns":2},{"damage":0,"enemies":"The Heart","floor":83,"turns":4}],"seed_played":"-7519139648783670657","potions_obtained":[{"floor":5.0,"key":"Ancient Potion"},{"floor":10,"key":"Fire Potion"},{"floor":12,"key":"Ancient Potion"},{"floor":18,"key":"Explosive Potion"},{"floor":21,"key":"LiquidMemories"},{"floor":33,"key":"DistilledChaos"},{"floor":35,"key":"Ancient Potion"},{"floor":38,"key":"PowerPotion"},{"floor":42,"key":"FearPotion"},{"floor":45,"key":"CultistPotion"},{"floor":46,"key":"DistilledChaos"},{"floor":54,"key":"ColorlessPotion"},{"floor":63,"key":"GhostInAJar"}],"is_trial":false,"path_per_floor":["M","M","$","M","M","M","R","E","R","M","$","?","T","R","M","M","?","E","$","?","E","M","R","R","B",null,"M","?","M","?","M","$","M","T","M","E","M","M","R","T","T","E","R","M","M","M","$","E","R","R","B",null,"M","M","?","M","M","M","T","$","E","R","M","E","R","T","T","E","M","?","R","E","M","M","?","R","R","B",null,"R","$","E","B",null],"character_chosen":"THE_SILENT","items_purchased":["Noxious Fumes","TheAbacus","Apotheosis","Finesse"],"campfire_rested":0,"item_purchase_floors":[11,19,47,81],"current_hp_per_floor":[70,70,70,70,70,70,70,70,70,67,67,67,67,67,61,54,59,42,42,30,22,22,22,22,22,75,66,66,68,68,70,70,72,72,72,64,66,56,56,56,56,53,53,55,57,59,59,61,61,61,75,75,75,75,75,75,75,75,75,75,75,75,75,75,75,75,75,75,75,75,75,82,82,82,82,82,82,82,82,82,82,82,82],"gold":122,"neow_bonus":"ONE_RARE_RELIC","is_daily":false,"chose_seed":false,"campfire_upgraded":14,"win_rate":0.0,"timestamp":1613322085,"path_taken":["M","M","$","M","M","M","R","E","R","M","$","?","T","R","M","M","?","E","$","?","E","M","R","R","BOSS","M","?","M","?","M","$","M","?","M","E","M","?","R","T","T","E","R","M","?","M","$","E","R","R","BOSS","M","M","?","M","?","M","?","$","E","R","?","E","R","T","T","E","M","?","R","E","M","M","?","R","R","BOSS","R","$","E","BOSS"],"items_purchased_type":["Card","Relic","Card","Card"],"build_version":"2020-12-22","purchased_purges":5,"victory":true,"max_hp_per_floor":[70,70,70,70,70,70,70,70,70,70,70,70,70,70,70,70,75,75,75,75,75,75,75,75,75,75,75,75,75,75,75,75,75,75,75,75,75,75,75,75,75,75,75,75,75,75,75,75,75,75,75,75,75,75,75,75,75,75,75,75,75,75,75,75,75,75,75,75,75,75,75,82,82,82,82,82,82,82,82,82,82,82,82],"card_choices":[{"not_picked":["Outmaneuver","Bane"],"picked":"Deadly Poison","floor":1.0},{"not_picked":["Sucker Punch","Outmaneuver","Backflip"],"picked":"SKIP","floor":2.0},{"not_picked":["Acrobatics","Masterful Stab"],"picked":"Dash","floor":4.0},{"not_picked":["Sucker Punch","Quick Slash","Caltrops"],"picked":"SKIP","floor":5.0},{"not_picked":["Blur","A Thousand Cuts"],"picked":"Crippling Poison","floor":6.0},{"not_picked":["Quick Slash","Flying Knee","Dagger Throw"],"picked":"SKIP","floor":8.0},{"not_picked":["Bane","Flechettes"],"picked":"Blade Dance","floor":10},{"not_picked":["Bouncing Flask","Flying Knee","Deadly Poison"],"picked":"SKIP","floor":15},{"not_picked":["Skewer","Sucker Punch"],"picked":"Reflex","floor":16},{"not_picked":["Masterful Stab","Choke"],"picked":"Acrobatics","floor":18},{"not_picked":["Deadly Poison","Flying Knee"],"picked":"Adrenaline","floor":21},{"not_picked":["Leg Sweep","Underhanded Strike"],"picked":"Escape Plan","floor":22},{"not_picked":["Tools of the Trade","Adrenaline"],"picked":"After Image","floor":25},{"not_picked":["Flying Knee+1","Deflect+1"],"picked":"Acrobatics","floor":27},{"not_picked":["Dodge and Roll","Crippling Poison","Outmaneuver"],"picked":"SKIP","floor":29},{"not_picked":["Bane","Predator"],"picked":"Prepared","floor":31},{"not_picked":["Choke","Cloak And Dagger","Leg Sweep"],"picked":"SKIP","floor":33},{"not_picked":["Quick Slash","Masterful Stab"],"picked":"Acrobatics+1","floor":35},{"not_picked":["Blade Dance","Dagger Throw","Envenom"],"picked":"SKIP","floor":36},{"not_picked":["Well Laid Plans","Blur"],"picked":"Prepared+1","floor":37},{"not_picked":["Deflect+1","Quick Slash","All Out Attack+1"],"picked":"SKIP","floor":38},{"not_picked":["Dagger Throw","Skewer"],"picked":"Calculated Gamble","floor":42},{"not_picked":["Flying Knee+1","Leg Sweep"],"picked":"Accuracy","floor":44},{"not_picked":["Bane","Blade Dance","Underhanded Strike"],"picked":"SKIP","floor":45},{"not_picked":["Acrobatics+1","Quick Slash"],"picked":"Well Laid Plans","floor":46},{"not_picked":["Cloak And Dagger","Heel Hook","Dodge and Roll"],"picked":"SKIP","floor":48},{"not_picked":["Night Terror","Doppelganger"],"picked":"A Thousand Cuts","floor":51},{"not_picked":["Cloak And Dagger","Backflip+1","Acrobatics"],"picked":"SKIP","floor":53},{"not_picked":["Deflect+1","Slice"],"picked":"Blur+1","floor":54},{"not_picked":["PiercingWail","Well Laid Plans+1"],"picked":"Tactician","floor":56},{"not_picked":["Blur+1","Quick Slash"],"picked":"Prepared","floor":57},{"not_picked":["Venomology","Deflect+1","Endless Agony+1"],"picked":"SKIP","floor":58},{"not_picked":["Dagger Throw+1","Dodge and Roll+1"],"picked":"Calculated Gamble+1","floor":61},{"not_picked":["Deadly Poison","Dodge and Roll","Crippling Poison"],"picked":"SKIP","floor":63},{"not_picked":["Choke+1","Cloak And Dagger+1","Reflex"],"picked":"SKIP","floor":64},{"not_picked":["Finisher+1","Poisoned Stab+1","PiercingWail"],"picked":"SKIP","floor":68},{"not_picked":["Caltrops+1","Bane"],"picked":"Setup+1","floor":69},{"not_picked":["Flechettes+1","Corpse Explosion","Bouncing Flask+1"],"picked":"SKIP","floor":72},{"not_picked":["Blade Dance+1","Leg Sweep"],"picked":"Tactician","floor":73},{"not_picked":["Sucker Punch","Underhanded Strike+1","Blade Dance+1"],"picked":"SKIP","floor":74},{"not_picked":["Slice","Noxious Fumes","Sucker Punch+1"],"picked":"SKIP","floor":82}],"player_experience":2451620,"relics_obtained":[{"floor":8.0,"key":"Potion Belt"},{"floor":12,"key":"Odd Mushroom"},{"floor":13,"key":"MawBank"},{"floor":18,"key":"Snake Skull"},{"floor":21,"key":"Centennial Puzzle"},{"floor":26,"key":"Blood Vial"},{"floor":26,"key":"Sundial"},{"floor":26,"key":"Ginger"},{"floor":36,"key":"HornCleat"},{"floor":40,"key":"Bag of Preparation"},{"floor":41,"key":"Whetstone"},{"floor":42,"key":"Mummified Hand"},{"floor":48,"key":"Pantograph"},{"floor":59,"key":"Mercury Hourglass"},{"floor":61,"key":"Vajra"},{"floor":61,"key":"Unceasing Top"},{"floor":64,"key":"Gremlin Horn"},{"floor":66,"key":"Bird Faced Urn"},{"floor":67,"key":"Akabeko"},{"floor":68,"key":"Anchor"},{"floor":68,"key":"Tough Bandages"},{"floor":72,"key":"Toy Ornithopter"},{"floor":72,"key":"Strawberry"},{"floor":75,"key":"Turnip"},{"floor":82,"key":"InkBottle"},{"floor":82,"key":"Lantern"}],"event_choices":[{"damage_healed":0,"gold_gain":0,"player_choice":"Fought Mushrooms","damage_taken":0,"max_hp_gain":0,"max_hp_loss":0,"event_name":"Mushrooms","floor":12,"gold_loss":0},{"damage_healed":0,"gold_gain":0,"player_choice":"Donut","damage_taken":0,"max_hp_gain":5,"max_hp_loss":0,"event_name":"Big Fish","floor":17,"gold_loss":0},{"damage_healed":0,"gold_gain":0,"player_choice":"Success","damage_taken":12,"relics_obtained":["Bag of Marbles"],"max_hp_gain":0,"max_hp_loss":0,"event_name":"Scrap Ooze","floor":20,"gold_loss":0},{"damage_healed":0,"gold_gain":0,"player_choice":"Ignored","damage_taken":0,"max_hp_gain":0,"max_hp_loss":0,"event_name":"Cursed Tome","floor":28,"gold_loss":0},{"damage_healed":0,"gold_gain":0,"cards_transformed":["Strike_G","Strike_G"],"player_choice":"Became Test Subject","damage_taken":0,"max_hp_gain":0,"max_hp_loss":0,"event_name":"Drug Dealer","floor":30,"gold_loss":0,"cards_obtained":["Dagger Spray","Caltrops"]},{"damage_healed":0,"gold_gain":0,"player_choice":"Ignored","damage_taken":0,"max_hp_gain":0,"max_hp_loss":0,"event_name":"SecretPortal","floor":55,"gold_loss":0},{"cards_removed":["Dash"],"damage_healed":0,"gold_gain":0,"player_choice":"Removed Attack","damage_taken":0,"max_hp_gain":0,"max_hp_loss":0,"event_name":"Falling","floor":70,"gold_loss":0},{"damage_healed":0,"gold_gain":0,"player_choice":"Fight","damage_taken":0,"max_hp_gain":0,"max_hp_loss":0,"event_name":"Mysterious Sphere","floor":75,"gold_loss":0}],"is_beta":false,"boss_relics":[{"not_picked":["Ring of the Serpent","SacredBark"],"picked":"Calling Bell"},{"not_picked":["SlaversCollar","Snecko Eye"],"picked":"Black Star"}],"items_purged_floors":[19,32,47,60,81],"is_endless":false,"potions_floor_spawned":[5,10,12,18,21,33,35,38,42,45,46,51,54,56,63,64,72,73,75,82],"ascension_level":1}}