{"host":"8cqz7u612ax6p4mk","time":1613281197,"event":{"mods":["AchievementEnabler","BaseMod","Bestiary","Colored Map","DeckTracker","Highlight Path","Minty Spire (QoL Compilation)","Relic Stats","The Servant 0.9.4"],"gold_per_floor":[117,127,127,28,28,28,53,53,53,67,115,130,141,160,160,265,315,328,378,278,105,119,119,129,129,154,182,182,215,225,240,240,341,341,358,358,408,72,88,88,107,119,119,144,144,172,190,210,210,210],"floor_reached":51,"language":"ENG","playtime":4480,"items_purged":["Strike_G","Strike_G","Defend_G","Strike_G"],"score":811,"play_id":"eefb7b48-f920-4235-b025-0c9630912859","local_time":"20210214003957","is_ascension_mode":true,"campfire_choices":[{"data":"Underhanded Strike","floor":6,"key":"SMITH"},{"data":"Die Die Die","floor":8,"key":"SMITH"},{"data":"Calculated Gamble","floor":15,"key":"SMITH"},{"data":"Tactician","floor":23,"key":"SMITH"},{"data":"Malaise","floor":28,"key":"SMITH"},{"floor":32,"key":"REST"},{"data":"Phantasmal Killer","floor":40,"key":"SMITH"},{"floor":45,"key":"REST"},{"floor":49,"key":"REST"}],"circlet_count":0,"master_deck":["Strike_G","Strike_G","Defend_G+1","Survivor","Neutralize+1","Underhanded Strike+1","Prepared","Die Die Die+1","Underhanded Strike","Calculated Gamble+1","Riddle With Holes","Phantasmal Killer+1","Acrobatics","PiercingWail","Tactician+1","Malaise+1","Reflex+1","Dagger Throw+1","Backflip","Footwork","Well Laid Plans","Footwork+1","Eviscerate"],"relics":["Ring of the Snake","NeowsBlessing","Pen Nib","Pantograph","Lantern","Tiny House","Pear","Toy Ornithopter","Omamori","InkBottle","Empty Cage","Girya","Bottled Lightning","Ancient Tea Set","Art of War"],"acts_visited":["Exordium","TheCity","TheBeyond"],"potions_floor_usage":[30,33,33,47,50],"damage_taken":[{"damage":0,"enemies":"Small Slimes","floor":1,"turns":1},{"damage":0,"enemies":"Cultist","floor":2,"turns":1},{"damage":0,"enemies":"Lagavulin","floor":7,"turns":1},{"damage":0,"enemies":"Jaw Worm","floor":10,"turns":2},{"damage":0,"enemies":"Gremlin Gang","floor":12,"turns":3},{"damage":0,"enemies":"Exordium Thugs","floor":13,"turns":1},{"damage":0,"enemies":"Blue Slaver","floor":14,"turns":1},{"damage":35,"enemies":"Slime Boss","floor":16,"turns":10},{"damage":0,"enemies":"Spheric Guardian","floor":18,"turns":2},{"damage":10,"enemies":"Chosen","floor":22,"turns":3},{"damage":0,"enemies":"Snake Plant","floor":24,"turns":2},{"damage":31,"enemies":"Book of Stabbing","floor":27,"turns":7},{"damage":28,"enemies":"Slavers","floor":29,"turns":4},{"damage":13,"enemies":"Cultist and Chosen","floor":30,"turns":6},{"damage":4,"enemies":"3 Cultists","floor":31,"turns":4},{"damage":68,"enemies":"Champ","floor":33,"turns":11},{"damage":20,"enemies":"3 Shapes","floor":35,"turns":3},{"damage":7,"enemies":"Mind Bloom Boss Battle","floor":37,"turns":5},{"damage":6,"enemies":"Orb Walker","floor":39,"turns":4},{"damage":1,"enemies":"Maw","floor":41,"turns":6},{"damage":19,"enemies":"Writhing Mass","floor":42,"turns":4},{"damage":19,"enemies":"Nemesis","floor":44,"turns":5},{"damage":0,"enemies":"Reptomancer","floor":46,"turns":3},{"damage":14,"enemies":"Jaw Worm Horde","floor":47,"turns":4},{"damage":0,"enemies":"Transient","floor":48,"turns":5},{"damage":27,"enemies":"Awakened One","floor":50,"turns":8}],"seed_played":"2366611159375790053","potions_obtained":[{"floor":2,"key":"BlessingOfTheForge"},{"floor":10,"key":"SkillPotion"},{"floor":13,"key":"Swift Potion"},{"floor":17,"key":"ColorlessPotion"},{"floor":29,"key":"FairyPotion"},{"floor":31,"key":"SkillPotion"},{"floor":35,"key":"LiquidBronze"},{"floor":42,"key":"Fire Potion"},{"floor":48,"key":"Swift Potion"}],"is_trial":false,"path_per_floor":["M","M","?","$","?","R","E","R","T","M","T","M","M","M","R","B",null,"M","?","$","$","M","R","M","?","T","E","R","E","M","M","R","B",null,"M","?","?","$","M","R","M","M","T","E","R","E","M","M","R","B",null],"character_chosen":"THE_SILENT","items_purchased":["Prepared","PiercingWail","EntropicBrew","Footwork","PowerPotion"],"campfire_rested":3,"item_purchase_floors":[4,21,38,38,38],"current_hp_per_floor":[70,70,70,70,70,70,70,70,70,70,70,70,70,70,70,35,75,75,75,75,75,65,65,65,75,75,44,44,16,8,4,29,25,85,65,65,78,78,72,72,71,52,52,33,58,58,49,49,74,63],"gold":210,"neow_bonus":"THREE_ENEMY_KILL","is_daily":false,"chose_seed":false,"campfire_upgraded":6,"win_rate":0.0,"timestamp":1613281197,"path_taken":["M","M","?","?","?","R","E","R","T","?","?","M","M","M","R","BOSS","M","?","?","$","M","R","M","?","T","E","R","E","?","M","R","BOSS","M","?","?","$","?","R","M","M","T","E","R","E","M","M","R","BOSS"],"items_purchased_type":["Card","Card","Potion","Card","Potion"],"build_version":"2020-12-22","purchased_purges":4,"victory":true,"max_hp_per_floor":[70,70,70,70,70,70,70,70,70,70,70,70,70,70,70,70,75,75,75,75,75,75,75,75,85,85,85,85,85,85,85,85,85,85,85,85,85,85,85,85,85,85,85,85,85,85,85,85,85,85],"relic_stats":{"counters":[26,106],"Pantograph":56,"Pen Nib":[27],"Art of War":[0],"obtain_stats":[{"Girya":37,"Lantern":11,"Tiny House":17,"Pear":25,"NeowsBlessing":0,"Pen Nib":7,"Omamori":27,"Empty Cage":34,"Ancient Tea Set":44,"Pantograph":9,"Art of War":46,"Bottled Lightning":43,"Toy Ornithopter":26,"InkBottle":29,"Ring of the Snake":0},{"Girya":18,"Lantern":4,"Tiny House":8,"Pear":11,"NeowsBlessing":0,"Pen Nib":3,"Omamori":12,"Empty Cage":16,"Ancient Tea Set":22,"Pantograph":3,"Art of War":23,"Bottled Lightning":21,"Toy Ornithopter":11,"InkBottle":13,"Ring of the Snake":0},{"Girya":67,"Lantern":5,"Tiny House":20,"Pear":27,"NeowsBlessing":0,"Pen Nib":3,"Omamori":34,"Empty Cage":59,"Ancient Tea Set":86,"Pantograph":3,"Art of War":89,"Bottled Lightning":81,"Toy Ornithopter":27,"InkBottle":38,"Ring of the Snake":0}],"Toy Ornithopter":25,"InkBottle":[38],"Ring of the Snake":[52]},"card_choices":[{"not_picked":["Flying Knee","Flechettes","Prepared"],"picked":"SKIP","floor":1},{"not_picked":["Deflect","Calculated Gamble"],"picked":"Underhanded Strike","floor":2},{"not_picked":["Escape Plan","Cloak And Dagger"],"picked":"Die Die Die","floor":7},{"not_picked":["Sucker Punch","Leg Sweep"],"picked":"Underhanded Strike","floor":10},{"not_picked":["Flying Knee","Underhanded Strike"],"picked":"Calculated Gamble","floor":12},{"not_picked":["Underhanded Strike","Bane","Corpse Explosion"],"picked":"SKIP","floor":13},{"not_picked":["Outmaneuver","Escape Plan"],"picked":"Riddle With Holes","floor":14},{"not_picked":["Burst","Doppelganger"],"picked":"Phantasmal Killer","floor":16},{"not_picked":["Backflip","Dodge and Roll"],"picked":"Acrobatics","floor":17},{"not_picked":["Skewer","Distraction","Slice"],"picked":"SKIP","floor":18},{"not_picked":["Underhanded Strike","Cloak And Dagger+1"],"picked":"Tactician","floor":22},{"not_picked":["Sucker Punch","Flechettes"],"picked":"Malaise","floor":24},{"not_picked":["Slice","Acrobatics","Blade Dance"],"picked":"SKIP","floor":27},{"not_picked":["Flechettes","Bane","Caltrops+1"],"picked":"SKIP","floor":29},{"not_picked":["Dagger Spray+1","Acrobatics"],"picked":"Reflex+1","floor":30},{"not_picked":["Poisoned Stab+1","Corpse Explosion"],"picked":"Dagger Throw+1","floor":31},{"not_picked":["Backstab+1","Slice","Skewer"],"picked":"SKIP","floor":35},{"not_picked":["Prepared","Tactician"],"picked":"Backflip","floor":37},{"not_picked":["Prepared","Blade Dance","Deflect+1"],"picked":"SKIP","floor":39},{"not_picked":["Bullet Time","Dagger Spray"],"picked":"Well Laid Plans","floor":41},{"not_picked":["Deflect","Bane"],"picked":"Footwork+1","floor":42},{"not_picked":["Reflex+1","Distraction","Skewer+1"],"picked":"SKIP","floor":44},{"not_picked":["Heel Hook","Distraction"],"picked":"Eviscerate","floor":46},{"not_picked":["Leg Sweep+1","Dagger Throw+1","Bane+1"],"picked":"SKIP","floor":47},{"not_picked":["Calculated Gamble","Underhanded Strike","Blade Dance+1"],"picked":"SKIP","floor":48}],"player_experience":188226,"relics_obtained":[{"floor":7,"key":"Pen Nib"},{"floor":9,"key":"Pantograph"},{"floor":11,"key":"Lantern"},{"floor":26,"key":"Toy Ornithopter"},{"floor":27,"key":"Omamori"},{"floor":29,"key":"InkBottle"},{"floor":37,"key":"Girya"},{"floor":43,"key":"Bottled Lightning"},{"floor":44,"key":"Ancient Tea Set"},{"floor":46,"key":"Art of War"}],"event_choices":[{"damage_healed":0,"gold_gain":0,"player_choice":"Upgraded","damage_taken":0,"max_hp_gain":0,"max_hp_loss":0,"event_name":"Upgrade Shrine","floor":3,"gold_loss":0,"cards_upgraded":["Neutralize"]},{"cards_removed":["Defend_G"],"damage_healed":0,"gold_gain":0,"player_choice":"Purged","damage_taken":0,"max_hp_gain":0,"max_hp_loss":0,"event_name":"Purifier","floor":5,"gold_loss":0},{"damage_healed":0,"gold_gain":100,"player_choice":"Bet on Murderer","damage_taken":0,"max_hp_gain":0,"max_hp_loss":0,"event_name":"The Joust","floor":19,"gold_loss":50},{"damage_healed":0,"gold_gain":0,"player_choice":"Opened","damage_taken":0,"relics_obtained":["Pear"],"max_hp_gain":0,"max_hp_loss":0,"event_name":"The Mausoleum","floor":25,"gold_loss":0},{"damage_healed":0,"gold_gain":0,"player_choice":"Ignored","damage_taken":0,"max_hp_gain":0,"max_hp_loss":0,"event_name":"Tomb of Lord Red Mask","floor":36,"gold_loss":0},{"damage_healed":0,"gold_gain":0,"player_choice":"Fight","damage_taken":0,"max_hp_gain":0,"max_hp_loss":0,"event_name":"MindBloom","floor":37,"gold_loss":0}],"is_beta":false,"boss_relics":[{"not_picked":["Coffee Dripper","Ectoplasm"],"picked":"Tiny House"},{"not_picked":["Sozu","Black Star"],"picked":"Empty Cage"}],"items_purged_floors":[4,20,21,38],"is_endless":false,"potions_floor_spawned":[2,10,13,24,29,31,35,41,42,46,48],"ascension_level":1}}