{"host":"7jxhn92mkgyil7o5","time":1613312216,"event":{"mods":["BaseMod","Colored Map","Colored Powertips","Friendly Minions","Hermit","Kiyohime????","Marisa????????","Minty Spire (QoL Compilation)","Permanent Neow","StSLib","The Cursed","The Disciple","The Hierophant","The Poker Player","The Runesmith"],"gold_per_floor":[214,364,439,457,469,469,504,504,504,504,516,516,11,35,35,35,35],"floor_reached":16,"language":"ENG","playtime":482,"items_purged":["Doubt"],"score":200,"play_id":"ea5bb168-b5a3-4798-b635-1caaaa726865","local_time":"20210214151656","is_ascension_mode":true,"campfire_choices":[{"data":"Blood for Blood","floor":6,"key":"SMITH"},{"data":"Berserk","floor":8,"key":"SMITH"},{"floor":10,"key":"REST"},{"data":"Bash","floor":15,"key":"SMITH"}],"circlet_count":0,"master_deck":["AscendersBane","Strike_R","Strike_R","Strike_R","Strike_R","Strike_R","Defend_R","Defend_R","Defend_R","Defend_R","Bash+1","Blood for Blood+1","Clothesline","Headbutt","Berserk+1","Whirlwind","Combust"],"relics":["Burning Blood","Paper Frog","Singing Bowl","Golden Idol","Self Forming Clay","Toy Ornithopter"],"acts_visited":["Exordium"],"potions_floor_usage":[16,16],"damage_taken":[{"damage":11,"enemies":"Jaw Worm","floor":1,"turns":4},{"damage":12,"enemies":"2 Louse","floor":4,"turns":4},{"damage":0,"enemies":"Cultist","floor":5,"turns":3},{"damage":24,"enemies":"Gremlin Nob","floor":7,"turns":4},{"damage":8,"enemies":"Blue Slaver","floor":11,"turns":4},{"damage":7,"enemies":"Red Slaver","floor":14,"turns":3},{"damage":50,"enemies":"Slime Boss","floor":16,"turns":6}],"seed_played":"-5481072196561802977","potions_obtained":[{"floor":5,"key":"Ancient Potion"},{"floor":7,"key":"LiquidMemories"},{"floor":14,"key":"Dexterity Potion"}],"is_trial":false,"path_per_floor":["M","?","?","M","M","R","E","R","T","R","M","?","$","M","R","B"],"character_chosen":"IRONCLAD","items_purchased":["Self Forming Clay","Toy Ornithopter"],"campfire_rested":1,"item_purchase_floors":[13,13],"current_hp_per_floor":[63,63,52,46,52,52,34,34,34,56,54,28,28,27,27,0,0],"gold":35,"neow_bonus":"HUNDRED_GOLD","is_daily":false,"chose_seed":false,"campfire_upgraded":3,"win_rate":0.0,"timestamp":1613312216,"path_taken":["M","?","?","M","M","R","E","R","T","R","M","?","$","M","R","BOSS"],"items_purchased_type":["Relic","Relic"],"build_version":"2020-12-22","purchased_purges":1,"victory":false,"max_hp_per_floor":[75,75,75,75,75,75,75,75,75,75,75,75,75,75,75,75,75],"card_choices":[{"not_picked":["Headbutt","Wild Strike"],"picked":"Blood for Blood","floor":1},{"not_picked":["Heavy Blade","Limit Break"],"picked":"Clothesline","floor":4},{"not_picked":["Perfected Strike","Havoc"],"picked":"Headbutt","floor":5},{"not_picked":["Heavy Blade","Havoc"],"picked":"Berserk","floor":7},{"not_picked":["Shockwave","Clothesline"],"picked":"Whirlwind","floor":11},{"not_picked":["Perfected Strike","Sever Soul"],"picked":"Combust","floor":14}],"player_experience":2023649,"relics_obtained":[{"floor":7,"key":"Paper Frog"},{"floor":9,"key":"Singing Bowl"}],"event_choices":[{"damage_healed":0,"gold_gain":150,"player_choice":"AGREE","damage_taken":0,"max_hp_gain":0,"max_hp_loss":0,"event_name":"Liars Game","floor":2,"gold_loss":0,"cards_obtained":["Doubt"]},{"damage_healed":0,"gold_gain":75,"player_choice":"Gather Gold","damage_taken":11,"max_hp_gain":0,"max_hp_loss":0,"event_name":"World of Goop","floor":3,"gold_loss":0},{"damage_healed":0,"gold_gain":0,"player_choice":"Take Damage","damage_taken":26,"relics_obtained":["Golden Idol"],"max_hp_gain":0,"max_hp_loss":0,"event_name":"Golden Idol","floor":12,"gold_loss":0}],"is_beta":false,"boss_relics":[],"items_purged_floors":[13],"is_endless":false,"potions_floor_spawned":[5,7,11,14],"killed_by":"Slime Boss","ascension_level":20}}