{"host":"k97npy6own8k4xam","time":1613323954,"event":{"mods":["BaseMod","Bestiary","Minty Spire (QoL Compilation)","Relic Stats","StSLib","ojb\u0027s Better Paths Mod"],"gold_per_floor":[219,236,121,134,152,152,174,187,210,252,252,290,61,102,102,206,206,225,48,123,21,21,47,47,67,67,105,105,146,146,167,167,281,281,307,319,19,36,45,79,79,116,140,140,171,194,194,194,194,194,194,203,46,83,83],"floor_reached":56,"language":"ITA","playtime":4385,"items_purged":["Strike_G","Strike_G"],"score":1437,"play_id":"202c54fc-b32d-4fad-99d9-be68e7dba134","local_time":"20210214183234","is_ascension_mode":true,"campfire_choices":[{"data":"Noxious Fumes","floor":6.0,"key":"SMITH"},{"data":"Predator","floor":11.0,"key":"SMITH"},{"floor":15.0,"key":"REST"},{"data":"After Image","floor":24.0,"key":"SMITH"},{"floor":30.0,"key":"REST"},{"data":"Bouncing Flask","floor":32.0,"key":"SMITH"},{"floor":41.0,"key":"RECALL"},{"floor":49.0,"key":"REST"},{"floor":52.0,"key":"REST"}],"circlet_count":0,"master_deck":["Strike_G+1","Strike_G+1","Defend_G+1","Defend_G+1","Defend_G+1","Defend_G+1","Defend_G+1","Survivor","Neutralize","Deadly Poison","Calculated Gamble","Noxious Fumes+1","Acrobatics","Poisoned Stab","Dagger Spray","Predator+1","After Image+1","Bullet Time","Predator","Venomology","Noxious Fumes","Crippling Poison+1","Underhanded Strike+1","Tactician","Escape Plan","Bouncing Flask+1","Burst","Acrobatics","Apotheosis+1","Footwork","Dodge and Roll","Corpse Explosion","Reflex","After Image","Deadly Poison+1","PiercingWail"],"relics":["Ring of the Snake","Odd Mushroom","PreservedInsect","CeramicFish","Juzu Bracelet","Pen Nib","HoveringKite","Potion Belt","White Beast Statue","Art of War","Meat on the Bone","Fusion Hammer","Dream Catcher","Gambling Chip","Omamori","Kunai","Toolbox","War Paint"],"acts_visited":["TheCity","TheBeyond","TheEnding"],"potions_floor_usage":[55,55,55,55,55,55,55,55,55,55],"damage_taken":[{"damage":0.0,"enemies":"Cultist","floor":1.0,"turns":4.0},{"damage":4.0,"enemies":"Jaw Worm","floor":2.0,"turns":4.0},{"damage":15.0,"enemies":"Small Slimes","floor":4.0,"turns":4.0},{"damage":11.0,"enemies":"Exordium Thugs","floor":5.0,"turns":5.0},{"damage":4.0,"enemies":"The Mushroom Lair","floor":7.0,"turns":4.0},{"damage":2.0,"enemies":"2 Fungi Beasts","floor":8.0,"turns":5.0},{"damage":8.0,"enemies":"Gremlin Nob","floor":10.0,"turns":3.0},{"damage":8.0,"enemies":"Lagavulin","floor":12.0,"turns":5.0},{"damage":12.0,"enemies":"Gremlin Nob","floor":14.0,"turns":4.0},{"damage":15.0,"enemies":"The Guardian","floor":16.0,"turns":9.0},{"damage":9.0,"enemies":"Spheric Guardian","floor":18.0,"turns":4.0},{"damage":27.0,"enemies":"Slavers","floor":23.0,"turns":6.0},{"damage":3.0,"enemies":"3 Byrds","floor":25.0,"turns":4.0},{"damage":3.0,"enemies":"Gremlin Leader","floor":27.0,"turns":4.0},{"damage":12.0,"enemies":"Slavers","floor":29.0,"turns":7.0},{"damage":8.0,"enemies":"Snake Plant","floor":31.0,"turns":6.0},{"damage":17.0,"enemies":"Collector","floor":33.0,"turns":9.0},{"damage":3.0,"enemies":"3 Darklings","floor":35.0,"turns":4.0},{"damage":0.0,"enemies":"Orb Walker","floor":36.0,"turns":3.0},{"damage":6.0,"enemies":"Maw","floor":38.0,"turns":7.0},{"damage":10.0,"enemies":"Reptomancer","floor":40.0,"turns":6.0},{"damage":2.0,"enemies":"Giant Head","floor":42.0,"turns":7.0},{"damage":33.0,"enemies":"Nemesis","floor":45.0,"turns":7.0},{"damage":8.0,"enemies":"Transient","floor":46.0,"turns":5.0},{"damage":12.0,"enemies":"Time Eater","floor":50.0,"turns":12.0},{"damage":9.0,"enemies":"Shield and Spear","floor":54.0,"turns":2.0},{"damage":31,"enemies":"The Heart","floor":55,"turns":8}],"seed_played":"-4719361155868181796","potions_obtained":[{"floor":2.0,"key":"Strength Potion"},{"floor":5.0,"key":"LiquidMemories"},{"floor":7.0,"key":"CultistPotion"},{"floor":10.0,"key":"Weak Potion"},{"floor":12.0,"key":"Dexterity Potion"},{"floor":23.0,"key":"SneckoOil"},{"floor":25.0,"key":"GhostInAJar"},{"floor":27.0,"key":"SpeedPotion"},{"floor":29.0,"key":"SkillPotion"},{"floor":31.0,"key":"Strength Potion"},{"floor":33.0,"key":"AttackPotion"},{"floor":35.0,"key":"Block Potion"},{"floor":38.0,"key":"PowerPotion"},{"floor":40.0,"key":"LiquidBronze"},{"floor":42.0,"key":"LiquidBronze"},{"floor":45.0,"key":"PowerPotion"},{"floor":54.0,"key":"LiquidMemories"}],"is_trial":false,"path_per_floor":["M","M","$","M","M","R","?","M","T","E","R","E","$","E","R","B",null,"M","$","?","$","?","E","R","M","T","E","$","E","R","M","R","B",null,"M","M","$","M","?","E","R","E","T","?","E","M","?","?","R","B",null,"R","$","E","B",null],"character_chosen":"THE_SILENT","items_purchased":["Noxious Fumes","Bullet Time","Potion Belt","Crippling Poison","Fruit Juice","Apotheosis","Footwork","Dodge and Roll","Toolbox"],"campfire_rested":4,"item_purchase_floors":[3,13,19,19,21,37,37,37,53],"current_hp_per_floor":[70,66,66,51,40,40,36,34,34,26,26,18,18,6,27,12,70,61,61,54,54,54,32,32,29,29,26,26,14,36,40,40,35,75,72,72,72,66,66,71,71,69,69,69,48,40,75,75,75,63,75,75,75,66,47],"gold":83,"neow_bonus":"HUNDRED_GOLD","is_daily":false,"chose_seed":false,"campfire_upgraded":4,"win_rate":0.0,"timestamp":1613323954,"path_taken":["M","?","$","M","M","R","?","M","T","E","R","E","$","E","R","BOSS","M","$","?","?","?","E","R","M","T","E","?","E","R","M","R","BOSS","M","M","$","M","?","E","R","E","T","?","E","M","?","?","R","BOSS","R","$","E","BOSS"],"items_purchased_type":["Card","Card","Relic","Card","Potion","Card","Card","Card","Relic"],"build_version":"2020-12-22","purchased_purges":2,"victory":true,"max_hp_per_floor":[70,70,70,70,70,70,70,70,70,70,70,70,70,70,70,70,70,70,70,70,70,70,75,75,75,75,75,75,75,75,75,75,75,75,75,75,75,75,75,75,75,75,75,75,75,75,75,75,75,75,75,75,75,75,75],"relic_stats":{"counters":[27,148],"CeramicFish":189,"HoveringKite":[55],"PreservedInsect":497,"Pen Nib":[14],"Juzu Bracelet":2,"War Paint":["Crippling Poison","Apotheosis"],"Dream Catcher":2,"Gambling Chip":[18],"Art of War":[21],"Kunai":[4],"obtain_stats":[{"Potion Belt":19,"CeramicFish":10,"HoveringKite":17,"PreservedInsect":9,"Pen Nib":14,"Juzu Bracelet":12,"Omamori":43,"Odd Mushroom":7,"War Paint":54,"White Beast Statue":23,"Dream Catcher":40,"Gambling Chip":42,"Toolbox":53,"Fusion Hammer":34,"Art of War":27,"Kunai":45,"Ring of the Snake":0,"Meat on the Bone":29},{"Potion Belt":11,"CeramicFish":7,"HoveringKite":10,"PreservedInsect":6,"Pen Nib":9,"Juzu Bracelet":8,"Omamori":22,"Odd Mushroom":5,"War Paint":26,"White Beast Statue":12,"Dream Catcher":21,"Gambling Chip":22,"Toolbox":25,"Fusion Hammer":17,"Art of War":14,"Kunai":23,"Ring of the Snake":0,"Meat on the Bone":15},{"Potion Belt":51,"CeramicFish":29,"HoveringKite":47,"PreservedInsect":26,"Pen Nib":38,"Juzu Bracelet":34,"Omamori":114,"Odd Mushroom":21,"War Paint":140,"White Beast Statue":57,"Dream Catcher":107,"Gambling Chip":114,"Toolbox":138,"Fusion Hammer":87,"Art of War":65,"Kunai":121,"Ring of the Snake":0,"Meat on the Bone":72}],"Ring of the Snake":[54],"Meat on the Bone":48},"card_choices":[{"not_picked":["Slice","Setup"],"picked":"Deadly Poison","floor":1.0},{"not_picked":["Blur","Sucker Punch"],"picked":"Calculated Gamble","floor":2.0},{"not_picked":["Outmaneuver","Expertise","Heel Hook"],"picked":"SKIP","floor":4.0},{"not_picked":["Expertise","Terror"],"picked":"Acrobatics","floor":5.0},{"not_picked":["Flying Knee","Dagger Throw"],"picked":"Poisoned Stab","floor":7.0},{"not_picked":["Bane","Prepared"],"picked":"Dagger Spray","floor":8.0},{"not_picked":["Setup","Calculated Gamble"],"picked":"Predator","floor":10.0},{"not_picked":["Deflect","Finisher"],"picked":"After Image","floor":12.0},{"not_picked":["Quick Slash","Slice"],"picked":"Predator","floor":14.0},{"not_picked":["Wraith Form v2","Envenom"],"picked":"Venomology","floor":16.0},{"not_picked":["PiercingWail","Quick Slash"],"picked":"Noxious Fumes","floor":18.0},{"not_picked":["Crippling Poison","Outmaneuver","Dagger Spray"],"picked":"SKIP","floor":23.0},{"not_picked":["Poisoned Stab+1","Deflect"],"picked":"Underhanded Strike+1","floor":25.0},{"not_picked":["A Thousand Cuts","Infinite Blades+1"],"picked":"Tactician","floor":27.0},{"not_picked":["Sucker Punch","Dagger Spray"],"picked":"Escape Plan","floor":29.0},{"not_picked":["Outmaneuver","Masterful Stab"],"picked":"Bouncing Flask","floor":31.0},{"not_picked":["Adrenaline","Night Terror"],"picked":"Burst","floor":33.0},{"not_picked":["PiercingWail","Outmaneuver"],"picked":"Acrobatics","floor":35.0},{"not_picked":["Poisoned Stab","Deflect","Underhanded Strike"],"picked":"SKIP","floor":36.0},{"not_picked":["Underhanded Strike","Flying Knee+1","Sucker Punch"],"picked":"SKIP","floor":38.0},{"not_picked":["Slice+1","Storm of Steel","Blade Dance+1"],"picked":"SKIP","floor":40.0},{"not_picked":["Outmaneuver+1","Deflect+1"],"picked":"Reflex","floor":42.0},{"not_picked":["Calculated Gamble","Dagger Throw","Blade Dance+1"],"picked":"SKIP","floor":45.0},{"not_picked":["Calculated Gamble","Dagger Throw","Blade Dance+1"],"picked":"SKIP","floor":45.0},{"not_picked":["Flechettes","Deadly Poison"],"picked":"After Image","floor":46.0},{"not_picked":["Outmaneuver","Skewer"],"picked":"Deadly Poison+1","floor":52.0},{"not_picked":["Expertise","Prepared"],"picked":"PiercingWail","floor":54.0}],"player_experience":440347,"relics_obtained":[{"floor":7.0,"key":"Odd Mushroom"},{"floor":9.0,"key":"PreservedInsect"},{"floor":10.0,"key":"CeramicFish"},{"floor":12.0,"key":"Juzu Bracelet"},{"floor":14.0,"key":"Pen Nib"},{"floor":23.0,"key":"White Beast Statue"},{"floor":27.0,"key":"Art of War"},{"floor":29.0,"key":"Meat on the Bone"},{"floor":40.0,"key":"Dream Catcher"},{"floor":42.0,"key":"Gambling Chip"},{"floor":43.0,"key":"Omamori"},{"floor":45.0,"key":"Kunai"},{"floor":54.0,"key":"War Paint"}],"event_choices":[{"damage_healed":0.0,"max_hp_gain":0.0,"max_hp_loss":0.0,"gold_gain":0.0,"event_name":"Mushrooms","player_choice":"Fought Mushrooms","floor":7.0,"gold_loss":0.0,"damage_taken":0.0},{"damage_healed":0.0,"max_hp_gain":0.0,"max_hp_loss":0.0,"gold_gain":75.0,"event_name":"FaceTrader","player_choice":"Touch","floor":20.0,"gold_loss":0.0,"damage_taken":7.0},{"damage_healed":0.0,"max_hp_gain":0.0,"max_hp_loss":0.0,"gold_gain":0.0,"event_name":"Back to Basics","player_choice":"Simplicity","floor":22.0,"gold_loss":0.0,"damage_taken":0.0,"cards_upgraded":["Strike_G","Strike_G","Strike_G","Defend_G","Defend_G","Defend_G","Defend_G","Defend_G"]},{"damage_healed":0.0,"max_hp_gain":0.0,"max_hp_loss":0.0,"gold_gain":0.0,"event_name":"Match and Keep!","player_choice":"1 cards matched","floor":39.0,"gold_loss":0.0,"damage_taken":0.0,"cards_obtained":["Corpse Explosion"]},{"damage_healed":0.0,"max_hp_gain":0.0,"max_hp_loss":0.0,"gold_gain":0.0,"event_name":"NoteForYourself","player_choice":"Ignored","floor":44.0,"gold_loss":0.0,"damage_taken":0.0},{"damage_healed":35.0,"max_hp_gain":0.0,"max_hp_loss":0.0,"gold_gain":0.0,"event_name":"MindBloom","player_choice":"Heal","floor":47.0,"gold_loss":0.0,"damage_taken":0.0,"cards_obtained":["Doubt"]},{"cards_removed":["Strike_G"],"damage_healed":0.0,"max_hp_gain":0.0,"max_hp_loss":0.0,"gold_gain":0.0,"event_name":"Falling","player_choice":"Removed Attack","floor":48.0,"gold_loss":0.0,"damage_taken":0.0}],"is_beta":false,"boss_relics":[{"not_picked":["Empty Cage","SlaversCollar"],"picked":"HoveringKite"},{"not_picked":["Ring of the Serpent","Astrolabe"],"picked":"Fusion Hammer"}],"items_purged_floors":[3,13],"is_endless":false,"potions_floor_spawned":[2,5,7,10,12,23,25,27,29,31,33,35,36,38,40,42,45,46,54],"ascension_level":2}}