{"host":"0odppg4bt6vnny3n","time":1613277458,"event":{"mods":["BaseMod","Colored Map","Colored Powertips","Minty Spire (QoL Compilation)","Quick Restart","Relic Stats","Replay The Spire","StSLib"],"gold_per_floor":[115,2,15,27,27,52,52,81,81,114,132,132,26,39,39,138,138,150,150,3,17,17,17,28,45,45,45,71,71],"floor_reached":28,"language":"ZHS","playtime":3431,"items_purged":[],"score":258,"play_id":"03ee3d25-9955-4f9b-9bf9-3928a8a117b8","local_time":"20210214123738","is_ascension_mode":false,"campfire_choices":[{"floor":7,"key":"RECALL"},{"floor":15,"key":"REST"},{"floor":23,"key":"REST"},{"floor":27,"key":"REST"}],"circlet_count":0,"master_deck":["Strike_P","Strike_P","Strike_P","Defend_P","Defend_P","Defend_P","Defend_P","Eruption","Vigilance","Halt","Wireheading","Replay:Anticipation","CutThroughFate","Prostrate+1","ReachHeaven","FlurryOfBlows","Replay:AtTheReady","Devotion","SandsOfTime","SandsOfTime","Replay:ManipulateFuture","Weave","Alpha","FearNoEvil","LikeWater+1","Pray","ClearTheMind","Collect"],"relics":["PureWater","Bag of Preparation","Pocketwatch","Bag of Marbles","Replay:Bronze Core","Art of War","Bottled Tornado","Replay:WaspNest"],"acts_visited":["Exordium","TheCity"],"potions_floor_usage":[],"damage_taken":[{"damage":4,"enemies":"Cultist","floor":1,"turns":5},{"damage":0,"enemies":"Jaw Worm","floor":3,"turns":3},{"damage":4,"enemies":"2 Louse","floor":4,"turns":4},{"damage":18,"enemies":"Lagavulin","floor":6,"turns":9},{"damage":7,"enemies":"Replay:BlueRogue","floor":8,"turns":8},{"damage":4,"enemies":"Lagavulin","floor":10,"turns":5},{"damage":15,"enemies":"Gremlin Gang","floor":11,"turns":7},{"damage":0,"enemies":"Large Slime","floor":14,"turns":2},{"damage":19,"enemies":"Slime Boss","floor":16,"turns":5},{"damage":19,"enemies":"2 Thieves","floor":18,"turns":4},{"damage":12,"enemies":"Shell Parasite","floor":21,"turns":5},{"damage":24,"enemies":"Centurion and Healer","floor":24,"turns":4},{"damage":35,"enemies":"Cultist and Chosen","floor":25,"turns":5},{"damage":30,"enemies":"Replay:Snechameleon","floor":28,"turns":7}],"seed_played":"1062744637639747789","potions_obtained":[{"floor":3,"key":"LifebloodPotion"},{"floor":6,"key":"CultistPotion"},{"floor":11,"key":"LiquidMemories"}],"is_trial":false,"path_per_floor":["M","$","M","M","?","E","R","E","T","E","M","?","$","M","R","B",null,"M","?","$","M","$","R","M","M","T","R","E"],"character_chosen":"WATCHER","items_purchased":["Wireheading","Replay:Anticipation","SandsOfTime","Replay:ManipulateFuture","Art of War"],"campfire_rested":3,"item_purchase_floors":[2,2,13,13,20],"current_hp_per_floor":[75,75,75,71,71,53,53,46,46,42,27,53,53,53,76,57,79,60,60,60,48,48,71,47,12,12,35,5,5],"gold":71,"neow_bonus":"TEN_PERCENT_HP_BONUS","is_daily":false,"chose_seed":false,"campfire_upgraded":0,"win_rate":0.0,"timestamp":1613277458,"path_taken":["M","$","M","?","?","E","R","E","T","E","M","?","$","M","R","BOSS","M","?","$","M","$","R","M","?","T","R","E"],"items_purchased_type":["Card","Card","Card","Card","Relic"],"build_version":"2020-12-22","purchased_purges":0,"victory":false,"max_hp_per_floor":[79,79,79,79,79,79,79,79,79,79,79,79,79,79,79,79,79,79,79,79,79,79,79,79,79,79,79,79,79],"relic_stats":{"counters":[14,73],"Bag of Preparation":[20],"Art of War":[6],"obtain_stats":[{"Replay:Bronze Core":17,"Replay:WaspNest":28,"Bag of Preparation":6,"Bag of Marbles":10,"Art of War":20,"PureWater":0,"Bottled Tornado":26,"Pocketwatch":8},{"Replay:Bronze Core":9,"Replay:WaspNest":14,"Bag of Preparation":4,"Bag of Marbles":6,"Art of War":10,"PureWater":0,"Bottled Tornado":13,"Pocketwatch":5},{"Replay:Bronze Core":48,"Replay:WaspNest":73,"Bag of Preparation":21,"Bag of Marbles":34,"Art of War":52,"PureWater":0,"Bottled Tornado":66,"Pocketwatch":29}],"Pocketwatch":[28]},"card_choices":[{"not_picked":["Crescendo","Replay:Cycle"],"picked":"Halt","floor":1},{"not_picked":["Swivel","JustLucky"],"picked":"CutThroughFate","floor":3},{"not_picked":["EmptyBody","EmptyMind"],"picked":"Prostrate","floor":4},{"not_picked":["Replay:BluntJabs","WheelKick"],"picked":"ReachHeaven","floor":6},{"not_picked":["JustLucky","Wallop"],"picked":"FlurryOfBlows","floor":8},{"not_picked":["Wallop","WaveOfTheHand"],"picked":"Replay:AtTheReady","floor":10},{"not_picked":["FollowUp","Consecrate"],"picked":"Devotion","floor":11},{"not_picked":["BowlingBash","FlurryOfBlows"],"picked":"Weave","floor":14},{"not_picked":["Replay:LoomingThreat","Judgement"],"picked":"Alpha","floor":16},{"not_picked":["Replay:BluntJabs+1","Replay:AtTheReady"],"picked":"FearNoEvil","floor":18},{"not_picked":["Evaluate","EmptyBody"],"picked":"LikeWater+1","floor":21},{"not_picked":["Weave","WaveOfTheHand"],"picked":"Pray","floor":24},{"not_picked":["Fasting2+1","FlyingSleeves"],"picked":"ClearTheMind","floor":25},{"not_picked":["Scrawl","FollowUp"],"picked":"Collect","floor":28}],"player_experience":15663,"relics_obtained":[{"floor":6,"key":"Bag of Preparation"},{"floor":8,"key":"Pocketwatch"},{"floor":10,"key":"Bag of Marbles"},{"floor":26,"key":"Bottled Tornado"},{"floor":28,"key":"Replay:WaspNest"}],"event_choices":[{"damage_healed":0,"gold_gain":0,"player_choice":"Grow","damage_taken":0,"max_hp_gain":0,"max_hp_loss":0,"event_name":"Living Wall","floor":5,"gold_loss":0,"cards_upgraded":["Prostrate"]},{"damage_healed":26,"gold_gain":0,"player_choice":"Banana","damage_taken":0,"max_hp_gain":0,"max_hp_loss":0,"event_name":"Big Fish","floor":12,"gold_loss":0},{"cards_removed":["Strike_P"],"damage_healed":0,"gold_gain":0,"player_choice":"Purged","damage_taken":0,"max_hp_gain":0,"max_hp_loss":0,"event_name":"Purifier","floor":19,"gold_loss":0}],"is_beta":false,"boss_relics":[{"not_picked":["Coffee Dripper","Kintsugi"],"picked":"Replay:Bronze Core"}],"items_purged_floors":[],"is_endless":false,"potions_floor_spawned":[3,6,11,16,18,24],"killed_by":"Replay:Snechameleon","ascension_level":0}}