{"host":"6dypmz777xraikqf","time":1613317047,"event":{"mods":["AchievementEnabler","BaseMod","BetterRewards","Colored Map","Colored Powertips","Downfall","Highlight Path","Hubris","Infinite Spire","Minty Spire (QoL Compilation)","Replay The Spire","StSLib"],"gold_per_floor":[110,126,193,212,212,224,251,271,571,229,229,249,249,2,2,74,74,90,90,90,104,114,114,142,142,142,142,152,152,167,198,198,272,272,288,151,171,187,204,229,229,247,271,287,287,312,312,328,328,328],"floor_reached":51,"language":"ENG","playtime":2983,"items_purged":["Strike_R","Flex"],"score":1047,"play_id":"deeef97e-0978-47f1-ad62-09cf1c0243ed","local_time":"20210214153727","is_ascension_mode":true,"campfire_choices":[{"floor":11,"key":"REST"},{"floor":13,"key":"REST"},{"floor":15,"key":"REST"},{"data":"Rupture","floor":23,"key":"SMITH"},{"floor":25,"key":"REST"},{"floor":27,"key":"REST"},{"data":"Rupture","floor":29,"key":"SMITH"},{"data":"Heavy Blade","floor":32,"key":"SMITH"},{"floor":41,"key":"REST"},{"data":"Shrug It Off","floor":45,"key":"SMITH"},{"data":"Flame Barrier","floor":49,"key":"SMITH"}],"circlet_count":0,"master_deck":["AscendersBane","Strike_R+1","Strike_R+1","Strike_R+1","Strike_R+1","Defend_R+1","Defend_R+1","Defend_R+1","Defend_R+1","Bash","Heavy Blade+1","Impervious","Rupture+1","Bloodletting","Flame Barrier+1","Shrug It Off+1","Hemokinesis","Reaper+1","infinitespire:Collect","Rupture+1","Replay:Many Hands+1","Pommel Strike+1","Inflame+1","Hemokinesis+1","Berserk+1","Shrug It Off+1","Parasite","Heavy Blade+1","Burning Pact+1","Shrug It Off+1","Massacre+1","Limit Break+1","Disarm+1"],"relics":["hubris:Stopwatch","infinitespire:PuzzleCube","Magic Flower","Old Coin","Membership Card","Anchor","hubris:SlimyHat","Oddly Smooth Stone","Golden Egg","Replay:Bronze Core","Chemical X","TungstenRod","Molten Egg 2","hubris:BottledRain","hubris:VirtuousBlindfold","DollysMirror","Toxic Egg 2","King of Hearts","Strawberry"],"acts_visited":["Exordium","TheCity","TheBeyond"],"potions_floor_usage":[7,7,16],"damage_taken":[{"damage":10,"enemies":"2 Louse","floor":1,"turns":3},{"damage":1,"enemies":"Cultist","floor":2,"turns":3},{"damage":4,"enemies":"Jaw Worm","floor":4,"turns":5},{"damage":7,"enemies":"Exordium Wildlife","floor":6,"turns":5},{"damage":42,"enemies":"Replay:BlueRogue","floor":7,"turns":8},{"damage":3,"enemies":"Large Slime","floor":8,"turns":6},{"damage":6,"enemies":"2 Fungi Beasts","floor":12,"turns":4},{"damage":36,"enemies":"The Guardian","floor":16,"turns":12},{"damage":5,"enemies":"Spheric Guardian","floor":18,"turns":5},{"damage":6,"enemies":"Shell Parasite","floor":21,"turns":5},{"damage":9,"enemies":"Centurion and Healer","floor":22,"turns":5},{"damage":28,"enemies":"Book of Stabbing","floor":24,"turns":5},{"damage":11,"enemies":"Snake Plant","floor":28,"turns":4},{"damage":13,"enemies":"Shelled Parasite and Fungi","floor":30,"turns":6},{"damage":11,"enemies":"Replay:Snechameleon","floor":31,"turns":8},{"damage":9,"enemies":"Automaton","floor":33,"turns":6},{"damage":3,"enemies":"Orb Walker","floor":35,"turns":3},{"damage":13,"enemies":"3 Darklings","floor":37,"turns":6},{"damage":18,"enemies":"Writhing Mass","floor":38,"turns":6},{"damage":13,"enemies":"Sphere and 2 Shapes","floor":39,"turns":3},{"damage":21,"enemies":"Giant Head","floor":40,"turns":6},{"damage":16,"enemies":"3 Darklings","floor":42,"turns":6},{"damage":15,"enemies":"Spire Growth","floor":44,"turns":4},{"damage":0,"enemies":"Nightmare","floor":46,"turns":1},{"damage":8,"enemies":"Maw","floor":48,"turns":6},{"damage":0,"enemies":"Replay:Hell Engine","floor":50,"turns":1}],"seed_played":"7631898053779936705","potions_obtained":[{"floor":3,"key":"Venom Potion"},{"floor":3,"key":"SneckoOil"},{"floor":5,"key":"bronze:BurnAndBuffPotion"},{"floor":8,"key":"DistilledChaos"},{"floor":12,"key":"Swift Potion"},{"floor":21,"key":"Fire Potion"},{"floor":24,"key":"infinitespire:BlackPotion"}],"is_trial":false,"path_per_floor":["M","M","?","M","?","M","E","M","T","$","R","M","R","$","R","B",null,"M","AVR","?","M","M","R","E","R","T","R","M","R","M","E","R","B",null,"M","$","M","M","M","E","R","M","T","M","R","NM","?","M","R","B",null],"character_chosen":"IRONCLAD","items_purchased":["Membership Card","Anchor","hubris:SlimyHat","Hemokinesis","Oddly Smooth Stone","Golden Egg","DollysMirror","Shrug It Off"],"campfire_rested":6,"item_purchase_floors":[10,10,10,14,14,14,36,36],"current_hp_per_floor":[58,57,57,53,53,46,4,1,1,1,23,17,39,39,61,25,63,58,58,58,52,43,43,15,37,37,59,48,48,55,44,44,35,65,62,62,49,58,45,24,46,74,74,59,59,66,66,58,58,58],"gold":328,"neow_bonus":"BOSS_RELIC","is_daily":false,"chose_seed":false,"campfire_upgraded":5,"win_rate":0.0,"timestamp":1613317047,"path_taken":["M","M","?","?","?","?","E","M","T","$","R","M","R","$","R","BOSS","M","AVR","?","M","M","R","E","R","T","R","M","R","M","E","R","BOSS","M","$","M","M","M","E","R","M","T","M","R","NM","?","M","R","BOSS"],"items_purchased_type":["Relic","Relic","Relic","Card","Relic","Relic","Relic","Card"],"build_version":"2020-12-22","purchased_purges":2,"victory":true,"max_hp_per_floor":[75,75,75,75,75,75,75,75,75,75,75,75,75,75,75,75,75,75,75,75,75,75,75,75,75,75,75,75,75,75,75,75,75,75,75,75,75,75,75,75,75,75,75,75,75,82,78,78,78,78],"card_choices":[{"not_picked":["hubris:ReadiedAction","Armaments"],"picked":"Heavy Blade","floor":1},{"not_picked":["Intimidate","Dark Embrace"],"picked":"Flex","floor":2},{"not_picked":["Run Through","Thunderclap"],"picked":"Impervious","floor":4},{"not_picked":["Havoc","Headbutt"],"picked":"Rupture","floor":6},{"not_picked":["Pummel","Run Through"],"picked":"Bloodletting","floor":7},{"not_picked":["Burning Pact","ReplayReversal"],"picked":"Flame Barrier","floor":8},{"not_picked":["Feel No Pain","Run Through"],"picked":"Shrug It Off","floor":12},{"not_picked":["Replay:Many Hands","Eclipse"],"picked":"Reaper","floor":16},{"not_picked":["Thunderclap","Clash","Havoc"],"picked":"SKIP","floor":18},{"not_picked":["Twin Strike","Searing Blow"],"picked":"Rupture","floor":21},{"not_picked":["Pommel Strike","ReplayTheSpireMod:Limb From Limb"],"picked":"Replay:Many Hands","floor":22},{"not_picked":["True Grit","hubris:ReadiedAction","Cleave"],"picked":"SKIP","floor":24},{"not_picked":["Wild Strike+1","Seeing Red"],"picked":"Pommel Strike+1","floor":28},{"not_picked":["ReplayTheSpireMod:Limb From Limb+1","Sever Soul+1"],"picked":"Inflame+1","floor":30},{"not_picked":["Shrug It Off","Entrench"],"picked":"Hemokinesis+1","floor":31},{"not_picked":["Fiend Fire+1","Immolate+1"],"picked":"Berserk","floor":33},{"not_picked":["Havoc","True Grit","Dark Embrace"],"picked":"SKIP","floor":35},{"not_picked":["Havoc","True Grit","Dark Embrace"],"picked":"SKIP","floor":35},{"not_picked":["Perfected Strike+1","Armaments","hubris:SharpeningStone"],"picked":"SKIP","floor":37},{"not_picked":["Warcry","Evolve+1"],"picked":"Heavy Blade+1","floor":38},{"not_picked":["Armaments","Cleave+1"],"picked":"Burning Pact+1","floor":39},{"not_picked":["Demon Form","Thunderclap+1"],"picked":"Shrug It Off+1","floor":40},{"not_picked":["Pummel+1","Thunderclap+1"],"picked":"Massacre+1","floor":42},{"not_picked":["hubris:ReadiedAction+1","hubris:SharpeningStone+1","True Grit+1"],"picked":"SKIP","floor":44},{"not_picked":["Rampage+1","Double Tap+1"],"picked":"Limit Break+1","floor":46},{"not_picked":["Fire Breathing+1","Intimidate+1"],"picked":"Disarm+1","floor":48}],"player_experience":226636,"relics_obtained":[{"floor":3,"key":"infinitespire:PuzzleCube"},{"floor":7,"key":"Magic Flower"},{"floor":9,"key":"Old Coin"},{"floor":24,"key":"TungstenRod"},{"floor":26,"key":"Molten Egg 2"},{"floor":31,"key":"hubris:BottledRain"},{"floor":40,"key":"Toxic Egg 2"},{"floor":43,"key":"King of Hearts"},{"floor":46,"key":"Strawberry"}],"event_choices":[{"damage_healed":0,"gold_gain":0,"player_choice":"Got Potions","damage_taken":0,"max_hp_gain":0,"max_hp_loss":0,"event_name":"Lab","floor":5,"gold_loss":0},{"damage_healed":0,"gold_gain":0,"player_choice":"Simplicity","damage_taken":0,"max_hp_gain":0,"max_hp_loss":0,"event_name":"Back to Basics","floor":20,"gold_loss":0,"cards_upgraded":["Strike_R","Strike_R","Strike_R","Strike_R","Defend_R","Defend_R","Defend_R","Defend_R"]},{"damage_healed":0,"gold_gain":0,"player_choice":"Max HP","damage_taken":0,"max_hp_gain":0,"max_hp_loss":4,"event_name":"Winding Halls","floor":47,"gold_loss":0}],"is_beta":false,"boss_relics":[{"not_picked":["Abe\u0027s Treasure","ReplayTheSpireMod:SealedPack"],"picked":"Replay:Bronze Core"},{"not_picked":["Tiny House","infinitespire:Cupcake"],"picked":"hubris:VirtuousBlindfold"}],"items_purged_floors":[10,36],"is_endless":false,"potions_floor_spawned":[8,12,21,24,33,37,38,40,44],"ascension_level":14}}