{"host":"ijtyqc57s6c9mbij","time":1613262617,"event":{"mods":["BaseMod","Colored Map","Jorbs\u0027s Wanderer Trilogy","Minty Spire (QoL Compilation)","StSLib"],"gold_per_floor":[118,134,84,98,117,152,152,152,232,245,245,260,271,446,446,574,574,593,608,628,13,24,24,49,49,49,49,69,69,69,85,85,190,190,205,219,219,269,282,282,313,313,394,409,409,509,528,538,538,538,538,538,24,59,59,59],"floor_reached":55,"language":"ENG","playtime":6493,"items_purged":["Doubt"],"score":773,"play_id":"1b391ffd-03c8-43ff-bc97-96dde2b6acf1","local_time":"20210213163017","is_ascension_mode":false,"campfire_choices":[{"data":"stsjorbsmod:ChatteringStrike","floor":7.0,"key":"SMITH"},{"data":"stsjorbsmod:WeightOfMemory","floor":15.0,"key":"SMITH"},{"data":"stsjorbsmod:Prestidigitation","floor":23,"key":"SMITH"},{"floor":25,"key":"REST"},{"floor":30,"key":"REST"},{"floor":32,"key":"REST"},{"floor":40,"key":"RECALL"},{"floor":49,"key":"REST"},{"data":"stsjorbsmod:DeathThroes","floor":52,"key":"SMITH"}],"circlet_count":0,"master_deck":["stsjorbsmod:ForbiddenGrimoire+1","stsjorbsmod:Strike_Wanderer","stsjorbsmod:Strike_Wanderer","stsjorbsmod:Strike_Wanderer","stsjorbsmod:Defend_Wanderer","stsjorbsmod:Defend_Wanderer","stsjorbsmod:Defend_Wanderer","stsjorbsmod:Defend_Wanderer","stsjorbsmod:FreshAdventure","stsjorbsmod:EyeOfTheStorm","stsjorbsmod:ChatteringStrike+1","stsjorbsmod:Counterspell+1","stsjorbsmod:ScorchingRay","stsjorbsmod:PurgeMind","stsjorbsmod:Thorns","stsjorbsmod:WanderingMind+1","stsjorbsmod:WeightOfMemory+1","stsjorbsmod:SmithingStrike","stsjorbsmod:SiphonEnergy+1","stsjorbsmod:Mania+1","stsjorbsmod:DoubleCheck+1","stsjorbsmod:Prestidigitation+1","Deep Breath+1","stsjorbsmod:LocateObject+1","Clumsy","Writhe","stsjorbsmod:FranticSearch+1","stsjorbsmod:Rest+1","stsjorbsmod:DeathThroes+1","stsjorbsmod:Inferno+1","stsjorbsmod:ChainLightning+1","Madness+1","Madness+1","stsjorbsmod:DisguiseSelf+1","stsjorbsmod:Aid+1","Injury","Pain","stsjorbsmod:Index+1","stsjorbsmod:SchoolsOfMagic+1","stsjorbsmod:DisguiseSelf+1","stsjorbsmod:BookOfTongues","stsjorbsmod:Hurt+1"],"relics":["stsjorbsmod:GrimoireRelic","Dead Branch","Toxic Egg 2","Cursed Key","Frozen Eye","Oddly Smooth Stone","Orichalcum","MealTicket","Mercury Hourglass","InkBottle","Snecko Eye","Calipers","Centennial Puzzle","Gambling Chip","Bottled Tornado","OrangePellets","Bag of Marbles"],"acts_visited":["Exordium","TheCity","TheBeyond","TheEnding"],"potions_floor_usage":[24,24,36,50,50,50,54,55],"damage_taken":[{"damage":3.0,"enemies":"2 Louse","floor":1.0,"turns":3.0},{"damage":1.0,"enemies":"Cultist","floor":2.0,"turns":3.0},{"damage":0.0,"enemies":"Jaw Worm","floor":4.0,"turns":3.0},{"damage":2.0,"enemies":"3 Louse","floor":5.0,"turns":4.0},{"damage":22.0,"enemies":"Gremlin Nob","floor":6.0,"turns":4.0},{"damage":2.0,"enemies":"Looter","floor":10.0,"turns":3.0},{"damage":18.0,"enemies":"Large Slime","floor":12.0,"turns":7.0},{"damage":0.0,"enemies":"Blue Slaver","floor":13.0,"turns":3.0},{"damage":11.0,"enemies":"Slime Boss","floor":16.0,"turns":7.0},{"damage":0,"enemies":"Chosen","floor":18,"turns":3},{"damage":16,"enemies":"2 Thieves","floor":19,"turns":4},{"damage":9,"enemies":"Sentry and Sphere","floor":20,"turns":4},{"damage":6,"enemies":"3 Cultists","floor":22,"turns":6},{"damage":43,"enemies":"Slavers","floor":24,"turns":6},{"damage":0,"enemies":"Cultist and Chosen","floor":28,"turns":3},{"damage":21,"enemies":"Snake Plant","floor":31,"turns":3},{"damage":22,"enemies":"Automaton","floor":33,"turns":7},{"damage":3,"enemies":"Orb Walker","floor":35,"turns":2},{"damage":2,"enemies":"3 Shapes","floor":36,"turns":4},{"damage":0,"enemies":"2 Orb Walkers","floor":38,"turns":2},{"damage":0,"enemies":"Jaw Worm Horde","floor":39,"turns":2},{"damage":8,"enemies":"Reptomancer","floor":41,"turns":4},{"damage":5,"enemies":"Maw","floor":44,"turns":5},{"damage":6,"enemies":"3 Darklings","floor":47,"turns":3},{"damage":8,"enemies":"Spire Growth","floor":48,"turns":1},{"damage":61,"enemies":"Donu and Deca","floor":50,"turns":7},{"damage":15,"enemies":"Shield and Spear","floor":54,"turns":4},{"damage":77,"enemies":"The Heart","floor":55,"turns":6}],"seed_played":"-242513880056819860","potions_obtained":[{"floor":4.0,"key":"Dexterity Potion"},{"floor":6.0,"key":"SkillPotion"},{"floor":10.0,"key":"Fire Potion"},{"floor":12.0,"key":"stsjorbsmod:LiquidClarity"},{"floor":19,"key":"Regen Potion"},{"floor":22,"key":"Block Potion"},{"floor":24,"key":"SmokeBomb"},{"floor":31,"key":"Fire Potion"},{"floor":33,"key":"Dexterity Potion"},{"floor":36,"key":"EntropicBrew"},{"floor":41,"key":"ColorlessPotion"}],"is_trial":false,"path_per_floor":["M","M","?","M","M","E","R","?","T","M","?","M","M","?","R","B",null,"M","M","M","$","M","R","E","R","T","?","M","?","R","M","R","B",null,"M","M","?","?","M","R","E","T","T","M","?","?","M","M","R","B",null,"R","$","E","B"],"character_chosen":"WANDERER","items_purchased":["Frozen Eye","Deep Breath+1","Oddly Smooth Stone","Orichalcum","stsjorbsmod:BookOfTongues","Bottled Tornado","OrangePellets","Energy Potion"],"campfire_rested":4,"item_purchase_floors":[21,21,21,21,53,53,53,53],"current_hp_per_floor":[76,76,76,78,78,58,58,58,58,57,57,44,46,46,46,39,78,78,64,60,60,59,59,34,58,58,58,58,43,68,50,75,53,85,83,84,73,76,78,78,73,73,73,70,70,70,66,58,83,24,85,85,85,77,0,0],"gold":59,"neow_bonus":"TEN_PERCENT_HP_BONUS","is_daily":false,"chose_seed":false,"campfire_upgraded":4,"win_rate":0.0,"timestamp":1613262617,"path_taken":["M","M","?","M","M","E","R","?","T","?","?","?","M","?","R","BOSS","M","M","M","$","M","R","E","R","T","?","M","?","R","M","R","BOSS","M","M","?","?","M","R","E","?","T","?","?","?","M","?","R","BOSS","R","$","E","BOSS"],"items_purchased_type":["Relic","Card","Relic","Relic","Card","Relic","Relic","Potion"],"build_version":"2020-12-22","purchased_purges":1,"victory":false,"max_hp_per_floor":[78,78,78,78,78,78,78,78,78,78,78,78,78,78,78,78,78,78,78,80,80,80,80,80,80,80,80,80,85,85,85,85,85,85,85,85,85,85,85,85,85,85,85,85,85,85,85,85,85,85,85,85,85,85,85,85],"card_choices":[{"not_picked":["stsjorbsmod:DisguiseSelf","stsjorbsmod:DoubleCheck"],"picked":"stsjorbsmod:ChatteringStrike","floor":1.0},{"not_picked":["stsjorbsmod:Mending","stsjorbsmod:Hibernate"],"picked":"stsjorbsmod:Counterspell","floor":2.0},{"not_picked":["stsjorbsmod:WeightOfMemory","stsjorbsmod:DoubleCheck"],"picked":"stsjorbsmod:ScorchingRay","floor":4.0},{"not_picked":["stsjorbsmod:MagicMissiles","stsjorbsmod:BlackTentacles"],"picked":"stsjorbsmod:PurgeMind","floor":5.0},{"not_picked":["stsjorbsmod:ParryingBlow","stsjorbsmod:Hibernate"],"picked":"stsjorbsmod:Thorns","floor":6.0},{"not_picked":["stsjorbsmod:Stalwart+1","stsjorbsmod:Prepare+1"],"picked":"stsjorbsmod:WanderingMind+1","floor":10.0},{"not_picked":["stsjorbsmod:Prepare+1","stsjorbsmod:TollTheDead"],"picked":"stsjorbsmod:WeightOfMemory","floor":12.0},{"not_picked":["stsjorbsmod:Index+1","stsjorbsmod:TinyHut"],"picked":"stsjorbsmod:SmithingStrike","floor":13.0},{"not_picked":["stsjorbsmod:Fireball","stsjorbsmod:Entangle"],"picked":"stsjorbsmod:SiphonEnergy+1","floor":16.0},{"not_picked":["stsjorbsmod:LocateObject+1","stsjorbsmod:Introspection"],"picked":"stsjorbsmod:Mania+1","floor":18},{"not_picked":["stsjorbsmod:LoseGrip+1","stsjorbsmod:Introspection+1"],"picked":"stsjorbsmod:DoubleCheck+1","floor":19},{"not_picked":["stsjorbsmod:MistyStep+1","stsjorbsmod:RayOfFrost+1"],"picked":"stsjorbsmod:Prestidigitation","floor":20},{"not_picked":["stsjorbsmod:Index+1","stsjorbsmod:WeightOfMemory"],"picked":"stsjorbsmod:LocateObject+1","floor":22},{"not_picked":["stsjorbsmod:AnimateObjects+1","stsjorbsmod:BlackTentacles"],"picked":"stsjorbsmod:FracturedMind+1","floor":24},{"not_picked":["stsjorbsmod:BlackTentacles","stsjorbsmod:ArcaneWeapon+1"],"picked":"stsjorbsmod:FranticSearch+1","floor":28},{"not_picked":["stsjorbsmod:ArcaneWeapon","stsjorbsmod:BurningFlask+1"],"picked":"stsjorbsmod:Rest+1","floor":31},{"not_picked":["stsjorbsmod:Trauma","stsjorbsmod:Fireball"],"picked":"stsjorbsmod:DeathThroes","floor":33},{"not_picked":["stsjorbsmod:SmithingStrike+1","stsjorbsmod:WeightOfMemory+1"],"picked":"stsjorbsmod:Inferno+1","floor":35},{"not_picked":["stsjorbsmod:ChatteringStrike+1","stsjorbsmod:UnseenServant+1"],"picked":"stsjorbsmod:ChainLightning+1","floor":36},{"not_picked":["stsjorbsmod:Firebolt+1","stsjorbsmod:Counterspell+1"],"picked":"stsjorbsmod:DisguiseSelf+1","floor":38},{"not_picked":["stsjorbsmod:ScorchingRay+1","stsjorbsmod:BlackTentacles+1","stsjorbsmod:ChatteringStrike"],"picked":"SKIP","floor":39},{"not_picked":["stsjorbsmod:Firebolt","stsjorbsmod:FranticSearch+1"],"picked":"stsjorbsmod:Aid+1","floor":41},{"not_picked":["stsjorbsmod:ArcaneWeapon+1","stsjorbsmod:Entangle"],"picked":"stsjorbsmod:Index+1","floor":44},{"not_picked":["stsjorbsmod:Index+1","stsjorbsmod:Inferno+1"],"picked":"stsjorbsmod:SchoolsOfMagic+1","floor":47},{"not_picked":["stsjorbsmod:FracturedMind+1","stsjorbsmod:ChatteringStrike"],"picked":"stsjorbsmod:DisguiseSelf+1","floor":48},{"not_picked":["stsjorbsmod:BurningFlask+1","stsjorbsmod:RefuseToForget+1"],"picked":"stsjorbsmod:Hurt+1","floor":54}],"player_experience":850332,"relics_obtained":[{"floor":6.0,"key":"Dead Branch"},{"floor":9.0,"key":"Toxic Egg 2"},{"floor":24,"key":"MealTicket"},{"floor":26,"key":"Mercury Hourglass"},{"floor":38,"key":"Calipers"},{"floor":41,"key":"Centennial Puzzle"},{"floor":42,"key":"Gambling Chip"},{"floor":54,"key":"Bag of Marbles"}],"event_choices":[{"cards_removed":["stsjorbsmod:Strike_Wanderer"],"damage_healed":0.0,"max_hp_gain":0.0,"max_hp_loss":0.0,"gold_gain":0.0,"event_name":"The Cleric","player_choice":"Card Removal","floor":3.0,"gold_loss":50.0,"damage_taken":0.0},{"damage_healed":0.0,"max_hp_gain":0.0,"max_hp_loss":0.0,"gold_gain":0.0,"event_name":"Wheel of Change","player_choice":"Cursed","floor":8.0,"gold_loss":0.0,"damage_taken":0.0,"cards_obtained":["Decay"]},{"cards_removed":["Decay"],"damage_healed":0.0,"max_hp_gain":0.0,"max_hp_loss":0.0,"gold_gain":0.0,"event_name":"Purifier","player_choice":"Purged","floor":11.0,"gold_loss":0.0,"damage_taken":0.0},{"damage_healed":0.0,"max_hp_gain":0.0,"max_hp_loss":0.0,"gold_gain":175.0,"event_name":"Liars Game","player_choice":"AGREE","floor":14.0,"gold_loss":0.0,"damage_taken":0.0,"cards_obtained":["Doubt"]},{"damage_healed":0,"gold_gain":0,"player_choice":"Opened","damage_taken":0,"relics_obtained":["InkBottle"],"max_hp_gain":0,"max_hp_loss":0,"event_name":"The Mausoleum","floor":27,"gold_loss":0,"cards_obtained":["Writhe"]},{"damage_healed":0,"gold_gain":0,"player_choice":"Shed Blood","damage_taken":20,"max_hp_gain":5,"max_hp_loss":0,"event_name":"Forgotten Altar","floor":29,"gold_loss":0},{"damage_healed":0,"gold_gain":0,"player_choice":"Embrace Madness","damage_taken":11,"max_hp_gain":0,"max_hp_loss":0,"event_name":"Winding Halls","floor":37,"gold_loss":0,"cards_obtained":["Madness","Madness"]},{"damage_healed":0,"gold_gain":0,"player_choice":"Fight","damage_taken":0,"max_hp_gain":0,"max_hp_loss":0,"event_name":"Mysterious Sphere","floor":38,"gold_loss":0},{"cards_removed":["stsjorbsmod:FracturedMind"],"damage_healed":0,"gold_gain":0,"player_choice":"Removed Attack","damage_taken":0,"max_hp_gain":0,"max_hp_loss":0,"event_name":"Falling","floor":45,"gold_loss":0},{"damage_healed":0,"gold_gain":100,"player_choice":"Pray","damage_taken":0,"max_hp_gain":0,"max_hp_loss":0,"event_name":"Golden Shrine","floor":46,"gold_loss":0}],"is_beta":false,"boss_relics":[{"not_picked":["SlaversCollar","SacredBark"],"picked":"Cursed Key"},{"not_picked":["Black Star","Runic Dome"],"picked":"Snecko Eye"}],"items_purged_floors":[21],"is_endless":false,"potions_floor_spawned":[4,6,10,12,19,22,24,31,33,36,41,48],"killed_by":"The Heart","ascension_level":0}}