{"host":"x52zk6e1f2bye2h7","time":1613330581,"event":{"mods":["AchievementEnabler","BaseMod","Highlight Path","Minty Spire (QoL Compilation)","everything is the same but u backflip on backflip"],"gold_per_floor":[365,239,253,328,340,340,356,356,379,396,396,408,423,423,423,523,523,533,533,458,476,303,303,329,355,355,372,385,401,401,401,401],"floor_reached":31,"language":"ENG","playtime":645,"items_purged":["Strike_P","Vigilance"],"score":286,"play_id":"0e206317-18f6-47ab-a740-7642f3267bea","local_time":"20210214192301","is_ascension_mode":true,"campfire_choices":[{"data":"PathToVictory","floor":6,"key":"SMITH"},{"floor":8,"key":"REST"},{"data":"PathToVictory","floor":11,"key":"SMITH"},{"data":"PathToVictory","floor":15,"key":"SMITH"},{"data":"PathToVictory","floor":23,"key":"SMITH"}],"circlet_count":0,"master_deck":["Strike_P","Strike_P","Defend_P","Defend_P","Defend_P","Defend_P","PathToVictory+1","PathToVictory+1","PathToVictory+1","PathToVictory+1"],"relics":["PureWater"],"acts_visited":["Exordium","TheCity"],"potions_floor_usage":[12,16,16,24,29,31,31],"damage_taken":[{"damage":0,"enemies":"2 Louse","floor":1,"turns":2},{"damage":0,"enemies":"Cultist","floor":3,"turns":2},{"damage":1,"enemies":"Jaw Worm","floor":5,"turns":4},{"damage":0,"enemies":"Large Slime","floor":7,"turns":3},{"damage":7,"enemies":"Blue Slaver","floor":10,"turns":4},{"damage":9,"enemies":"Gremlin Gang","floor":12,"turns":3},{"damage":3,"enemies":"Exordium Wildlife","floor":13,"turns":3},{"damage":15,"enemies":"Slime Boss","floor":16,"turns":10},{"damage":5,"enemies":"Spheric Guardian","floor":18,"turns":3},{"damage":15,"enemies":"2 Thieves","floor":21,"turns":3},{"damage":17,"enemies":"Slavers","floor":24,"turns":3},{"damage":10,"enemies":"Snecko","floor":27,"turns":3},{"damage":10,"enemies":"Centurion and Healer","floor":28,"turns":3},{"damage":0,"enemies":"Shelled Parasite and Fungi","floor":29,"turns":1},{"damage":11,"enemies":"Snake Plant","floor":31,"turns":1}],"seed_played":"-9011647740079799080","potions_obtained":[{"floor":1,"key":"DistilledChaos"},{"floor":5,"key":"SpeedPotion"},{"floor":10,"key":"Weak Potion"},{"floor":13,"key":"EssenceOfSteel"},{"floor":18,"key":"DuplicationPotion"},{"floor":28,"key":"SneckoOil"},{"floor":29,"key":"Fire Potion"}],"is_trial":false,"path_per_floor":["M","$","M","?","M","R","M","R","T","M","R","M","M","?","R","B",null,"M","?","?","M","$","R","E","T","T","M","M","M","?","M"],"character_chosen":"WATCHER","items_purchased":["PathToVictory","DuplicationPotion"],"campfire_rested":1,"item_purchase_floors":[2,22],"current_hp_per_floor":[65,65,65,59,58,58,58,65,65,58,58,49,46,46,46,31,65,60,60,60,45,45,45,28,28,28,18,8,8,8,0,0],"gold":401,"neow_bonus":"TWO_FIFTY_GOLD","is_daily":false,"chose_seed":false,"campfire_upgraded":4,"win_rate":0.0,"timestamp":1613330581,"path_taken":["M","$","M","?","M","R","M","R","T","?","R","M","M","?","R","BOSS","M","?","?","M","$","R","E","?","T","M","?","M","?","M"],"items_purchased_type":["Card","Potion"],"build_version":"2020-12-22","purchased_purges":2,"victory":false,"max_hp_per_floor":[65,65,65,65,65,65,65,65,65,65,65,65,65,65,65,65,65,65,65,65,65,65,65,65,65,65,65,65,65,65,65,65],"card_choices":[{"not_picked":["WindmillStrike","EmptyBody","SashWhip"],"picked":"SKIP","floor":1},{"not_picked":["Meditate","BattleHymn","FollowUp"],"picked":"SKIP","floor":3},{"not_picked":["Evaluate","ClearTheMind","Brilliance"],"picked":"SKIP","floor":5},{"not_picked":["FlurryOfBlows","BowlingBash","Halt"],"picked":"SKIP","floor":7},{"not_picked":["CutThroughFate","Protect"],"picked":"PathToVictory","floor":10},{"not_picked":["Crescendo","EmptyFist"],"picked":"PathToVictory","floor":12},{"not_picked":["Prostrate","SashWhip","PathToVictory"],"picked":"SKIP","floor":13},{"not_picked":["Prostrate","SashWhip"],"picked":"PathToVictory","floor":13},{"not_picked":["Nirvana+1","Crescendo","Prostrate"],"picked":"SKIP","floor":18},{"not_picked":["Sanctity+1","Weave","Collect"],"picked":"SKIP","floor":21},{"not_picked":["DeceiveReality","ThirdEye","Evaluate+1"],"picked":"SKIP","floor":24},{"not_picked":["Vengeance+1","SashWhip","Halt"],"picked":"SKIP","floor":27},{"not_picked":["Indignation","EmptyMind","ThirdEye"],"picked":"SKIP","floor":28},{"not_picked":["ClearTheMind","Adaptation","Weave"],"picked":"SKIP","floor":29}],"player_experience":123700,"relics_obtained":[],"event_choices":[{"damage_healed":0,"gold_gain":75,"player_choice":"Touch","damage_taken":6,"max_hp_gain":0,"max_hp_loss":0,"event_name":"FaceTrader","floor":4,"gold_loss":0},{"damage_healed":0,"gold_gain":0,"player_choice":"Searched \u00270\u0027 times","damage_taken":0,"max_hp_gain":0,"max_hp_loss":0,"event_name":"Dead Adventurer","floor":14,"gold_loss":0},{"cards_removed":["Eruption"],"damage_healed":0,"gold_gain":0,"player_choice":"Elegance","damage_taken":0,"max_hp_gain":0,"max_hp_loss":0,"event_name":"Back to Basics","floor":19,"gold_loss":0},{"cards_removed":["Strike_P"],"damage_healed":0,"gold_gain":0,"player_choice":"Gave Gold","damage_taken":0,"max_hp_gain":0,"max_hp_loss":0,"event_name":"Beggar","floor":20,"gold_loss":75},{"damage_healed":0,"gold_gain":0,"player_choice":"Ignored","damage_taken":0,"max_hp_gain":0,"max_hp_loss":0,"event_name":"Ghosts","floor":30,"gold_loss":0}],"is_beta":false,"boss_relics":[{"not_picked":["Calling Bell","Tiny House","Runic Pyramid"]}],"items_purged_floors":[2,22],"is_endless":false,"potions_floor_spawned":[1,5,10,13,18,28,29],"killed_by":"Snake Plant","ascension_level":1}}