{"host":"xw7092rw7wabncmm","time":1613270452,"event":{"mods":["AchievementEnabler","BaseMod","Bestiary","Block Reminder","Minty Spire (QoL Compilation)","Quick Restart","Relic Stats","Slay-I","Weighted Paths"],"gold_per_floor":[15,30,30,105,121,151,151,185,185,185,185,185],"floor_reached":11,"language":"ENG","playtime":367,"items_purged":[],"score":122,"play_id":"60927aac-cbbd-4cbb-ad9f-d7add160e7b6","local_time":"20210213214052","is_ascension_mode":true,"campfire_choices":[{"data":"Hyperbeam","floor":7,"key":"SMITH"}],"circlet_count":0,"master_deck":["AscendersBane","Strike_B","Strike_B","Strike_B","Strike_B","Defend_B","Defend_B","Defend_B","Defend_B","Zap","Hyperbeam+1","Leap","Steam","Fusion","Beam Cell","Reinforced Body","Steam"],"relics":["Cracked Core","Nunchaku","Pantograph","DataDisk","Juzu Bracelet"],"acts_visited":["Exordium"],"potions_floor_usage":[6,8,8],"damage_taken":[{"damage":1,"enemies":"Cultist","floor":1,"turns":3},{"damage":3,"enemies":"Jaw Worm","floor":2,"turns":3},{"damage":0,"enemies":"Small Slimes","floor":5,"turns":1},{"damage":32,"enemies":"Gremlin Nob","floor":6,"turns":4},{"damage":6,"enemies":"Lagavulin","floor":8,"turns":4},{"damage":32,"enemies":"Gremlin Nob","floor":11,"turns":3}],"seed_played":"9062709255870488154","potions_obtained":[{"floor":1,"key":"Explosive Potion"},{"floor":5,"key":"SpeedPotion"},{"floor":6,"key":"ColorlessPotion"}],"is_trial":false,"path_per_floor":["M","M","?","?","M","E","R","E","T","?","E"],"character_chosen":"DEFECT","items_purchased":[],"campfire_rested":0,"item_purchase_floors":[],"current_hp_per_floor":[67,64,64,53,53,21,21,15,15,12,0,0],"gold":185,"neow_bonus":"THREE_RARE_CARDS","is_daily":false,"chose_seed":false,"campfire_upgraded":1,"win_rate":0.0,"timestamp":1613270452,"path_taken":["M","M","?","?","M","E","R","E","T","?","E"],"items_purchased_type":[],"build_version":"2020-12-22","purchased_purges":0,"victory":false,"max_hp_per_floor":[75,75,75,75,75,75,75,75,75,75,75,75],"relic_stats":{"Nunchaku":[1],"counters":[6,18],"Pantograph":0,"Juzu Bracelet":0,"obtain_stats":[{"Nunchaku":6,"DataDisk":9,"Pantograph":8,"Juzu Bracelet":10,"Cracked Core":0},{"Nunchaku":4,"DataDisk":5,"Pantograph":5,"Juzu Bracelet":5,"Cracked Core":0},{"Nunchaku":11,"DataDisk":15,"Pantograph":15,"Juzu Bracelet":15,"Cracked Core":0}]},"card_choices":[{"not_picked":["Seek","Thunder Strike"],"picked":"Hyperbeam","floor":0},{"not_picked":["Consume","Rip and Tear"],"picked":"Leap","floor":1},{"not_picked":["Stack","Double Energy"],"picked":"Steam","floor":2},{"not_picked":["White Noise","Reprogram"],"picked":"Beam Cell","floor":5},{"not_picked":["Lockon","Blizzard"],"picked":"Reinforced Body","floor":6},{"not_picked":["Sunder","Force Field"],"picked":"Steam","floor":8}],"player_experience":1641214,"relics_obtained":[{"floor":6,"key":"Nunchaku"},{"floor":8,"key":"Pantograph"},{"floor":9,"key":"DataDisk"}],"event_choices":[{"damage_healed":0,"gold_gain":0,"cards_transformed":["Dualcast"],"player_choice":"Change","damage_taken":0,"max_hp_gain":0,"max_hp_loss":0,"event_name":"Living Wall","floor":3,"gold_loss":0,"cards_obtained":["Fusion"]},{"damage_healed":0,"gold_gain":75,"player_choice":"Gather Gold","damage_taken":11,"max_hp_gain":0,"max_hp_loss":0,"event_name":"World of Goop","floor":4,"gold_loss":0},{"damage_healed":0,"gold_gain":0,"player_choice":"Success","damage_taken":3,"relics_obtained":["Juzu Bracelet"],"max_hp_gain":0,"max_hp_loss":0,"event_name":"Scrap Ooze","floor":10,"gold_loss":0}],"is_beta":false,"boss_relics":[],"items_purged_floors":[],"is_endless":false,"potions_floor_spawned":[1,5,6],"killed_by":"Gremlin Nob","ascension_level":10}}