{"host":"iphsb0ccnjx0pfn6","time":1613288848,"event":{"mods":["2.2 Compatiblity","AchievementEnabler","BaseMod","Colored Map","DeckTracker","Keyboard Shortcuts","Minty Spire (QoL Compilation)","Permanent Neow","Quick Restart","Relic Stats","StSLib","SuperFastMode","Uncapped","everything is the same but u backflip on backflip"],"gold_per_floor":[113,131,142,142,142,142,173,173,173,195,270,270,270],"floor_reached":12,"language":"KOR","playtime":247,"items_purged":[],"score":156,"play_id":"d140c0fe-8c28-488f-b673-f19d91434a05","local_time":"20210214164728","is_ascension_mode":true,"campfire_choices":[{"data":"After Image","floor":6,"key":"SMITH"},{"floor":8,"key":"REST"}],"circlet_count":0,"master_deck":["AscendersBane","Strike_G","Strike_G","Strike_G","Strike_G","Strike_G","Defend_G","Defend_G","Defend_G","Defend_G","Defend_G","Survivor","Neutralize","A Thousand Cuts","Caltrops","Crippling Poison","After Image+1","Calculated Gamble","Well Laid Plans"],"relics":["Ring of the Snake","Shuriken","CeramicFish"],"acts_visited":[],"potions_floor_usage":[7,7,12],"damage_taken":[{"damage":3,"enemies":"2 Louse","floor":1,"turns":3},{"damage":4,"enemies":"Cultist","floor":2,"turns":4},{"damage":4,"enemies":"Small Slimes","floor":3,"turns":4},{"damage":43,"enemies":"3 Sentries","floor":7,"turns":11},{"damage":11,"enemies":"Exordium Wildlife","floor":10,"turns":4},{"damage":0,"enemies":"Lagavulin","floor":12,"turns":8}],"seed_played":"-6333690793052766203","potions_obtained":[{"floor":1,"key":"Explosive Potion"},{"floor":5,"key":"Block Potion"},{"floor":5,"key":"Strength Potion"},{"floor":10,"key":"Block Potion"}],"is_trial":false,"path_per_floor":["M","M","M","?","?","R","E","R","T","M","?","E"],"character_chosen":"THE_SILENT","items_purchased":[],"campfire_rested":1,"item_purchase_floors":[],"current_hp_per_floor":[56,52,48,48,48,48,5,23,23,12,1,1,1],"gold":270,"neow_bonus":"THREE_RARE_CARDS","is_daily":false,"chose_seed":false,"campfire_upgraded":1,"win_rate":0.0,"timestamp":1613288848,"path_taken":["M","M","M","?","?","R","E","R","T","?","?","E"],"items_purchased_type":[],"build_version":"2020-12-22","purchased_purges":0,"victory":false,"max_hp_per_floor":[60,60,60,60,60,60,60,60,60,60,60,60,60],"relic_stats":{"counters":[6,34],"Shuriken":[1],"CeramicFish":9,"obtain_stats":[{"Shuriken":7,"CeramicFish":9,"Ring of the Snake":0},{"Shuriken":4,"CeramicFish":4,"Ring of the Snake":0},{"Shuriken":22,"CeramicFish":22,"Ring of the Snake":0}],"Ring of the Snake":[12]},"card_choices":[{"not_picked":["Venomology","Envenom"],"picked":"A Thousand Cuts","floor":0},{"not_picked":["Dagger Spray","Deflect"],"picked":"Caltrops","floor":1},{"not_picked":["Backflip","All Out Attack"],"picked":"Crippling Poison","floor":2},{"not_picked":["Deadly Poison","Cloak And Dagger"],"picked":"After Image","floor":3},{"not_picked":["Predator","Deflect"],"picked":"Calculated Gamble","floor":7},{"not_picked":["Dash","Predator"],"picked":"Well Laid Plans","floor":10}],"player_experience":1311835,"relics_obtained":[{"floor":7,"key":"Shuriken"},{"floor":9,"key":"CeramicFish"}],"event_choices":[{"damage_healed":0,"gold_gain":0,"player_choice":"Ignored","damage_taken":0,"max_hp_gain":0,"max_hp_loss":0,"event_name":"Liars Game","floor":4,"gold_loss":0},{"damage_healed":0,"gold_gain":0,"player_choice":"Got Potions","damage_taken":0,"max_hp_gain":0,"max_hp_loss":0,"event_name":"Lab","floor":5,"gold_loss":0},{"damage_healed":0,"gold_gain":75,"player_choice":"Gather Gold","damage_taken":11,"max_hp_gain":0,"max_hp_loss":0,"event_name":"World of Goop","floor":11,"gold_loss":0}],"is_beta":false,"boss_relics":[],"items_purged_floors":[],"is_endless":false,"potions_floor_spawned":[1,10],"killed_by":"Lagavulin","ascension_level":20}}