{"host":"n6qxj7a4gnapjcui","time":1613302170,"event":{"mods":["2.2 Compatiblity","AchievementEnabler","BaseMod","Colored Map","Minty Spire (QoL Compilation)"],"gold_per_floor":[116,131,144,163,175,175,205,205,232,232,266,279,302,302,302],"floor_reached":14,"language":"POL","playtime":1758,"items_purged":[],"score":151,"play_id":"1a926133-5e6e-467f-ba14-17ce375d87f1","local_time":"20210214122930","is_ascension_mode":true,"campfire_choices":[{"data":"Armaments","floor":6,"key":"SMITH"},{"data":"Seeing Red","floor":10,"key":"SMITH"}],"circlet_count":0,"master_deck":["Strike_R","Strike_R","Strike_R","Strike_R","Defend_R","Defend_R","Defend_R","Defend_R","Bash","Armaments+1","Dropkick","Spot Weakness","Twin Strike","Seeing Red+1","Flame Barrier","Rage"],"relics":["Burning Blood","Nunchaku","Golden Idol","MealTicket","PreservedInsect"],"acts_visited":["Exordium"],"potions_floor_usage":[7,7,11,11,14],"damage_taken":[{"damage":6,"enemies":"2 Louse","floor":1,"turns":5},{"damage":7,"enemies":"Small Slimes","floor":2,"turns":4},{"damage":3,"enemies":"Jaw Worm","floor":3,"turns":6},{"damage":3,"enemies":"3 Louse","floor":4,"turns":4},{"damage":2,"enemies":"Exordium Wildlife","floor":5,"turns":3},{"damage":12,"enemies":"Gremlin Nob","floor":7,"turns":3},{"damage":20,"enemies":"3 Sentries","floor":11,"turns":11},{"damage":9,"enemies":"Red Slaver","floor":12,"turns":3},{"damage":6,"enemies":"2 Fungi Beasts","floor":13,"turns":3},{"damage":54,"enemies":"Gremlin Nob","floor":14,"turns":4}],"seed_played":"6433317640814092024","potions_obtained":[{"floor":3,"key":"SkillPotion"},{"floor":4,"key":"PowerPotion"},{"floor":5,"key":"HeartOfIron"},{"floor":7,"key":"GamblersBrew"},{"floor":11,"key":"Swift Potion"}],"is_trial":false,"path_per_floor":["M","M","M","M","M","R","E","?","T","R","E","M","M","E"],"character_chosen":"IRONCLAD","items_purchased":[],"campfire_rested":0,"item_purchase_floors":[],"current_hp_per_floor":[72,71,74,77,80,80,74,54,54,54,40,37,37,0,0],"gold":302,"neow_bonus":"REMOVE_CARD","is_daily":false,"chose_seed":false,"campfire_upgraded":2,"win_rate":0.0,"timestamp":1613302170,"path_taken":["M","M","M","M","M","R","E","?","T","R","E","M","M","E"],"items_purchased_type":[],"build_version":"2020-12-22","purchased_purges":0,"victory":false,"max_hp_per_floor":[80,80,80,80,80,80,80,80,80,80,80,80,80,80,80],"card_choices":[{"not_picked":["Clash","Thunderclap"],"picked":"Armaments","floor":1},{"not_picked":["Wild Strike","Clothesline"],"picked":"Dropkick","floor":2},{"not_picked":["Iron Wave","Anger"],"picked":"Spot Weakness","floor":3},{"not_picked":["True Grit","Iron Wave"],"picked":"Twin Strike","floor":4},{"not_picked":["Iron Wave","Twin Strike","Spot Weakness"],"picked":"SKIP","floor":5},{"not_picked":["Headbutt","Iron Wave"],"picked":"Seeing Red","floor":7},{"not_picked":["Rupture","Brutality","Perfected Strike"],"picked":"SKIP","floor":11},{"not_picked":["True Grit","Reckless Charge"],"picked":"Flame Barrier","floor":12},{"not_picked":["Spot Weakness","Rampage"],"picked":"Rage","floor":13}],"player_experience":325094,"relics_obtained":[{"floor":7,"key":"Nunchaku"},{"floor":9,"key":"MealTicket"},{"floor":11,"key":"PreservedInsect"}],"event_choices":[{"damage_healed":0,"gold_gain":0,"player_choice":"Take Damage","damage_taken":20,"relics_obtained":["Golden Idol"],"max_hp_gain":0,"max_hp_loss":0,"event_name":"Golden Idol","floor":8,"gold_loss":0}],"is_beta":false,"boss_relics":[],"items_purged_floors":[],"is_endless":false,"potions_floor_spawned":[3,4,5,7,11],"killed_by":"Gremlin Nob","ascension_level":9}}