{"host":"fbdlh90rovbiajun","time":1613337285,"event":{"mods":["AchievementEnabler","BaseMod","Colored Map","Keyboard Shortcuts","Minty Spire (QoL Compilation)","SuperFastMode"],"gold_per_floor":[110,110,129,29,29,60,60,60,86,96,96,107,137,153,153,249,249,261,360,460,475,485,485,485,485,485,505,516,527,546,564,564,564,564],"floor_reached":33,"language":"KOR","playtime":1616,"items_purged":["Strike_G"],"score":276,"play_id":"8b1c299b-9f9c-4eb8-9bb7-0343d418568b","local_time":"20210215061445","is_ascension_mode":false,"campfire_choices":[{"data":"Calculated Gamble","floor":8,"key":"SMITH"},{"data":"Catalyst","floor":11,"key":"SMITH"},{"data":"Deadly Poison","floor":15,"key":"SMITH"},{"data":"Adrenaline","floor":23,"key":"SMITH"},{"data":"Backflip","floor":25,"key":"SMITH"},{"data":"Poisoned Stab","floor":32,"key":"SMITH"}],"circlet_count":0,"master_deck":["Strike_G+1","Strike_G+1","Defend_G","Defend_G","Defend_G","Defend_G","Defend_G","Survivor","Neutralize+1","Backflip+1","Acrobatics","Dodge and Roll","Calculated Gamble+1","Catalyst+1","Deadly Poison+1","Adrenaline+1","Prepared","All Out Attack+1","Poisoned Stab+1","Deflect","Deflect"],"relics":["Ring of the Snake","NeowsBlessing","White Beast Statue","Whetstone","Blood Vial","Empty Cage","Ice Cream"],"acts_visited":["Exordium","TheCity"],"potions_floor_usage":[16,16,27,31],"damage_taken":[{"damage":0,"enemies":"Small Slimes","floor":1,"turns":1},{"damage":0,"enemies":"2 Louse","floor":3,"turns":1},{"damage":0,"enemies":"3 Sentries","floor":6,"turns":1},{"damage":0,"enemies":"Cultist","floor":10,"turns":4},{"damage":10,"enemies":"Large Slime","floor":12,"turns":8},{"damage":0,"enemies":"3 Louse","floor":14,"turns":2},{"damage":35,"enemies":"The Guardian","floor":16,"turns":11},{"damage":12,"enemies":"2 Thieves","floor":18,"turns":5},{"damage":0,"enemies":"Chosen","floor":21,"turns":4},{"damage":7,"enemies":"Centurion and Healer","floor":22,"turns":12},{"damage":5,"enemies":"Snecko","floor":27,"turns":7},{"damage":16,"enemies":"Cultist and Chosen","floor":28,"turns":6},{"damage":23,"enemies":"Sentry and Sphere","floor":29,"turns":9},{"damage":1,"enemies":"Snake Plant","floor":30,"turns":5},{"damage":5,"enemies":"Chosen and Byrds","floor":31,"turns":6},{"damage":58,"enemies":"Collector","floor":33,"turns":5}],"seed_played":"6367418074746132692","potions_obtained":[{"floor":3,"key":"LiquidMemories"},{"floor":6,"key":"AttackPotion"},{"floor":10,"key":"Strength Potion"},{"floor":12,"key":"Fruit Juice"},{"floor":16,"key":"Strength Potion"},{"floor":18,"key":"BlessingOfTheForge"},{"floor":22,"key":"SkillPotion"},{"floor":27,"key":"FearPotion"},{"floor":28,"key":"BlessingOfTheForge"}],"is_trial":false,"path_per_floor":["M","?","M","$","?","E","$","R","T","M","R","M","?","M","R","B",null,"M","?","?","M","M","R","?","R","T","M","M","M","M","M","R","B"],"character_chosen":"THE_SILENT","items_purchased":["Dodge and Roll"],"campfire_rested":0,"item_purchase_floors":[4],"current_hp_per_floor":[70,70,70,70,70,70,70,70,70,70,70,60,60,62,62,34,75,63,63,63,65,60,60,75,75,75,70,56,35,36,33,33,0,0],"gold":564,"neow_bonus":"THREE_ENEMY_KILL","is_daily":false,"chose_seed":false,"campfire_upgraded":6,"win_rate":0.0,"timestamp":1613337285,"path_taken":["M","?","M","$","?","E","$","R","T","M","R","?","?","M","R","BOSS","M","?","?","?","M","R","?","R","T","M","M","M","M","M","R","BOSS"],"items_purchased_type":["Card"],"build_version":"2020-12-22","purchased_purges":1,"victory":false,"max_hp_per_floor":[70,70,70,70,70,70,70,70,70,70,70,70,70,70,70,75,75,75,75,75,75,75,75,75,75,75,75,75,75,75,75,75,75,75],"card_choices":[{"not_picked":["Blade Dance","Flying Knee"],"picked":"Backflip","floor":1},{"not_picked":["Distraction","Cloak And Dagger"],"picked":"Acrobatics","floor":3},{"not_picked":["Backflip","Caltrops"],"picked":"Calculated Gamble","floor":6},{"not_picked":["Slice","Acrobatics"],"picked":"Catalyst","floor":10},{"not_picked":["Skewer","Dagger Throw"],"picked":"All Out Attack","floor":12},{"not_picked":["Dagger Spray","Backflip"],"picked":"Deadly Poison","floor":14},{"not_picked":["Corpse Explosion","Glass Knife"],"picked":"Adrenaline","floor":16},{"not_picked":["Flying Knee","Reflex+1"],"picked":"Prepared","floor":18},{"not_picked":["Underhanded Strike+1","Dodge and Roll","Choke"],"picked":"SKIP","floor":21},{"not_picked":["Outmaneuver","Riddle With Holes+1"],"picked":"All Out Attack+1","floor":22},{"not_picked":["Terror","Bane"],"picked":"Poisoned Stab","floor":27},{"not_picked":["Dodge and Roll","A Thousand Cuts"],"picked":"Deflect","floor":28},{"not_picked":["Endless Agony+1","Heel Hook","Dagger Spray+1"],"picked":"SKIP","floor":29},{"not_picked":["Dodge and Roll","Sucker Punch","Leg Sweep"],"picked":"SKIP","floor":30},{"not_picked":["Caltrops","Slice"],"picked":"Deflect","floor":31}],"player_experience":46314,"relics_obtained":[{"floor":6,"key":"Whetstone"},{"floor":9,"key":"Blood Vial"},{"floor":26,"key":"Ice Cream"}],"event_choices":[{"damage_healed":0,"gold_gain":0,"player_choice":"Grow","damage_taken":0,"max_hp_gain":0,"max_hp_loss":0,"event_name":"Living Wall","floor":2,"gold_loss":0,"cards_upgraded":["Neutralize"]},{"damage_healed":0,"gold_gain":0,"player_choice":"Gave Potion","damage_taken":0,"relics_obtained":["White Beast Statue"],"max_hp_gain":0,"max_hp_loss":0,"event_name":"WeMeetAgain","floor":5,"gold_loss":0},{"damage_healed":0,"gold_gain":30,"player_choice":"Searched \u00272\u0027 times","damage_taken":0,"max_hp_gain":0,"max_hp_loss":0,"event_name":"Dead Adventurer","floor":13,"gold_loss":0},{"damage_healed":0,"gold_gain":99,"player_choice":"Stole From Cult","damage_taken":0,"max_hp_gain":0,"max_hp_loss":0,"event_name":"Nest","floor":19,"gold_loss":0},{"damage_healed":0,"gold_gain":100,"player_choice":"Pray","damage_taken":0,"max_hp_gain":0,"max_hp_loss":0,"event_name":"Golden Shrine","floor":20,"gold_loss":0},{"cards_removed":["All Out Attack"],"damage_healed":15,"gold_gain":0,"player_choice":"Offered Uncommon","damage_taken":0,"max_hp_gain":0,"max_hp_loss":0,"event_name":"Bonfire Elementals","floor":24,"gold_loss":0}],"is_beta":false,"boss_relics":[{"not_picked":["Tiny House","HoveringKite"],"picked":"Empty Cage"}],"items_purged_floors":[4],"is_endless":false,"potions_floor_spawned":[3,6,10,12,14,16,18,21,22,27,28,29,30,31],"killed_by":"Collector","ascension_level":0}}