{"host":"Lrdox","time":1613294803,"event":{"mods":["BaseMod","Colored Map","Minty Spire (QoL Compilation)","Relic Stats"],"gold_per_floor":[144,189,364,364,364,364,454,499,499,544,589,634,909,999,999,1299,1299,1344,861,861,906,405,450,450,540,590,590,635,680,725,770,770,1070,1070,1115,607,697,240,285,375,420,510,585,585,585,585,630,675,675,675],"floor_reached":51,"language":"ENG","playtime":2746,"items_purged":["Doubt","Regret","SashWhip","CrushJoints"],"score":1016,"play_id":"dbd6bee3-775a-4a71-a7f3-018c8196f35c","local_time":"20210214102643","daily_mods":["Draft","Diverse","Midas"],"is_ascension_mode":false,"campfire_choices":[{"floor":6.0,"key":"REST"},{"floor":15.0,"key":"REST"},{"floor":32.0,"key":"REST"},{"floor":44,"key":"REST"},{"floor":46,"key":"REST"},{"floor":49,"key":"REST"}],"circlet_count":0,"master_deck":["Consecrate","Shrug It Off","Collect+1","Calculated Gamble","Acrobatics+1","BattleHymn+1","Leap+1","Escape Plan+1","Clothesline","Hologram","BowlingBash","CutThroughFate","SashWhip+1","Conclude","Scrawl","Pommel Strike","Shrug It Off","Demon Form","Apotheosis","Sword Boomerang+1","Bite","Bite+1","Bite","Bite","Bite","Hemokinesis+1","Venomology","Turbo+1","Shrug It Off+1","LessonLearned","Warcry+1","RitualDagger","TalkToTheHand","Corruption","Infinite Blades","TalkToTheHand+1","Prostrate","Die Die Die","Infernal Blade+1","True Grit","Madness","Tempest+1"],"relics":["Burning Blood","Red Skull","Pear","Bottled Tornado","Philosopher\u0027s Stone","Membership Card","Anchor","Shuriken","TungstenRod","Dead Branch","Orrery","Art of War","Orichalcum","SlaversCollar","OrangePellets","Paper Frog","Self Forming Clay","Thread and Needle","Sling","White Beast Statue","Singing Bowl","Matryoshka","Centennial Puzzle","Smiling Mask","Frozen Egg 2"],"acts_visited":["Exordium","TheCity","TheBeyond"],"potions_floor_usage":[35,37,41,41,50,50,50,50],"damage_taken":[{"damage":0.0,"enemies":"Jaw Worm","floor":1.0,"turns":3.0},{"damage":0.0,"enemies":"Cultist","floor":2.0,"turns":2.0},{"damage":0.0,"enemies":"Lagavulin","floor":7.0,"turns":4.0},{"damage":0.0,"enemies":"2 Louse","floor":8.0,"turns":2.0},{"damage":9.0,"enemies":"Red Slaver","floor":10.0,"turns":3.0},{"damage":4.0,"enemies":"Large Slime","floor":11.0,"turns":4.0},{"damage":10.0,"enemies":"Exordium Wildlife","floor":12.0,"turns":3.0},{"damage":27.0,"enemies":"3 Sentries","floor":14.0,"turns":5.0},{"damage":61.0,"enemies":"Hexaghost","floor":16.0,"turns":10.0},{"damage":41.0,"enemies":"2 Thieves","floor":18.0,"turns":4.0},{"damage":9.0,"enemies":"3 Byrds","floor":21.0,"turns":4.0},{"damage":7.0,"enemies":"Cultist and Chosen","floor":23.0,"turns":4.0},{"damage":20.0,"enemies":"Book of Stabbing","floor":25.0,"turns":3.0},{"damage":10.0,"enemies":"Shelled Parasite and Fungi","floor":28.0,"turns":4.0},{"damage":6.0,"enemies":"Centurion and Healer","floor":29.0,"turns":4.0},{"damage":19.0,"enemies":"Snecko","floor":30.0,"turns":4.0},{"damage":26.0,"enemies":"Shelled Parasite and Fungi","floor":31.0,"turns":3.0},{"damage":34.0,"enemies":"Automaton","floor":33.0,"turns":8.0},{"damage":17,"enemies":"3 Darklings","floor":35,"turns":4},{"damage":11,"enemies":"2 Orb Walkers","floor":37,"turns":4},{"damage":1,"enemies":"Orb Walker","floor":39,"turns":4},{"damage":2,"enemies":"Giant Head","floor":40,"turns":3},{"damage":17,"enemies":"Writhing Mass","floor":41,"turns":7},{"damage":6,"enemies":"Reptomancer","floor":42,"turns":4},{"damage":0,"enemies":"4 Shapes","floor":47,"turns":2},{"damage":12,"enemies":"Jaw Worm Horde","floor":48,"turns":3},{"damage":0,"enemies":"Donu and Deca","floor":50,"turns":4}],"seed_played":"-463004689936713651","potions_obtained":[{"floor":1.0,"key":"Ancient Potion"},{"floor":2.0,"key":"Weak Potion"},{"floor":8.0,"key":"PowerPotion"},{"floor":25.0,"key":"Regen Potion"},{"floor":31.0,"key":"BlessingOfTheForge"},{"floor":40,"key":"CultistPotion"},{"floor":41,"key":"Fruit Juice"},{"floor":48,"key":"ElixirPotion"}],"is_trial":false,"path_per_floor":["M","M","?","?","?","R","E","M","T","M","M","M","?","E","R","B",null,"M","$","?","M","$","M","?","E","T","?","M","M","M","M","R","B",null,"M","$","?","$","M","E","M","E","T","R","?","R","M","M","R","B",null],"character_chosen":"IRONCLAD","items_purchased":["Membership Card","Anchor","Shuriken","Apotheosis","Sword Boomerang","TungstenRod","Dead Branch","Orrery","LessonLearned","OrangePellets","Paper Frog","Self Forming Clay","TalkToTheHand","Prostrate","Die Die Die","Sling","White Beast Statue","Singing Bowl","True Grit","Madness"],"campfire_rested":6,"item_purchase_floors":[19,19,19,19,19,22,22,22,22,36,36,36,36,36,36,38,38,38,38,38],"current_hp_per_floor":[80,80,80,64,69,85,85,85,95,92,94,90,90,69,95,40,95,60,60,60,65,65,66,61,55,55,55,53,64,58,40,59,47,66,58,58,62,62,68,70,73,75,75,77,77,77,79,75,81,81],"gold":675,"neow_bonus":"","is_daily":true,"chose_seed":false,"campfire_upgraded":0,"win_rate":0.0,"timestamp":1613294803,"path_taken":["M","M","?","?","?","R","E","M","T","M","?","?","?","E","R","BOSS","M","$","?","M","$","M","?","E","T","?","M","?","M","M","R","BOSS","BOSS","M","$","?","$","M","E","M","E","T","R","?","R","M","?","R","BOSS"],"items_purchased_type":["Relic","Relic","Relic","Card","Card","Relic","Relic","Relic","Card","Relic","Relic","Relic","Card","Card","Card","Relic","Relic","Relic","Card","Card"],"build_version":"2020-12-18","purchased_purges":4,"victory":true,"max_hp_per_floor":[80,80,80,80,85,85,85,85,95,95,95,95,95,95,95,95,95,95,95,66,66,66,66,66,66,66,66,66,66,66,66,66,66,66,66,66,66,66,68,70,75,77,77,77,77,77,79,81,81,81],"relic_stats":{"Singing Bowl":10,"counters":[27,109],"Self Forming Clay":[33],"Dead Branch":[370],"Orichalcum":[36],"Smiling Mask":0,"Burning Blood":119,"OrangePellets":[5],"Centennial Puzzle":[3],"Shuriken":[55],"Art of War":[4],"obtain_stats":[{"Singing Bowl":38,"Bottled Tornado":14,"Sling":38,"Smiling Mask":43,"Burning Blood":0,"Centennial Puzzle":42,"Matryoshka":40,"Philosopher\u0027s Stone":17,"Red Skull":7,"Paper Frog":36,"Pear":9,"Self Forming Clay":36,"Dead Branch":22,"Thread and Needle":37,"Orichalcum":26,"Frozen Egg 2":43,"White Beast Statue":38,"SlaversCollar":34,"OrangePellets":36,"Anchor":19,"Shuriken":19,"Orrery":22,"Art of War":25,"Membership Card":19,"TungstenRod":22},{"Singing Bowl":20,"Bottled Tornado":8,"Sling":20,"Smiling Mask":24,"Burning Blood":0,"Centennial Puzzle":24,"Matryoshka":22,"Philosopher\u0027s Stone":9,"Red Skull":3,"Paper Frog":19,"Pear":4,"Self Forming Clay":19,"Dead Branch":11,"Thread and Needle":20,"Orichalcum":13,"Frozen Egg 2":24,"White Beast Statue":20,"SlaversCollar":18,"OrangePellets":19,"Anchor":10,"Shuriken":10,"Orrery":11,"Art of War":13,"Membership Card":10,"TungstenRod":11},{"Singing Bowl":82,"Bottled Tornado":26,"Sling":82,"Smiling Mask":100,"Burning Blood":0,"Centennial Puzzle":100,"Matryoshka":89,"Philosopher\u0027s Stone":36,"Red Skull":9,"Paper Frog":78,"Pear":11,"Self Forming Clay":78,"Dead Branch":44,"Thread and Needle":82,"Orichalcum":51,"Frozen Egg 2":100,"White Beast Statue":82,"SlaversCollar":74,"OrangePellets":78,"Anchor":40,"Shuriken":40,"Orrery":44,"Art of War":51,"Membership Card":40,"TungstenRod":44}],"TungstenRod":35},"card_choices":[{"not_picked":["Recycle","Go for the Eyes"],"picked":"Consecrate","floor":0.0},{"not_picked":["Terror","Conserve Battery"],"picked":"Shrug It Off","floor":0.0},{"not_picked":["Ball Lightning","Accuracy"],"picked":"SashWhip","floor":0.0},{"not_picked":["WindmillStrike","Dodge and Roll"],"picked":"Collect","floor":0.0},{"not_picked":["Cold Snap","White Noise"],"picked":"Calculated Gamble","floor":0.0},{"not_picked":["Capacitor","Study"],"picked":"Acrobatics","floor":0.0},{"not_picked":["Stack","Halt"],"picked":"CrushJoints","floor":0.0},{"not_picked":["Redo","Stack"],"picked":"BattleHymn","floor":0.0},{"not_picked":["CrushJoints","Clash"],"picked":"Leap","floor":0.0},{"not_picked":["Slice","Stack"],"picked":"Escape Plan","floor":0.0},{"not_picked":["Dodge and Roll","ForeignInfluence"],"picked":"Clothesline","floor":0.0},{"not_picked":["Searing Blow","Turbo"],"picked":"Hologram","floor":0.0},{"not_picked":["Cloak And Dagger","Searing Blow"],"picked":"BowlingBash","floor":0.0},{"not_picked":["Havoc","Thunderclap"],"picked":"CutThroughFate","floor":0.0},{"not_picked":["Warcry","Reflex"],"picked":"SashWhip","floor":0.0},{"not_picked":["Outmaneuver","BowlingBash"],"picked":"Conclude","floor":1.0},{"not_picked":["BootSequence","BowlingBash","Barrage"],"picked":"SKIP","floor":2.0},{"not_picked":["Recycle","Bouncing Flask"],"picked":"Scrawl","floor":7.0},{"not_picked":["Leap","Seeing Red","Deflect"],"picked":"SKIP","floor":8.0},{"not_picked":["Blur","White Noise","InnerPeace"],"picked":"SKIP","floor":10.0},{"not_picked":["Metallicize","Ball Lightning"],"picked":"Pommel Strike","floor":11.0},{"not_picked":["Bane","True Grit"],"picked":"Shrug It Off","floor":12.0},{"not_picked":["Darkness","Hello World","Conclude"],"picked":"SKIP","floor":14.0},{"not_picked":["Amplify","Storm of Steel"],"picked":"Demon Form","floor":16.0},{"not_picked":["Deflect","Body Slam","Rebound"],"picked":"SKIP","floor":18.0},{"not_picked":["Capacitor+1","Underhanded Strike","Heatsinks"],"picked":"SKIP","floor":21.0},{"not_picked":["Heavy Blade","Eviscerate"],"picked":"Hemokinesis","floor":22.0},{"not_picked":["Dagger Throw","Cleave"],"picked":"Venomology","floor":22.0},{"not_picked":["Steam","Thunderclap"],"picked":"Turbo+1","floor":22.0},{"not_picked":["SignatureMove+1","Doom and Gloom"],"picked":"Shrug It Off+1","floor":22.0},{"not_picked":["Quick Slash","Clash"],"picked":"Warcry+1","floor":23.0},{"not_picked":["Gash+1","Ball Lightning","Fire Breathing"],"picked":"SKIP","floor":25.0},{"not_picked":["EmptyMind+1","Heavy Blade","Ghostly Armor"],"picked":"SKIP","floor":28.0},{"not_picked":["Turbo","Headbutt","All For One"],"picked":"SKIP","floor":29.0},{"not_picked":["Leap","Flying Knee+1","Fire Breathing+1"],"picked":"SKIP","floor":30.0},{"not_picked":["Iron Wave","White Noise","Acrobatics+1"],"picked":"SKIP","floor":31.0},{"not_picked":["Iron Wave","White Noise","Acrobatics+1"],"picked":"SKIP","floor":31.0},{"not_picked":["Limit Break","Demon Form"],"picked":"Corruption","floor":33},{"not_picked":["Steam+1","Perfected Strike"],"picked":"Infinite Blades","floor":35},{"not_picked":["EmptyMind+1","Iron Wave"],"picked":"Infernal Blade+1","floor":37},{"not_picked":["JustLucky+1","Capacitor+1","Prepared+1"],"picked":"Singing Bowl","floor":39},{"not_picked":["BowlingBash+1","SandsOfTime+1","Eviscerate"],"picked":"Singing Bowl","floor":40},{"not_picked":["JustLucky","Conserve Battery+1"],"picked":"Tempest+1","floor":41},{"not_picked":["Demon Form","Undo+1","Nirvana+1"],"picked":"Singing Bowl","floor":42},{"not_picked":["Outmaneuver","FlyingSleeves+1","Power Through+1"],"picked":"Singing Bowl","floor":47},{"not_picked":["Carnage+1","Dagger Throw+1","Rebound"],"picked":"Singing Bowl","floor":48}],"player_experience":263128,"relics_obtained":[{"floor":7.0,"key":"Red Skull"},{"floor":9.0,"key":"Pear"},{"floor":14.0,"key":"Bottled Tornado"},{"floor":25.0,"key":"Art of War"},{"floor":26.0,"key":"Orichalcum"},{"floor":37,"key":"Thread and Needle"},{"floor":40,"key":"Matryoshka"},{"floor":42,"key":"Centennial Puzzle"},{"floor":43,"key":"Smiling Mask"},{"floor":43,"key":"Frozen Egg 2"}],"event_choices":[{"damage_healed":0.0,"max_hp_gain":0.0,"max_hp_loss":0.0,"gold_gain":175.0,"event_name":"Liars Game","player_choice":"AGREE","floor":3.0,"gold_loss":0.0,"damage_taken":0.0,"cards_obtained":["Doubt"]},{"damage_healed":0.0,"max_hp_gain":0.0,"max_hp_loss":0.0,"gold_gain":0.0,"event_name":"Shining Light","player_choice":"Entered Light","floor":4.0,"gold_loss":0.0,"damage_taken":16.0,"cards_upgraded":["Leap","SashWhip"]},{"damage_healed":0.0,"max_hp_gain":5.0,"max_hp_loss":0.0,"gold_gain":0.0,"event_name":"Big Fish","player_choice":"Donut","floor":5.0,"gold_loss":0.0,"damage_taken":0.0},{"damage_healed":0.0,"max_hp_gain":0.0,"max_hp_loss":0.0,"gold_gain":275.0,"event_name":"Golden Shrine","player_choice":"Desecrate","floor":13.0,"gold_loss":0.0,"damage_taken":0.0,"cards_obtained":["Regret"]},{"damage_healed":0.0,"max_hp_gain":0.0,"max_hp_loss":29.0,"gold_gain":0.0,"event_name":"Vampires","player_choice":"Became a vampire","floor":20.0,"gold_loss":0.0,"damage_taken":0.0,"cards_obtained":["Bite","Bite","Bite","Bite","Bite"]},{"damage_healed":0.0,"max_hp_gain":0.0,"max_hp_loss":0.0,"gold_gain":0.0,"event_name":"Nest","player_choice":"Joined the Cult","floor":24.0,"gold_loss":0.0,"damage_taken":6.0,"cards_obtained":["RitualDagger"]},{"damage_healed":0.0,"max_hp_gain":0.0,"max_hp_loss":0.0,"gold_gain":0.0,"event_name":"The Library","player_choice":"Read","floor":27.0,"gold_loss":0.0,"damage_taken":0.0,"cards_obtained":["TalkToTheHand"]},{"damage_healed":0,"gold_gain":0,"player_choice":"Fight","damage_taken":0,"max_hp_gain":0,"max_hp_loss":0,"event_name":"Mysterious Sphere","floor":37,"gold_loss":0},{"damage_healed":0,"gold_gain":0,"player_choice":"Ignored","damage_taken":0,"max_hp_gain":0,"max_hp_loss":0,"event_name":"Tomb of Lord Red Mask","floor":45,"gold_loss":0}],"is_beta":true,"boss_relics":[{"not_picked":["Calling Bell","Empty Cage"],"picked":"Philosopher\u0027s Stone"},{"not_picked":["Velvet Choker","Runic Pyramid"],"picked":"SlaversCollar"}],"items_purged_floors":[19,22,36,38],"is_endless":false,"potions_floor_spawned":[1,2,8,14,25,28,30,31,37,39,40,41,42,47,48],"ascension_level":0}}