{"host":"7m635teefjn47zxe","time":1613301440,"event":{"mods":["BaseMod","Colored Map","Minty Spire (QoL Compilation)","Permanent Neow","Relic Stats","StSLib","everything is the same but u backflip on backflip"],"gold_per_floor":[109,125,137,312,323,353,84,125,125,125,135,135,154,154,154,266,266,289,298,338,38,119,119,163,163,208,133,133],"floor_reached":27,"language":"ENG","playtime":991,"items_purged":["Doubt"],"score":370,"play_id":"9f7b9241-8b63-4ae2-a6b0-8a6aebae47e8","local_time":"20210214121720","is_ascension_mode":true,"campfire_choices":[{"data":"Demon Form","floor":10,"key":"SMITH"},{"data":"Armaments","floor":12,"key":"SMITH"},{"floor":15,"key":"REST"},{"floor":23,"key":"REST"},{"data":"Inflame","floor":25,"key":"SMITH"}],"circlet_count":0,"master_deck":["AscendersBane","Strike_R","Strike_R","Strike_R","Strike_R","Defend_R","Defend_R","Defend_R","Defend_R","Bash+1","Demon Form+1","Heavy Blade","Inflame+1","Sword Boomerang","Immolate","Armaments+1","Heavy Blade+1","Power Through","Double Tap","Armaments+1","Shrug It Off","Iron Wave+1","Pummel"],"relics":["Burning Blood","Gambling Chip","Potion Belt","CeramicFish","Pen Nib","SacredBark","Red Mask","Akabeko","Whetstone","InkBottle","StrikeDummy"],"acts_visited":["Exordium","TheCity"],"potions_floor_usage":[6,11,18,20],"damage_taken":[{"damage":7,"enemies":"2 Louse","floor":1,"turns":3},{"damage":12,"enemies":"Small Slimes","floor":2,"turns":5},{"damage":5,"enemies":"Cultist","floor":3,"turns":5},{"damage":18,"enemies":"Large Slime","floor":5,"turns":5},{"damage":22,"enemies":"Gremlin Nob","floor":6,"turns":4},{"damage":15,"enemies":"Lagavulin","floor":8,"turns":5},{"damage":0,"enemies":"Exordium Wildlife","floor":11,"turns":1},{"damage":11,"enemies":"Blue Slaver","floor":13,"turns":4},{"damage":25,"enemies":"Hexaghost","floor":16,"turns":6},{"damage":22,"enemies":"3 Byrds","floor":18,"turns":4},{"damage":48,"enemies":"Masked Bandits","floor":20,"turns":5},{"damage":43,"enemies":"Slavers","floor":24,"turns":4},{"damage":40,"enemies":"2 Thieves","floor":27,"turns":3}],"seed_played":"-8361498244216592300","potions_obtained":[{"floor":2,"key":"EssenceOfSteel"},{"floor":6,"key":"LiquidMemories"},{"floor":11,"key":"Explosive Potion"},{"floor":13,"key":"BloodPotion"},{"floor":20,"key":"FearPotion"}],"is_trial":false,"path_per_floor":["M","M","M","?","M","E","$","E","T","R","M","R","M","?","R","B",null,"M","?","?","$","T","R","E","R","T","M"],"character_chosen":"IRONCLAD","items_purchased":["Potion Belt","Armaments","Akabeko","Whetstone"],"campfire_rested":2,"item_purchase_floors":[7,7,21,21],"current_hp_per_floor":[71,65,66,66,54,38,38,29,29,29,35,35,30,22,46,27,67,51,51,41,41,41,65,28,28,28,0,0],"gold":133,"neow_bonus":"TRANSFORM_CARD","is_daily":false,"chose_seed":false,"campfire_upgraded":3,"win_rate":0.0,"timestamp":1613301440,"path_taken":["M","M","M","?","M","E","$","E","T","R","M","R","M","?","R","BOSS","M","?","?","$","?","R","E","R","T","M"],"items_purchased_type":["Relic","Card","Relic","Relic"],"build_version":"2020-12-22","purchased_purges":1,"victory":false,"max_hp_per_floor":[80,80,80,80,80,80,80,80,80,80,80,80,80,80,80,80,80,80,80,80,80,80,80,80,80,80,80,80],"relic_stats":{"counters":[13,54],"Gambling Chip":[15],"CeramicFish":63,"Pen Nib":[2],"Whetstone":["Heavy Blade","Bash"],"obtain_stats":[{"Potion Belt":7,"Gambling Chip":6,"CeramicFish":8,"SacredBark":17,"Pen Nib":9,"Red Mask":20,"Whetstone":21,"StrikeDummy":24,"Burning Blood":0,"Akabeko":21,"InkBottle":22},{"Potion Belt":5,"Gambling Chip":5,"CeramicFish":6,"SacredBark":9,"Pen Nib":6,"Red Mask":11,"Whetstone":11,"StrikeDummy":12,"Burning Blood":0,"Akabeko":11,"InkBottle":11},{"Potion Belt":22,"Gambling Chip":22,"CeramicFish":27,"SacredBark":38,"Pen Nib":27,"Red Mask":47,"Whetstone":47,"StrikeDummy":51,"Burning Blood":0,"Akabeko":47,"InkBottle":47}],"Burning Blood":72,"InkBottle":[1]},"card_choices":[{"not_picked":["Pommel Strike","Clothesline"],"picked":"Heavy Blade","floor":1},{"not_picked":["Flex","Intimidate"],"picked":"Inflame","floor":2},{"not_picked":["Seeing Red","Body Slam"],"picked":"Sword Boomerang","floor":3},{"not_picked":["Infernal Blade","Headbutt"],"picked":"Immolate","floor":5},{"not_picked":["Burning Pact","Warcry","Cleave"],"picked":"SKIP","floor":6},{"not_picked":["Fiend Fire","Bludgeon"],"picked":"Heavy Blade","floor":8},{"not_picked":["Dropkick","Carnage","Reckless Charge"],"picked":"SKIP","floor":11},{"not_picked":["Combust","Body Slam"],"picked":"Power Through","floor":13},{"not_picked":["Bludgeon","Exhume"],"picked":"Double Tap","floor":16},{"not_picked":["Cleave","Thunderclap+1"],"picked":"Armaments+1","floor":18},{"not_picked":["Clash+1","Wild Strike"],"picked":"Iron Wave+1","floor":20},{"not_picked":["Sentinel","Immolate"],"picked":"Pummel","floor":24}],"player_experience":179527,"relics_obtained":[{"floor":6,"key":"Gambling Chip"},{"floor":8,"key":"CeramicFish"},{"floor":9,"key":"Pen Nib"},{"floor":20,"key":"Red Mask"},{"floor":22,"key":"InkBottle"},{"floor":24,"key":"StrikeDummy"}],"event_choices":[{"damage_healed":0,"gold_gain":175,"player_choice":"AGREE","damage_taken":0,"max_hp_gain":0,"max_hp_loss":0,"event_name":"Liars Game","floor":4,"gold_loss":0,"cards_obtained":["Doubt"]},{"damage_healed":0,"gold_gain":0,"player_choice":"Damaged","damage_taken":8,"max_hp_gain":0,"max_hp_loss":0,"event_name":"Wheel of Change","floor":14,"gold_loss":0},{"damage_healed":0,"gold_gain":0,"player_choice":"Read","damage_taken":0,"max_hp_gain":0,"max_hp_loss":0,"event_name":"The Library","floor":19,"gold_loss":0,"cards_obtained":["Shrug It Off"]},{"damage_healed":0,"gold_gain":0,"player_choice":"Fought Bandits","damage_taken":0,"max_hp_gain":0,"max_hp_loss":0,"event_name":"Masked Bandits","floor":20,"gold_loss":0}],"is_beta":false,"boss_relics":[{"not_picked":["SlaversCollar","Coffee Dripper"],"picked":"SacredBark"}],"items_purged_floors":[7],"is_endless":false,"potions_floor_spawned":[2,6,11,13,20],"killed_by":"2 Thieves","ascension_level":11}}