{"host":"c02dmb09vpgjjjz3","time":1613331493,"event":{"mods":["100% Spire Juice","Act Like it!","Astrologer","BaseMod","Better Note","Better Sensory Stone","CapriCore","Colored Map","Conspire","Elementarium","Gensokyo","GifTheSpireLib","GungeonMod","Hallownest","Jorbs\u0027s Wanderer Trilogy","Magitek Elite","Marisa????????","Minty Spire (QoL Compilation)","Permanent Neow","Replay The Spire","Robot Space Explorer","Somnambulant","StSLib","Stuff the Spire","The Animator","The Elementalist","The Forsaken","The Hierophant","The Immortal","The Jungle","The Marked","The Runesmith","TheFirefly"],"gold_per_floor":[113,13,58,109,139,160,160,211,211,17,17,17,55,101,101,211,211,228,228,8,8,21,21,78,88,88,88,88,88,88,88,121,121,121,230,230,263,313,253,272,296,296,324,2,56,96,96,96,96],"floor_reached":48,"language":"ENG","playtime":3180,"items_purged":["theMarked:Strike"],"score":571,"play_id":"5c001859-52d6-4f79-99fc-9561b62554d0","local_time":"20210214133813","is_ascension_mode":false,"campfire_choices":[{"data":"theMarked:EmpowerWeapon","floor":7,"key":"SMITH"},{"floor":11,"key":"REST"},{"floor":15,"key":"DIG"},{"data":"theMarked:RogueSparks","floor":23,"key":"SMITH"},{"floor":27,"key":"REST"},{"floor":31,"key":"RECALL"},{"floor":34,"key":"REST"},{"floor":42,"key":"REST"}],"circlet_count":0,"master_deck":["theMarked:Strike","theMarked:Strike","theMarked:Strike","theMarked:Defend","theMarked:Defend","theMarked:Defend","theMarked:Defend","theMarked:SoldierOfQuellstein+1","theMarked:HeightenedSenses","conspire:SpireCoStock","conspire:SpireCoStock","theMarked:RogueSparks+1","theMarked:EmpowerWeapon+1","Pot Of Greed","Pot Of Greed","theMarked:ElectricStrings","theMarked:Memento","theMarked:SwordAndMagic","theMarked:MagusForm","AbeCurse","theMarked:ChainLightning+1","theMarked:Friction+1","Pot Of Greed","theMarked:MysticalArsenal","theMarked:TwofoldDefense","ReplayTheSpireMod:Private Reserves","theMarked:HeightenedSenses+1","theMarked:DispelDoubt","theMarked:Memento","Gensokyo:CustomPotion","theMarked:Memento","theMarked:TurnInvisible","Gensokyo:LockedMedkit","Gensokyo:TurboGranny","Pot Of Greed","theMarked:ComboAttacks+1"],"relics":["theMarked:ArtifactOfAir","Grinning Jar","White Beast Statue","DemoMod:MeatBun","Gensokyo:Mercy","theForsaken:Kindling","conspire:Boomerang","Abe\u0027s Treasure","Mango","Iron Hammer","DemoMod:LamentConfigurum","theForsaken:PaleLantern","Letter Opener","DemoMod:WhiteGuonStone","Pet Ghost","Angel_Ring"],"acts_visited":["Gensokyo:Gensokyo","TheCity","Gensokyo:Gensokyoest"],"potions_floor_usage":[14,14,25,37,43,43,43,48,48],"damage_taken":[{"damage":1,"enemies":"Gensokyo:Python","floor":1,"turns":3},{"damage":0,"enemies":"Gensokyo:3_Fairies","floor":3,"turns":4},{"damage":0,"enemies":"Gensokyo:Gryphon","floor":4,"turns":5},{"damage":0,"enemies":"Gensokyo:Python_and_Kodama","floor":5,"turns":6},{"damage":25,"enemies":"Gensokyo:Aya","floor":6,"turns":5},{"damage":30,"enemies":"Gensokyo:Cirno","floor":8,"turns":7},{"damage":12,"enemies":"Gensokyo:Kitsune","floor":13,"turns":4},{"damage":5,"enemies":"Gensokyo:Mamizou","floor":14,"turns":7},{"damage":25,"enemies":"Gensokyo:Kokoro","floor":16,"turns":10},{"damage":0,"enemies":"Spheric Guardian","floor":18,"turns":3},{"damage":13,"enemies":"2 Thieves","floor":22,"turns":4},{"damage":26,"enemies":"Replay:Snechameleon","floor":24,"turns":5},{"damage":6,"enemies":"Centurion and Healer","floor":25,"turns":4},{"damage":3,"enemies":"Snake Plant","floor":32,"turns":5},{"damage":43,"enemies":"conspire:MysteriousRune","floor":35,"turns":9},{"damage":43,"enemies":"Gensokyo:AncientGuardian","floor":37,"turns":8},{"damage":0,"enemies":"Gensokyo:3_Bats","floor":40,"turns":4},{"damage":0,"enemies":"Gensokyo:3_Boulders","floor":41,"turns":5},{"damage":58,"enemies":"Gensokyo:Marisa","floor":43,"turns":6},{"damage":0,"enemies":"Gensokyo:SeedOfUnknown","floor":46,"turns":6},{"damage":26,"enemies":"Gensokyo:Kasen","floor":48,"turns":6}],"seed_played":"5420389089603188781","potions_obtained":[{"floor":1,"key":"SteroidPotion"},{"floor":4,"key":"Swift Potion"},{"floor":5,"key":"Swift Potion"},{"floor":13,"key":"Adrenaline Potion"},{"floor":14,"key":"GamblersBrew"},{"floor":16,"key":"Swift Potion"},{"floor":18,"key":"SteroidPotion"},{"floor":25,"key":"Swift Potion"},{"floor":32,"key":"Milkshake"},{"floor":35,"key":"DuplicationPotion"},{"floor":37,"key":"theMarked:SummonPotion"},{"floor":40,"key":"AttackPotion"},{"floor":43,"key":"Venom Potion"},{"floor":46,"key":"BlessingOfTheForge"}],"is_trial":false,"path_per_floor":["M","?","M","M","M","E","R","E","T","COS","R","?","M","E","R_BF","B",null,"M","?","$","T","M","R","E","M","T","R","PTL","PTL","?","R","M","?","R","B",null,"M","?","?","M","M","R","E","COS","T","M","$","E"],"character_chosen":"THE_DEFAULT","items_purchased":["theMarked:TwofoldDefense","ReplayTheSpireMod:Private Reserves"],"campfire_rested":4,"item_purchase_floors":[20,20],"current_hp_per_floor":[69,69,69,69,69,44,44,14,14,28,49,49,37,32,32,7,70,70,70,70,84,71,71,45,39,39,69,69,69,69,69,66,66,94,51,94,51,51,51,51,51,84,26,26,26,26,26,0,0],"gold":96,"neow_bonus":"UPGRADE_CARD","is_daily":false,"chose_seed":false,"campfire_upgraded":2,"win_rate":0.0,"timestamp":1613331493,"path_taken":["M","?","M","M","M","E","R","E","T","COS","R","?","?","E","R_BF","BOSS","M","?","$","?","M","R","E","M","T","R","PTL","PTL","?","R","M","?","R","BOSS","M","?","?","M","M","R","E","COS","T","?","$","E"],"items_purchased_type":["Card","Card"],"build_version":"2020-12-22","purchased_purges":1,"victory":false,"max_hp_per_floor":[70,70,70,70,70,70,70,70,70,70,70,70,70,70,70,70,70,70,70,70,84,84,84,84,84,84,89,89,89,89,89,89,89,94,94,94,94,94,94,94,94,99,99,99,99,99,99,99,99],"card_choices":[{"not_picked":["theMarked:Pokerface","theMarked:RepellingDischarge"],"picked":"theMarked:HeightenedSenses","floor":1},{"not_picked":["theMarked:BanishingWave","theMarked:TheMission"],"picked":"theMarked:ResourceFulStrike","floor":3},{"not_picked":["theMarked:PowerFlow","theMarked:Parkour"],"picked":"theMarked:RogueSparks","floor":4},{"not_picked":["theMarked:AttractMetal","theMarked:Panic"],"picked":"theMarked:EmpowerWeapon","floor":5},{"not_picked":["theMarked:TheMission","theMarked:WastefulAttack","theMarked:Parkour"],"picked":"SKIP","floor":6},{"not_picked":["theMarked:SwordAndMagic","theMarked:Pokerface"],"picked":"theMarked:ElectricStrings","floor":8},{"not_picked":["theMarked:Electrify","theMarked:WardOff"],"picked":"theMarked:Memento","floor":13},{"not_picked":["theMarked:Overthink","theMarked:Generate"],"picked":"theMarked:SwordAndMagic","floor":14},{"not_picked":["theMarked:FavorableWinds","theMarked:Snap"],"picked":"theMarked:MagusForm","floor":16},{"not_picked":["theMarked:Improvise+1","theMarked:Overthink+1"],"picked":"theMarked:ChainLightning+1","floor":18},{"not_picked":["theMarked:Memento","theMarked:Aftermath"],"picked":"theMarked:Friction+1","floor":18},{"not_picked":["theMarked:Parkour","theMarked:LightningStrikesTwice+1","theMarked:ChainLightning"],"picked":"SKIP","floor":22},{"not_picked":["theMarked:Overcharge+1","theMarked:EnhanceMovement","theMarked:Vacuum"],"picked":"SKIP","floor":24},{"not_picked":["theMarked:Frustration+1","theMarked:EnhanceMovement"],"picked":"theMarked:HeightenedSenses+1","floor":25},{"not_picked":["theMarked:Aftermath","theMarked:LightningStrikesTwice","theMarked:RepellingDischarge"],"picked":"SKIP","floor":32},{"not_picked":["theMarked:Snap","theMarked:TakeOffHeels"],"picked":"theMarked:DispelDoubt","floor":35},{"not_picked":["theMarked:ChannelForce+1","theMarked:WastefulAttack+1"],"picked":"theMarked:Memento","floor":37},{"not_picked":["theMarked:SwordAndMagic+1","theMarked:Frustration+1"],"picked":"theMarked:Memento","floor":40},{"not_picked":["theMarked:SwordAndMagic","theMarked:Improvise"],"picked":"theMarked:TurnInvisible","floor":41},{"not_picked":["theMarked:Improvise","theMarked:EnhanceMovement+1","theMarked:ChainLightning"],"picked":"SKIP","floor":43},{"not_picked":["theMarked:ParalyzingBlade","theMarked:HeightenedSenses+1"],"picked":"theMarked:ComboAttacks+1","floor":46}],"player_experience":428914,"relics_obtained":[{"floor":6,"key":"Grinning Jar"},{"floor":8,"key":"White Beast Statue"},{"floor":14,"key":"theForsaken:Kindling"},{"floor":15,"key":"conspire:Boomerang"},{"floor":21,"key":"Mango"},{"floor":24,"key":"Iron Hammer"},{"floor":26,"key":"DemoMod:LamentConfigurum"},{"floor":43,"key":"DemoMod:WhiteGuonStone"},{"floor":45,"key":"Pet Ghost"}],"event_choices":[{"damage_healed":0,"gold_gain":0,"player_choice":"Invest 2","damage_taken":0,"max_hp_gain":0,"max_hp_loss":0,"event_name":"conspire:Investor","floor":2,"gold_loss":0},{"damage_healed":0,"gold_gain":0,"cards_transformed":["theMarked:Strike"],"player_choice":"Transformed","damage_taken":0,"max_hp_gain":0,"max_hp_loss":0,"event_name":"Transmorgrifier","floor":19,"gold_loss":0,"cards_obtained":["theMarked:MysticalArsenal"]}],"is_beta":false,"boss_relics":[{"not_picked":["Replay:Grab Bag","StuffTheSpire:RunicHypercube"],"picked":"Abe\u0027s Treasure"},{"not_picked":["theMarked:Eyepatch","conspire:SeveredTorchhead"],"picked":"theForsaken:PaleLantern"}],"items_purged_floors":[20],"is_endless":false,"potions_floor_spawned":[1,4,5,13,14,16,18,22,24,25,32,35,37,40,41,43,46],"killed_by":"Gensokyo:Kasen","ascension_level":0}}