{"host":"dlqyscxstsnu98l1","time":1613283030,"event":{"mods":["AchievementEnabler","BaseMod","Colored Map","Colored Powertips","GifTheSpireLib","Highlight Path","Minty Spire (QoL Compilation)","Random Character Button","SacredBarkPlus","StSLib","everything is the same but u backflip on backflip"],"gold_per_floor":[110,120,120,85,36,65,116,143,143,143,178,178,196,210,210,313,313,328,173,173,173,185,185,134,151,151,0,20,20,20,20,20,20,20],"floor_reached":33,"language":"ENG","playtime":861,"items_purged":[],"score":338,"play_id":"0988ff2f-94f3-4525-ac7e-f8416ea16c2d","local_time":"20210214001030","is_ascension_mode":true,"campfire_choices":[{"floor":12,"key":"REST"},{"data":"Bash","floor":15,"key":"SMITH"},{"data":"Flame Barrier","floor":23,"key":"SMITH"},{"floor":32,"key":"REST"}],"circlet_count":0,"master_deck":["Strike_R+1","Strike_R+1","Strike_R+1","Strike_R+1","Strike_R+1","Defend_R+1","Defend_R+1","Defend_R+1","Defend_R+1","Bash+1","Berserk+1","Cleave","Ghostly Armor","Perfected Strike+1","Bludgeon+1","Pommel Strike+1","Anger+1","Uppercut+1","Feed+1","CurseOfTheBell","Shrug It Off","Disarm","Wild Strike+1","Flame Barrier+1","Decay","Warcry+1","Disarm"],"relics":["Burning Blood","Molten Egg 2","Bag of Marbles","Strawberry","Toy Ornithopter","Calling Bell","Bronze Scales","Sundial","Bird Faced Urn","Orrery","Kunai"],"acts_visited":["Exordium","TheCity"],"potions_floor_usage":[6,11,18,25],"damage_taken":[{"damage":3,"enemies":"Jaw Worm","floor":1,"turns":5},{"damage":10,"enemies":"Small Slimes","floor":2,"turns":3},{"damage":24,"enemies":"Gremlin Nob","floor":6,"turns":5},{"damage":19,"enemies":"3 Sentries","floor":8,"turns":6},{"damage":28,"enemies":"Lagavulin","floor":11,"turns":7},{"damage":0,"enemies":"Cultist","floor":13,"turns":1},{"damage":0,"enemies":"Looter","floor":14,"turns":1},{"damage":55,"enemies":"The Guardian","floor":16,"turns":9},{"damage":36,"enemies":"Spheric Guardian","floor":18,"turns":6},{"damage":17,"enemies":"2 Thieves","floor":22,"turns":4},{"damage":4,"enemies":"3 Cultists","floor":25,"turns":5},{"damage":38,"enemies":"Cultist and Chosen","floor":28,"turns":7},{"damage":44,"enemies":"Collector","floor":33,"turns":5}],"seed_played":"-8151924837262561801","potions_obtained":[{"floor":1,"key":"Dexterity Potion"},{"floor":2,"key":"DuplicationPotion"},{"floor":16,"key":"ColorlessPotion"},{"floor":18,"key":"FearPotion"}],"is_trial":false,"path_per_floor":["M","M","?","?","$","E","?","E","T","?","E","R","M","M","R","B",null,"M","$","?","?","M","R","$","M","T","?","M","$","?","$","R","B"],"character_chosen":"IRONCLAD","items_purchased":["Perfected Strike+1","Orrery","Block Potion"],"campfire_rested":2,"item_purchase_floors":[5,19,24],"current_hp_per_floor":[80,76,51,71,71,53,53,47,47,47,25,51,57,63,63,14,87,66,66,66,66,55,55,55,68,68,68,42,42,42,42,71,27,27],"gold":20,"neow_bonus":"ONE_RANDOM_RARE_CARD","is_daily":false,"chose_seed":false,"campfire_upgraded":2,"win_rate":0.0,"timestamp":1613283030,"path_taken":["M","M","?","?","?","E","?","E","T","?","E","R","M","M","R","BOSS","M","?","?","?","M","R","$","?","T","?","M","$","?","?","R","BOSS"],"items_purchased_type":["Card","Relic","Potion"],"build_version":"2020-12-22","purchased_purges":0,"victory":false,"max_hp_per_floor":[80,80,80,80,80,80,80,87,87,87,87,87,87,87,87,87,87,91,91,91,91,91,91,91,95,95,95,99,99,99,99,99,99,99],"card_choices":[{"not_picked":["Metallicize","Sword Boomerang"],"picked":"Cleave","floor":1},{"not_picked":["Warcry","Clash"],"picked":"Ghostly Armor","floor":2},{"not_picked":["Reaper+1","Metallicize"],"picked":"Bludgeon+1","floor":6},{"not_picked":["Rampage+1","Exhume"],"picked":"Pommel Strike+1","floor":8},{"not_picked":["Flex","Headbutt+1"],"picked":"Anger+1","floor":11},{"not_picked":["Heavy Blade+1","Warcry","Searing Blow+1"],"picked":"SKIP","floor":13},{"not_picked":["Twin Strike+1","Armaments"],"picked":"Uppercut+1","floor":14},{"not_picked":["Brutality","Demon Form"],"picked":"Feed+1","floor":16},{"not_picked":["Dropkick+1","Sever Soul+1","Pummel+1"],"picked":"SKIP","floor":18},{"not_picked":["Cleave+1","Headbutt+1"],"picked":"Shrug It Off","floor":19},{"not_picked":["Inflame","Clothesline+1"],"picked":"Disarm","floor":19},{"not_picked":["Blood for Blood+1","Evolve"],"picked":"Wild Strike+1","floor":19},{"not_picked":["Bloodletting+1","Wild Strike+1"],"picked":"Warcry+1","floor":22},{"not_picked":["Fiend Fire+1","Warcry"],"picked":"Disarm","floor":25},{"not_picked":["Perfected Strike+1","Anger+1","Infernal Blade+1"],"picked":"SKIP","floor":28}],"player_experience":203008,"relics_obtained":[{"floor":6,"key":"Bag of Marbles"},{"floor":8,"key":"Strawberry"},{"floor":11,"key":"Toy Ornithopter"},{"floor":17,"key":"Bronze Scales"},{"floor":17,"key":"Sundial"},{"floor":17,"key":"Bird Faced Urn"},{"floor":26,"key":"Kunai"}],"event_choices":[{"damage_healed":0,"gold_gain":0,"player_choice":"Success","damage_taken":25,"relics_obtained":["Molten Egg 2"],"max_hp_gain":0,"max_hp_loss":0,"event_name":"Scrap Ooze","floor":3,"gold_loss":0},{"damage_healed":20,"gold_gain":0,"player_choice":"Healed","damage_taken":0,"max_hp_gain":0,"max_hp_loss":0,"event_name":"The Cleric","floor":4,"gold_loss":35},{"damage_healed":0,"gold_gain":51,"player_choice":"Gained Gold","damage_taken":0,"max_hp_gain":0,"max_hp_loss":0,"event_name":"Golden Wing","floor":7,"gold_loss":0},{"damage_healed":0,"gold_gain":0,"player_choice":"Upgraded","damage_taken":0,"max_hp_gain":0,"max_hp_loss":0,"event_name":"Upgrade Shrine","floor":10,"gold_loss":0,"cards_upgraded":["Berserk"]},{"damage_healed":0,"gold_gain":0,"player_choice":"Read","damage_taken":0,"max_hp_gain":0,"max_hp_loss":0,"event_name":"The Library","floor":20,"gold_loss":0,"cards_obtained":["Flame Barrier"]},{"damage_healed":0,"gold_gain":0,"player_choice":"Smashed Altar","damage_taken":0,"max_hp_gain":0,"max_hp_loss":0,"event_name":"Forgotten Altar","floor":21,"gold_loss":0,"cards_obtained":["Decay"]},{"damage_healed":0,"gold_gain":0,"player_choice":"Paid Fearfully","damage_taken":0,"max_hp_gain":0,"max_hp_loss":0,"event_name":"Masked Bandits","floor":27,"gold_loss":151},{"damage_healed":0,"gold_gain":0,"player_choice":"Simplicity","damage_taken":0,"max_hp_gain":0,"max_hp_loss":0,"event_name":"Back to Basics","floor":30,"gold_loss":0,"cards_upgraded":["Strike_R","Strike_R","Strike_R","Strike_R","Strike_R","Defend_R","Defend_R","Defend_R","Defend_R"]}],"is_beta":false,"boss_relics":[{"not_picked":["Coffee Dripper","Runic Pyramid"],"picked":"Calling Bell"}],"items_purged_floors":[],"is_endless":false,"potions_floor_spawned":[1,2,16,18],"killed_by":"Collector","ascension_level":4}}