{"host":"sav7uxregyirlf69","time":1613309615,"event":{"mods":["AchievementEnabler","BaseMod","Colored Map","DeckTracker","Keyboard Shortcuts","Minty Spire (QoL Compilation)","READ ME - Guardian Mod","StSLib","SuperFastMode"],"gold_per_floor":[114,134,134,144,144,144,155,168,193,193,205,205,239,250,250,327,327,345,345,52,52,52,52,52,67,120,137,137,137],"floor_reached":28,"language":"KOR","playtime":412,"items_purged":["Strike_B"],"score":465,"play_id":"0ca00177-093b-4ff7-b044-6a1ed1263de2","local_time":"20210214223335","is_ascension_mode":true,"campfire_choices":[{"data":"Zap","floor":6.0,"key":"SMITH"},{"data":"Coolheaded","floor":10.0,"key":"SMITH"},{"data":"Go for the Eyes","floor":12.0,"key":"SMITH"},{"floor":15.0,"key":"REST"},{"data":"Defragment","floor":24,"key":"SMITH"}],"circlet_count":0,"master_deck":["AscendersBane","Strike_B","Defend_B","Defend_B","Defend_B","Defend_B","Zap+1","Dualcast","Leap","Sweeping Beam","Go for the Eyes+1","Skim","Coolheaded+1","Lockon","Compile Driver","Doom and Gloom","Electrodynamics","Defragment+1","Turbo"],"relics":["Cracked Core","Bag of Marbles","Omamori","Calling Bell","DataDisk","Shuriken","Mango","Anchor"],"acts_visited":["TheCity"],"potions_floor_usage":[28],"damage_taken":[{"damage":4.0,"enemies":"Jaw Worm","floor":1.0,"turns":3.0},{"damage":0.0,"enemies":"2 Louse","floor":2.0,"turns":3.0},{"damage":4.0,"enemies":"Small Slimes","floor":4.0,"turns":4.0},{"damage":1.0,"enemies":"Exordium Wildlife","floor":7.0,"turns":4.0},{"damage":17.0,"enemies":"Large Slime","floor":8.0,"turns":7.0},{"damage":11.0,"enemies":"Lots of Slimes","floor":11.0,"turns":3.0},{"damage":13.0,"enemies":"Lagavulin","floor":13.0,"turns":6.0},{"damage":7.0,"enemies":"Exordium Wildlife","floor":14.0,"turns":2.0},{"damage":31.0,"enemies":"Slime Boss","floor":16.0,"turns":4.0},{"damage":17.0,"enemies":"Spheric Guardian","floor":18.0,"turns":4.0},{"damage":15,"enemies":"Chosen","floor":25,"turns":4},{"damage":17,"enemies":"Snake Plant","floor":27,"turns":4},{"damage":27,"enemies":"Slavers","floor":28,"turns":3}],"seed_played":"6429797073817263815","potions_obtained":[{"floor":1.0,"key":"FearPotion"},{"floor":4.0,"key":"Fire Potion"},{"floor":13.0,"key":"Fire Potion"},{"floor":25,"key":"FocusPotion"}],"is_trial":false,"path_per_floor":["M","M","?","M","?","R","M","M","T","R","M","R","E","M","R","B",null,"M","?","$","?","?","$","R","M","T","M","E"],"character_chosen":"DEFECT","items_purchased":["Turbo","Anchor"],"campfire_rested":1,"item_purchase_floors":[20,20],"current_hp_per_floor":[67,67,67,63,63,63,62,45,45,45,34,34,21,14,37,6,74,57,57,57,57,57,57,57,42,42,25,0,0],"gold":137,"neow_bonus":"TEN_PERCENT_HP_BONUS","is_daily":false,"chose_seed":false,"campfire_upgraded":4,"win_rate":0.0,"timestamp":1613309615,"path_taken":["M","M","?","M","?","R","M","M","T","R","M","R","E","M","R","BOSS","M","?","$","?","?","?","R","M","T","M","E"],"items_purchased_type":["Card","Relic"],"build_version":"2020-12-22","purchased_purges":1,"victory":false,"max_hp_per_floor":[78,78,78,78,78,78,78,78,78,78,78,78,78,78,78,78,92,92,92,92,92,92,92,92,92,92,92,92,92],"card_choices":[{"not_picked":["Steam Power","Heatsinks"],"picked":"Leap","floor":1.0},{"not_picked":["Loop","Hologram"],"picked":"Sweeping Beam","floor":2.0},{"not_picked":["Undo","Recycle"],"picked":"Go for the Eyes","floor":4.0},{"not_picked":["Hologram","Rip and Tear"],"picked":"Coolheaded","floor":7.0},{"not_picked":["Heatsinks","Beam Cell"],"picked":"Lockon","floor":8.0},{"not_picked":["Beam Cell","Coolheaded"],"picked":"Compile Driver","floor":11.0},{"not_picked":["Heatsinks","Hologram","Redo"],"picked":"SKIP","floor":13.0},{"not_picked":["Go for the Eyes","Conserve Battery"],"picked":"Doom and Gloom","floor":14.0},{"not_picked":["Hyperbeam","Creative AI"],"picked":"Electrodynamics","floor":16.0},{"not_picked":["Hologram","Steam"],"picked":"Defragment","floor":18.0},{"not_picked":["Leap","Streamline","Conserve Battery"],"picked":"SKIP","floor":25},{"not_picked":["Fusion","Double Energy","Ball Lightning"],"picked":"SKIP","floor":27}],"player_experience":1572196,"relics_obtained":[{"floor":9.0,"key":"Bag of Marbles"},{"floor":13.0,"key":"Omamori"},{"floor":17.0,"key":"DataDisk"},{"floor":17.0,"key":"Shuriken"},{"floor":17.0,"key":"Mango"}],"event_choices":[{"damage_healed":0.0,"max_hp_gain":0.0,"max_hp_loss":0.0,"gold_gain":0.0,"event_name":"Liars Game","player_choice":"Ignored","floor":3.0,"gold_loss":0.0,"damage_taken":0.0},{"damage_healed":0.0,"max_hp_gain":0.0,"max_hp_loss":0.0,"gold_gain":0.0,"cards_transformed":["Strike_B"],"event_name":"Living Wall","player_choice":"Change","floor":5.0,"gold_loss":0.0,"damage_taken":0.0,"cards_obtained":["Skim"]},{"damage_healed":0.0,"max_hp_gain":0.0,"max_hp_loss":0.0,"gold_gain":0.0,"event_name":"Cursed Tome","player_choice":"Ignored","floor":19.0,"gold_loss":0.0,"damage_taken":0.0},{"damage_healed":0,"gold_gain":0,"player_choice":"Ignored","damage_taken":0,"max_hp_gain":0,"max_hp_loss":0,"event_name":"Vampires","floor":21,"gold_loss":0},{"cards_removed":["Strike_B"],"damage_healed":0,"gold_gain":0,"player_choice":"Elegance","damage_taken":0,"max_hp_gain":0,"max_hp_loss":0,"event_name":"Back to Basics","floor":22,"gold_loss":0}],"is_beta":false,"boss_relics":[{"not_picked":["Tiny House","Runic Pyramid"],"picked":"Calling Bell"}],"items_purged_floors":[20],"is_endless":false,"potions_floor_spawned":[1,4,7,13,25],"killed_by":"Slavers","ascension_level":20}}