{"host":"dlskvfecb6rtl9z1","time":1613264637,"event":{"mods":["2.2 Compatiblity","AchievementEnabler","Aspiration","BaseMod","Better Third Choice","Colored Map","Colored Powertips","Duelist Mod","Hermit","Hubris","Infinite Spire","KinomotoSakuraMod(????)","Koishi","Marisa????????","Minty Spire (QoL Compilation)","Remilia??????","Replay The Spire","Shop Mod","StSLib","Td1madao Mod","The Administrix","The Bug Knight","The Construct","The Cursed","The Disciple","The Hierophant","The Jungle","The Mystic","The Necromancer","The Runesmith","The Senshi","The Servant 0.9.4"],"gold_per_floor":[115,0,14,14,14,49,49,60,85,105,124,154,104,123,123,224,224,236,206,216,236,236,236,255,255,255,266,295,295,295,314,372,472,472,485,514,530,530,549,549,563,563,613,409,420,420,436,446,446,446,446],"floor_reached":50,"language":"ENG","playtime":4711,"items_purged":["Strike_B","theDuelist:CurseDarkness","Strike_B","Strike_B","Defend_B","hubris:Compulsion"],"score":526,"play_id":"623ce4e1-6227-4b52-a6e6-8d950db5f0ac","local_time":"20210214030357","is_ascension_mode":true,"campfire_choices":[{"data":"Sweeping Beam","floor":7.0,"key":"SMITH"},{"floor":15.0,"key":"REST"},{"data":"Glacier","floor":23.0,"key":"SMITH"},{"data":"Doom and Gloom","floor":30.0,"key":"SMITH"},{"floor":40,"key":"REST"},{"floor":46,"key":"REST"},{"floor":49,"key":"REST"}],"circlet_count":0,"master_deck":["Zap","Dualcast","Go for the Eyes+1","Enlightenment","Sweeping Beam+1","Doom and Gloom+1","Electrodynamics+1","Glacier+1","Loop+1","Echo Form+1","Self Repair+1","infinitespire:NeuralNetwork+1","Leap+1","Auto Shields+1","theDuelist:CurseArmaments","Buffer+1","Leap+1","Seek","Parasite","Doubt","Defragment+1","Consume+1","Defragment+1","Static Discharge+1"],"relics":["Cracked Core","aspiration:Nostalgia","AdministrixMod:ConductorRitualBaton","Frozen Egg 2","Du-Vu Doll","Smiling Mask","Blood Vial","Torii","hubris:VirtuousBlindfold","hubris:TinFlute","Pen Nib","Astrolabe","Prayer Wheel","Kintsugi","Whetstone","infinitespire:PuzzleCube"],"acts_visited":["Exordium","TheCity","TheBeyond"],"potions_floor_usage":[45,50,50,50],"damage_taken":[{"damage":4.0,"enemies":"Jaw Worm","floor":1.0,"turns":3.0},{"damage":2.0,"enemies":"Small Slimes","floor":3.0,"turns":3.0},{"damage":18.0,"enemies":"HollowMod:MossKnight","floor":6.0,"turns":13.0},{"damage":8.0,"enemies":"2 Louse","floor":8.0,"turns":2.0},{"damage":22.0,"enemies":"Gremlin Gang","floor":10.0,"turns":3.0},{"damage":0.0,"enemies":"Large Slime","floor":11.0,"turns":3.0},{"damage":13.0,"enemies":"Gremlin Nob","floor":12.0,"turns":3.0},{"damage":1.0,"enemies":"Blue Slaver","floor":14.0,"turns":4.0},{"damage":19.0,"enemies":"Hexaghost","floor":16.0,"turns":11.0},{"damage":17.0,"enemies":"2 Thieves","floor":18.0,"turns":2.0},{"damage":8.0,"enemies":"Shell Parasite","floor":20.0,"turns":6.0},{"damage":19.0,"enemies":"Sentry and Sphere","floor":21.0,"turns":4.0},{"damage":0.0,"enemies":"3 Cultists","floor":24.0,"turns":3.0},{"damage":10.0,"enemies":"Snake Plant","floor":27.0,"turns":4.0},{"damage":34.0,"enemies":"Book of Stabbing","floor":28.0,"turns":6.0},{"damage":2.0,"enemies":"Snecko","floor":31.0,"turns":5.0},{"damage":44.0,"enemies":"Champ","floor":33.0,"turns":11.0},{"damage":31,"enemies":"3 Darklings","floor":35,"turns":4},{"damage":6,"enemies":"3 Shapes","floor":37,"turns":5},{"damage":23,"enemies":"Transient","floor":39,"turns":5},{"damage":15,"enemies":"3 Darklings","floor":41,"turns":4},{"damage":24,"enemies":"Jaw Worm Horde","floor":45,"turns":3},{"damage":27,"enemies":"Maw","floor":47,"turns":8},{"damage":11,"enemies":"4 Shapes","floor":48,"turns":4},{"damage":68,"enemies":"hubris:GrandSnecko","floor":50,"turns":12}],"seed_played":"-2851469793037417505","potions_obtained":[{"floor":3.0,"key":"DuplicationPotion"},{"floor":6.0,"key":"FocusPotion"},{"floor":11.0,"key":"Dexterity Potion"},{"floor":19.0,"key":"Explosive Potion"},{"floor":19.0,"key":"Fire Potion"},{"floor":20.0,"key":"LiquidMemories"},{"floor":21.0,"key":"Dexterity Potion"},{"floor":31.0,"key":"Adrenaline Potion"},{"floor":33.0,"key":"Explosive Potion"},{"floor":35,"key":"Venom Potion"},{"floor":36,"key":"CultistPotion"},{"floor":36,"key":"LiquidBronze"},{"floor":37,"key":"FocusPotion"},{"floor":47,"key":"infinitespire:BlackPotion"},{"floor":48,"key":"Energy Potion"}],"is_trial":false,"path_per_floor":["M","?","M","?","?","E","R","M","T","M","M","E","$","M","R","B",null,"M","?","M","M","?","R","M","?","T","M","E","$","R","M","R_BF","B",null,"M","?","M","AVR","M","R","M","?","T","$","M","R","M","M","R","B"],"character_chosen":"DEFECT","items_purchased":["infinitespire:PuzzleCube"],"campfire_rested":4,"item_purchase_floors":[44],"current_hp_per_floor":[71,77,75,75,57,39,39,31,31,11,13,2,2,3,27,10,81,64,64,58,41,41,41,53,80,80,81,67,46,46,56,56,24,81,60,28,34,34,23,47,44,44,44,44,22,46,31,32,56,0,0],"gold":446,"neow_bonus":"NOSTALGIA","is_daily":false,"chose_seed":false,"campfire_upgraded":3,"win_rate":0.0,"timestamp":1613264637,"path_taken":["M","?","M","?","?","E","R","M","T","M","M","E","$","M","R","BOSS","M","?","M","?","?","R","M","?","T","M","E","?","R","M","R_BF","BOSS","M","?","M","AVR","M","R","M","?","T","$","M","R","M","M","R","BOSS"],"items_purchased_type":["Relic"],"build_version":"2020-12-22","purchased_purges":6,"victory":false,"max_hp_per_floor":[75,81,81,81,81,81,81,81,81,81,81,81,81,81,81,81,81,81,81,81,81,81,81,81,81,81,81,81,81,81,81,81,81,81,81,81,81,81,81,81,81,81,81,81,81,81,81,81,81,81,81],"card_choices":[{"not_picked":["Coolheaded","Stack"],"picked":"Go for the Eyes","floor":1.0},{"not_picked":["Stack","Redo","Beam Cell"],"picked":"SKIP","floor":3.0},{"not_picked":["Reprogram","Steam"],"picked":"Sweeping Beam","floor":6.0},{"not_picked":["Rebound","Leap"],"picked":"Doom and Gloom","floor":8.0},{"not_picked":["Storm+1","Barrage"],"picked":"Electrodynamics+1","floor":10.0},{"not_picked":["Hologram","Compile Driver"],"picked":"Glacier","floor":11.0},{"not_picked":["Crystallizer+1","Time Bomb"],"picked":"Loop+1","floor":12.0},{"not_picked":["Reprogram","Capacitor+1","Crystallizer+1"],"picked":"SKIP","floor":14.0},{"not_picked":["All For One","Fission"],"picked":"Echo Form+1","floor":16.0},{"not_picked":["Rebound+1","ReplayGash","Hologram"],"picked":"SKIP","floor":18.0},{"not_picked":["Reinforced Body","Melter","Capacitor+1"],"picked":"SKIP","floor":20.0},{"not_picked":["ReplayTheSpireMod:Reroute Power+1","Coolheaded"],"picked":"Self Repair+1","floor":21.0},{"not_picked":["infinitespire:FutureSight","infinitespire:Execution"],"picked":"infinitespire:NeuralNetwork","floor":22.0},{"not_picked":["Rip and Tear","Steam Power","hubris:Ukulele"],"picked":"SKIP","floor":24.0},{"not_picked":["Chaos","Rebound","Time Bomb"],"picked":"SKIP","floor":27.0},{"not_picked":["Steam Power","Hologram"],"picked":"Leap+1","floor":28.0},{"not_picked":["Stack","Heatsinks+1"],"picked":"Auto Shields+1","floor":31.0},{"not_picked":["All For One","ReplayTheSpireMod:Omega Cannon"],"picked":"ReplayTheSpireMod:Fabricate Wheel","floor":33.0},{"not_picked":["Conserve Battery","Capacitor+1"],"picked":"Leap+1","floor":35},{"not_picked":["Stack","Beam Cell+1"],"picked":"Seek","floor":37},{"not_picked":["Beam Cell+1","Stack+1","Redo+1"],"picked":"SKIP","floor":37},{"not_picked":["Barrage","Hologram","Streamline+1"],"picked":"SKIP","floor":39},{"not_picked":["BootSequence","Double Energy","Heatsinks+1"],"picked":"SKIP","floor":39},{"not_picked":["Gash+1","Beam Cell+1"],"picked":"Defragment+1","floor":41},{"not_picked":["BasicCrystalCard+1","ReplayGash+1","Gash"],"picked":"SKIP","floor":41},{"not_picked":["Reprogram+1","Barrage+1"],"picked":"Consume+1","floor":45},{"not_picked":["Recycle","Doom and Gloom+1","Consume+1"],"picked":"SKIP","floor":45},{"not_picked":["Lockon","ReplayTheSpireMod:Reroute Power+1"],"picked":"Defragment+1","floor":47},{"not_picked":["Barrage","All For One","Coolheaded"],"picked":"SKIP","floor":47},{"not_picked":["Heatsinks+1","hubris:Ukulele"],"picked":"Static Discharge+1","floor":48},{"not_picked":["Melter","Redo+1","Conserve Battery"],"picked":"SKIP","floor":48}],"player_experience":152780,"relics_obtained":[{"floor":6.0,"key":"Smiling Mask"},{"floor":9.0,"key":"Blood Vial"},{"floor":12.0,"key":"Torii"},{"floor":26.0,"key":"hubris:TinFlute"},{"floor":28.0,"key":"Pen Nib"},{"floor":43,"key":"Whetstone"}],"event_choices":[{"damage_healed":0.0,"max_hp_gain":0.0,"max_hp_loss":0.0,"gold_gain":0.0,"event_name":"betterThird:BetterSerpent","player_choice":"RENOUNCE","floor":2.0,"gold_loss":115.0,"damage_taken":115.0,"cards_obtained":["Enlightenment"]},{"damage_healed":0.0,"max_hp_gain":0.0,"max_hp_loss":0.0,"gold_gain":0.0,"event_name":"betterThird:BetterScrap","player_choice":"Relic ","floor":5.0,"gold_loss":0.0,"damage_taken":18.0,"cards_obtained":["Meditate"]},{"damage_healed":0.0,"max_hp_gain":0.0,"max_hp_loss":0.0,"gold_gain":0.0,"event_name":"The Woman in Blue","player_choice":"Bought 2 Potions","floor":19.0,"gold_loss":0.0,"damage_taken":0.0},{"damage_healed":27.0,"max_hp_gain":0.0,"max_hp_loss":0.0,"gold_gain":0.0,"event_name":"The Library","player_choice":"Heal","floor":25.0,"gold_loss":0.0,"damage_taken":0.0},{"damage_healed":0,"gold_gain":0,"player_choice":"Ignored","damage_taken":0,"max_hp_gain":0,"max_hp_loss":0,"event_name":"Tomb of Lord Red Mask","floor":42,"gold_loss":0}],"is_beta":false,"boss_relics":[{"not_picked":["ReplayTheSpireMod:DimensionalGlitch","Honey Jar"],"picked":"hubris:VirtuousBlindfold"},{"not_picked":["Abe\u0027s Treasure","infinitespire:Cupcake"],"picked":"Astrolabe"}],"items_purged_floors":[13,29,29,29,38,44],"is_endless":false,"potions_floor_spawned":[3,6,11,20,21,24,31,33,35,37,39,47,48],"killed_by":"hubris:GrandSnecko","ascension_level":2}}