{"host":"8u1cu4kisw6g21am","time":1613266388,"event":{"mods":["AchievementEnabler","BaseMod","Bestiary","BetterRewards","Minty Spire (QoL Compilation)","Quick Restart","Shop Mod","StSLib"],"gold_per_floor":[114,114,289,285,298,327,327,343,343,343,343,171,185,220,220,320,320,332,431,451,60,70,70,28,45,91,91,91,91,105,117,117,218,268,278,328,348,362,415,415,140,140,165,165,176,207,207,227,227,227,227,227,227,252,252],"floor_reached":56,"language":"ENG","playtime":10447,"items_purged":["Strike_B","Strike_B","Strike_B","Strike_B","Defend_B","Defend_B","Defend_B","Defend_B","Hello World","Zap","Skim","Lockon","Ball Lightning","Heatsinks"],"score":1785,"play_id":"08a4ab68-1986-4147-8f06-be2d6cf3a870","local_time":"20210213203308","is_ascension_mode":false,"campfire_choices":[{"data":"Fusion","floor":7.0,"key":"SMITH"},{"floor":11.0,"key":"REST"},{"data":"Double Energy","floor":15.0,"key":"SMITH"},{"data":"Dualcast","floor":23.0,"key":"SMITH"},{"data":"Creative AI","floor":27.0,"key":"SMITH"},{"data":"Storm","floor":29.0,"key":"SMITH"},{"data":"Defragment","floor":32.0,"key":"SMITH"},{"data":"Coolheaded","floor":40.0,"key":"PURGE"},{"data":"Fission","floor":42.0,"key":"SMITH"},{"data":"Redo","floor":44.0,"key":"PURGE"},{"floor":47.0,"key":"RECALL"},{"data":"Amplify","floor":49.0,"key":"SMITH"},{"data":"Rainbow","floor":52.0,"key":"PURGE"}],"circlet_count":0,"master_deck":["Dualcast+1","Loop","Genetic Algorithm+1","Capacitor","Double Energy+1","Doom and Gloom+1","Loop","Redo","Lockon+1","Genetic Algorithm+1","Capacitor","Redo","Genetic Algorithm+1","Defragment+1","Fusion+1","Ball Lightning+1","Storm+1","Cold Snap+1","Lockon+1","Cold Snap+1","Defragment","Lockon+1","Double Energy+1","Chaos+1","Consume","Ball Lightning+1","Creative AI+1","Amplify+1","Fission+1","Multi-Cast","Core Surge+1"],"relics":["Cracked Core","MerchantsRug","TungstenRod","Sling","Vajra","Ancient Tea Set","Unceasing Top","Calipers","ClockworkSouvenir","HornCleat","CaptainsWheel","Cables","Lantern","Molten Egg 2","Peace Pipe","Membership Card","FossilizedHelix","Runic Capacitor","Gambling Chip","Strange Spoon","Philosopher\u0027s Stone","Letter Opener","Torii","Whetstone","Bag of Marbles","Tiny House","Du-Vu Doll","Thread and Needle","Regal Pillow","Orichalcum","Bag of Preparation"],"acts_visited":["Exordium","TheCity","TheBeyond","TheEnding"],"potions_floor_usage":[55,55,55],"damage_taken":[{"damage":0.0,"enemies":"Jaw Worm","floor":1.0,"turns":3.0},{"damage":0.0,"enemies":"Small Slimes","floor":5.0,"turns":2.0},{"damage":0.0,"enemies":"Lagavulin","floor":6.0,"turns":3.0},{"damage":0.0,"enemies":"Cultist","floor":8.0,"turns":4.0},{"damage":0.0,"enemies":"3 Louse","floor":13.0,"turns":2.0},{"damage":0.0,"enemies":"Gremlin Nob","floor":14.0,"turns":3.0},{"damage":15.0,"enemies":"Hexaghost","floor":16.0,"turns":3.0},{"damage":6.0,"enemies":"Shell Parasite","floor":18.0,"turns":3.0},{"damage":0.0,"enemies":"Spheric Guardian","floor":20.0,"turns":2.0},{"damage":7.0,"enemies":"Snake Plant","floor":22.0,"turns":2.0},{"damage":0.0,"enemies":"Snecko","floor":25.0,"turns":3.0},{"damage":0.0,"enemies":"Centurion and Healer","floor":30.0,"turns":2.0},{"damage":0.0,"enemies":"Chosen and Byrds","floor":31.0,"turns":2.0},{"damage":0.0,"enemies":"Champ","floor":33.0,"turns":2.0},{"damage":0.0,"enemies":"3 Shapes","floor":35.0,"turns":4.0},{"damage":0.0,"enemies":"Mind Bloom Boss Battle","floor":36.0,"turns":2.0},{"damage":0.0,"enemies":"Orb Walker","floor":37.0,"turns":3.0},{"damage":0.0,"enemies":"Maw","floor":38.0,"turns":3.0},{"damage":10.0,"enemies":"2 Orb Walkers","floor":39.0,"turns":2.0},{"damage":0.0,"enemies":"Transient","floor":45.0,"turns":5.0},{"damage":0.0,"enemies":"Nemesis","floor":46.0,"turns":3.0},{"damage":0.0,"enemies":"Spire Growth","floor":48.0,"turns":2.0},{"damage":0.0,"enemies":"Awakened One","floor":50.0,"turns":4.0},{"damage":0.0,"enemies":"Shield and Spear","floor":54.0,"turns":3.0},{"damage":0,"enemies":"The Heart","floor":55,"turns":3}],"seed_played":"-6891284174835449450","potions_obtained":[{"floor":0.0,"key":"Dexterity Potion"},{"floor":0.0,"key":"AttackPotion"},{"floor":0.0,"key":"DuplicationPotion"},{"floor":0.0,"key":"DuplicationPotion"},{"floor":0.0,"key":"Fire Potion"},{"floor":28.0,"key":"EntropicBrew"},{"floor":30.0,"key":"FocusPotion"}],"is_trial":false,"path_per_floor":["M","?","?","$","M","E","R","M","T","$","R","$","M","E","R","B",null,"M","?","M","$","M","R","$","M","T","R","?","R","M","M","R","B",null,"M","?","M","M","?","R","$","R","T","R","M","E","R","M","R","B",null,"R","$","E","B",null],"character_chosen":"DEFECT","items_purchased":["MerchantsRug","Loop","Dream Catcher","TungstenRod","Sling","Vajra","Ancient Tea Set","Lockon","FocusPotion","Ball Lightning","Genetic Algorithm","Omamori","Toy Ornithopter","Orrery","Double Energy","Doom and Gloom","Loop","Redo","Lockon","ClockworkSouvenir","HornCleat","Cauldron","Cables","Lantern","Molten Egg 2","Strawberry","Defragment","Fusion","Ball Lightning+1","Coolheaded","Storm","Cold Snap+1","Membership Card","War Paint","Lockon+1","Runic Capacitor","Gambling Chip","Strange Spoon","Consume","Letter Opener","PrismaticShard","Torii","Ball Lightning+1","Whetstone","Fission"],"campfire_rested":1,"item_purchase_floors":[0,0,0,0,0,0,0,0,0,0,0,0,0,0,0,0,0,0,0,0,0,0,0,0,0,0,0,0,0,0,0,0,0,0,0,0,4,12,21,21,21,21,24,24,41],"current_hp_per_floor":[48,42,42,42,42,42,42,42,42,42,70,70,70,70,70,55,96,90,90,90,90,83,83,83,83,83,83,83,83,83,83,83,83,101,101,101,101,101,91,91,91,91,91,91,91,91,91,91,91,91,101,101,101,101,101],"gold":252,"neow_bonus":"","is_daily":false,"chose_seed":false,"campfire_upgraded":8,"win_rate":0.0,"timestamp":1613266388,"path_taken":["M","?","?","$","M","E","R","M","T","$","R","?","M","E","R","BOSS","M","?","M","$","M","R","$","M","T","R","?","R","M","M","R","BOSS","M","?","M","M","?","R","$","R","T","R","M","E","R","M","R","BOSS","R","$","E","BOSS"],"items_purchased_type":["Relic","Card","Relic","Relic","Relic","Relic","Relic","Card","Potion","Card","Card","Relic","Relic","Relic","Card","Card","Card","Card","Card","Relic","Relic","Relic","Relic","Relic","Relic","Relic","Card","Card","Card","Card","Card","Card","Relic","Relic","Card","Relic","Relic","Relic","Card","Relic","Relic","Relic","Card","Relic","Card"],"build_version":"2020-12-22","purchased_purges":14,"victory":true,"max_hp_per_floor":[96,96,96,96,96,96,96,96,96,96,96,96,96,96,96,96,96,96,96,96,96,96,96,96,96,96,96,96,96,96,96,96,96,101,101,101,101,101,101,101,101,101,101,101,101,101,101,101,101,101,101,101,101,101,101],"card_choices":[{"not_picked":["Leap","Machine Learning"],"picked":"Capacitor","floor":0.0},{"not_picked":["White Noise","Cold Snap"],"picked":"Redo","floor":0.0},{"not_picked":["Beam Cell","Auto Shields"],"picked":"Skim","floor":0.0},{"not_picked":["Glacier","White Noise"],"picked":"Genetic Algorithm","floor":0.0},{"not_picked":["Leap","Steam"],"picked":"Beam Cell","floor":0.0},{"not_picked":["Leap","Machine Learning"],"picked":"Capacitor","floor":0.0},{"not_picked":["White Noise","Cold Snap"],"picked":"Redo","floor":0.0},{"not_picked":["Glacier","White Noise"],"picked":"Genetic Algorithm","floor":0.0},{"not_picked":["Hyperbeam","Reinforced Body"],"picked":"Hello World","floor":0.0},{"not_picked":["Melter+1","Reprogram"],"picked":"Cold Snap+1","floor":1.0},{"not_picked":["Conserve Battery","Steam","FTL+1"],"picked":"SKIP","floor":5.0},{"not_picked":["White Noise","Steam Power"],"picked":"Defragment","floor":6.0},{"not_picked":["Gash+1","Compile Driver+1","Skim"],"picked":"SKIP","floor":8.0},{"not_picked":["Melter+1","FTL+1"],"picked":"Lockon+1","floor":11.0},{"not_picked":["Barrage+1","Leap","Rebound+1"],"picked":"SKIP","floor":13.0},{"not_picked":["Barrage+1","Reinforced Body"],"picked":"Double Energy","floor":14.0},{"not_picked":["Amplify","Hyperbeam+1"],"picked":"Rainbow","floor":16.0},{"not_picked":["Redo+1","Darkness"],"picked":"Chaos+1","floor":18.0},{"not_picked":["Conserve Battery+1","Stack+1","Go for the Eyes+1"],"picked":"SKIP","floor":20.0},{"not_picked":["Dark Embrace","Anger+1","Prepared"],"picked":"SKIP","floor":22.0},{"not_picked":["Go for the Eyes+1","Streamline+1"],"picked":"Creative AI","floor":25.0},{"not_picked":["Gash+1","Compile Driver+1"],"picked":"Heatsinks","floor":30.0},{"not_picked":["Rebound+1","Redo","Blizzard+1"],"picked":"SKIP","floor":31.0},{"not_picked":["Thunder Strike+1","All For One+1"],"picked":"Amplify","floor":33.0},{"not_picked":["Conserve Battery+1","Chill+1","Cold Snap+1"],"picked":"SKIP","floor":35.0},{"not_picked":["Skim","Streamline+1","Chaos+1"],"picked":"SKIP","floor":37.0},{"not_picked":["Rip and Tear+1","Skim","White Noise+1"],"picked":"SKIP","floor":38.0},{"not_picked":["Chill+1","Reprogram","Compile Driver+1"],"picked":"SKIP","floor":45.0},{"not_picked":["Heatsinks","Cold Snap+1","Reinforced Body"],"picked":"SKIP","floor":46.0},{"not_picked":["Steam+1","Compile Driver+1"],"picked":"Multi-Cast","floor":48.0},{"not_picked":["Compile Driver+1","Coolheaded+1"],"picked":"Core Surge+1","floor":54.0}],"player_experience":239005,"relics_obtained":[{"floor":6.0,"key":"Blue Candle"},{"floor":14.0,"key":"Tiny Chest"},{"floor":26.0,"key":"Bag of Marbles"},{"floor":36.0,"key":"Du-Vu Doll"},{"floor":39.0,"key":"Thread and Needle"},{"floor":43.0,"key":"Regal Pillow"},{"floor":46.0,"key":"Orichalcum"},{"floor":54.0,"key":"Bag of Preparation"}],"event_choices":[{"cards_removed":["Beam Cell"],"damage_healed":0.0,"max_hp_gain":0.0,"max_hp_loss":0.0,"gold_gain":0.0,"event_name":"Golden Wing","player_choice":"Card Removal","floor":2.0,"gold_loss":0.0,"damage_taken":7.0},{"damage_healed":0.0,"max_hp_gain":0.0,"max_hp_loss":0.0,"gold_gain":175.0,"event_name":"Liars Game","player_choice":"AGREE","floor":3.0,"gold_loss":0.0,"damage_taken":0.0,"cards_obtained":["Doubt"]},{"damage_healed":0.0,"max_hp_gain":0.0,"max_hp_loss":0.0,"gold_gain":99.0,"event_name":"Nest","player_choice":"Stole From Cult","floor":19.0,"gold_loss":0.0,"damage_taken":0.0},{"damage_healed":0.0,"max_hp_gain":0.0,"max_hp_loss":0.0,"gold_gain":0.0,"event_name":"Lab","player_choice":"Got Potions","floor":28.0,"gold_loss":0.0,"damage_taken":0.0},{"damage_healed":0.0,"max_hp_gain":0.0,"max_hp_loss":0.0,"gold_gain":0.0,"event_name":"MindBloom","player_choice":"Fight","floor":36.0,"gold_loss":0.0,"damage_taken":0.0},{"damage_healed":0.0,"max_hp_gain":0.0,"max_hp_loss":0.0,"gold_gain":0.0,"event_name":"Mysterious Sphere","player_choice":"Fight","floor":39.0,"gold_loss":0.0,"damage_taken":0.0}],"is_beta":false,"boss_relics":[{"not_picked":["Inserter","Snecko Eye"],"picked":"Philosopher\u0027s Stone"},{"not_picked":["Cursed Key","Velvet Choker"],"picked":"Tiny House"}],"items_purged_floors":[0,0,0,0,0,0,0,0,0,0,0,12,24,41],"is_endless":false,"potions_floor_spawned":[6,8,14,16,22,25,30,35,36,38,45],"ascension_level":0}}