{"host":"0xtpc43j5kblke7u","time":1613279241,"event":{"mods":["AchievementEnabler","BaseMod","Colored Map","Highlight Path","Minty Spire (QoL Compilation)"],"gold_per_floor":[110,6,23,34,34,66,66,66,92,92,117,169,184,199,199,295,295,312,312,312,327,341,341,341,366,366,366,366,8,34,51,51,51,51],"floor_reached":33,"language":"ENG","playtime":1534,"items_purged":["Strike_R"],"score":454,"play_id":"d156437c-6e73-4470-9143-b7d08435bcfc","local_time":"20210214000721","is_ascension_mode":true,"campfire_choices":[{"data":"Uppercut","floor":7.0,"key":"SMITH"},{"data":"True Grit","floor":15.0,"key":"SMITH"},{"floor":23.0,"key":"REST"},{"floor":28.0,"key":"REST"},{"data":"Flame Barrier","floor":32.0,"key":"SMITH"}],"circlet_count":0,"master_deck":["AscendersBane","Strike_R","Strike_R","Strike_R","Strike_R","Defend_R","Defend_R","Defend_R","Defend_R","Bash","Anger","Metallicize","Cleave","Carnage","Shockwave","Uppercut+1","True Grit+1","Inflame","Feed","Flame Barrier+1","Ghostly Armor","Metallicize","Dark Shackles","Metallicize+1","True Grit"],"relics":["Burning Blood","NeowsBlessing","Bag of Marbles","MealTicket","Lantern","Velvet Choker","MutagenicStrength","Darkstone Periapt","Meat on the Bone","Nunchaku","Vajra"],"acts_visited":["Exordium","TheCity"],"potions_floor_usage":[33,33],"damage_taken":[{"damage":0.0,"enemies":"Cultist","floor":1.0,"turns":1.0},{"damage":0.0,"enemies":"2 Louse","floor":3.0,"turns":1.0},{"damage":0.0,"enemies":"Small Slimes","floor":4.0,"turns":1.0},{"damage":36.0,"enemies":"3 Sentries","floor":6.0,"turns":8.0},{"damage":24.0,"enemies":"Lagavulin","floor":11.0,"turns":5.0},{"damage":0.0,"enemies":"3 Louse","floor":13.0,"turns":2.0},{"damage":4.0,"enemies":"2 Fungi Beasts","floor":14.0,"turns":4.0},{"damage":34.0,"enemies":"The Guardian","floor":16.0,"turns":12.0},{"damage":6.0,"enemies":"Chosen","floor":18.0,"turns":4.0},{"damage":23.0,"enemies":"Spheric Guardian","floor":21.0,"turns":4.0},{"damage":30.0,"enemies":"Chosen and Byrds","floor":22.0,"turns":6.0},{"damage":27.0,"enemies":"Slavers","floor":25.0,"turns":5.0},{"damage":29.0,"enemies":"Book of Stabbing","floor":30.0,"turns":6.0},{"damage":9.0,"enemies":"Snecko","floor":31.0,"turns":5.0},{"damage":73,"enemies":"Champ","floor":33,"turns":16}],"seed_played":"116031437928371848","potions_obtained":[{"floor":1.0,"key":"ElixirPotion"},{"floor":6.0,"key":"Block Potion"},{"floor":14.0,"key":"Dexterity Potion"},{"floor":16.0,"key":"DistilledChaos"},{"floor":21.0,"key":"BlessingOfTheForge"},{"floor":30.0,"key":"ColorlessPotion"},{"floor":31.0,"key":"Dexterity Potion"}],"is_trial":false,"path_per_floor":["M","$","M","M","?","E","R","?","T","?","E","?","M","M","R","B",null,"M","?","?","M","M","R","?","E","T","?","R","$","E","M","R","B"],"character_chosen":"IRONCLAD","items_purchased":["Metallicize","Cleave","Dark Shackles","Fire Potion","Nunchaku"],"campfire_rested":2,"item_purchase_floors":[2,2,29,29,29],"current_hp_per_floor":[78,78,80,80,80,50,50,50,50,55,37,37,43,45,45,17,68,68,68,68,51,27,52,52,34,34,34,60,75,52,61,61,0,0],"gold":51,"neow_bonus":"THREE_ENEMY_KILL","is_daily":false,"chose_seed":false,"campfire_upgraded":3,"win_rate":0.0,"timestamp":1613279241,"path_taken":["M","$","?","M","?","E","R","?","T","?","E","?","M","?","R","BOSS","M","?","?","M","M","R","?","E","T","?","R","$","E","M","R","BOSS"],"items_purchased_type":["Card","Card","Card","Potion","Relic"],"build_version":"2020-12-22","purchased_purges":1,"victory":false,"max_hp_per_floor":[80,80,80,80,80,80,80,80,80,85,85,85,85,85,85,85,85,85,85,85,85,85,85,85,88,88,88,88,88,88,88,88,88,88],"card_choices":[{"not_picked":["Body Slam","Second Wind"],"picked":"Anger","floor":1.0},{"not_picked":["Perfected Strike","Anger"],"picked":"Carnage","floor":3.0},{"not_picked":["Warcry","Battle Trance"],"picked":"Shockwave","floor":4.0},{"not_picked":["Pommel Strike","Rampage"],"picked":"Uppercut","floor":6.0},{"not_picked":["Twin Strike","Heavy Blade"],"picked":"True Grit","floor":11.0},{"not_picked":["Double Tap","Blood for Blood"],"picked":"Inflame","floor":13.0},{"not_picked":["Reckless Charge","Twin Strike","Carnage"],"picked":"SKIP","floor":14.0},{"not_picked":["Fiend Fire","Brutality"],"picked":"Feed","floor":16.0},{"not_picked":["Anger","Havoc","Body Slam+1"],"picked":"SKIP","floor":18.0},{"not_picked":["Headbutt","Armaments+1"],"picked":"Flame Barrier","floor":21.0},{"not_picked":["Flame Barrier","Whirlwind","Thunderclap"],"picked":"SKIP","floor":22.0},{"not_picked":["Iron Wave+1","Hemokinesis+1"],"picked":"Metallicize","floor":25.0},{"not_picked":["Burning Pact+1","Exhume"],"picked":"Metallicize+1","floor":30.0},{"not_picked":["Headbutt+1","Metallicize"],"picked":"True Grit","floor":31.0}],"player_experience":672669,"relics_obtained":[{"floor":6.0,"key":"Bag of Marbles"},{"floor":9.0,"key":"MealTicket"},{"floor":11.0,"key":"Lantern"},{"floor":25.0,"key":"Darkstone Periapt"},{"floor":26.0,"key":"Meat on the Bone"},{"floor":30.0,"key":"Vajra"}],"event_choices":[{"damage_healed":0.0,"max_hp_gain":0.0,"max_hp_loss":0.0,"gold_gain":0.0,"event_name":"Liars Game","player_choice":"Ignored","floor":5.0,"gold_loss":0.0,"damage_taken":0.0},{"damage_healed":0.0,"max_hp_gain":0.0,"max_hp_loss":0.0,"gold_gain":0.0,"event_name":"Golden Idol","player_choice":"Ignored","floor":8.0,"gold_loss":0.0,"damage_taken":0.0},{"damage_healed":0.0,"max_hp_gain":5.0,"max_hp_loss":0.0,"gold_gain":0.0,"event_name":"Big Fish","player_choice":"Donut","floor":10.0,"gold_loss":0.0,"damage_taken":0.0},{"damage_healed":0.0,"max_hp_gain":0.0,"max_hp_loss":0.0,"gold_gain":52.0,"event_name":"Golden Wing","player_choice":"Gained Gold","floor":12.0,"gold_loss":0.0,"damage_taken":0.0},{"damage_healed":0.0,"max_hp_gain":0.0,"max_hp_loss":0.0,"gold_gain":0.0,"event_name":"Drug Dealer","player_choice":"Inject Mutagens","floor":19.0,"gold_loss":0.0,"damage_taken":0.0,"relics_obtained":["MutagenicStrength"]},{"damage_healed":0.0,"max_hp_gain":0.0,"max_hp_loss":0.0,"gold_gain":0.0,"event_name":"Ghosts","player_choice":"Ignored","floor":20.0,"gold_loss":0.0,"damage_taken":0.0},{"damage_healed":0.0,"max_hp_gain":0.0,"max_hp_loss":0.0,"gold_gain":0.0,"event_name":"The Library","player_choice":"Read","floor":24.0,"gold_loss":0.0,"damage_taken":0.0,"cards_obtained":["Ghostly Armor"]},{"damage_healed":0.0,"max_hp_gain":0.0,"max_hp_loss":0.0,"gold_gain":0.0,"event_name":"Cursed Tome","player_choice":"Ignored","floor":27.0,"gold_loss":0.0,"damage_taken":0.0}],"is_beta":false,"boss_relics":[{"not_picked":["Black Blood","Empty Cage"],"picked":"Velvet Choker"}],"items_purged_floors":[29],"is_endless":false,"potions_floor_spawned":[1,6,14,16,21,30,31],"killed_by":"Champ","ascension_level":11}}