{"host":"irc1izoeqqttpzsx","time":1613301433,"event":{"mods":["2.2 Compatiblity","Aspiration","BaseMod","Better Note","BetterRewards","Colored Map","Colored Powertips","Conspire","DeckTracker","GifTheSpireLib","Highlight Path","Hubris","Infinite Spire","Mad Scientist","Mimic Mod","Minty Spire (QoL Compilation)","Quick Restart","Rare Cards Sparkle","Relic Sorter","Replay The Spire","Shop Mod","Spikes Relics","StSLib","SuperFastMode","The Servant 0.9.4","Trackpad","Uncapped","Weighted Paths"],"gold_per_floor":[1118,381,381,401,401,429,429,459,492,717,717,747,747,776,776,873,873,887,887,887,905,905,930,930,946,946,946,975,975,574,590,590,691,691,711,722,632,652,663,663,663],"floor_reached":40,"language":"ENG","playtime":2548,"items_purged":["Strike_S","Strike_S","Strike_S"],"score":783,"play_id":"efc181a0-f355-41a1-abd3-ff6902ad8cb1","local_time":"20210214061713","is_ascension_mode":true,"campfire_choices":[{"data":"Alleviate","floor":7,"key":"SMITH"},{"data":"Orbit","floor":11,"key":"SMITH"},{"data":"SurpressingFire","floor":15,"key":"SMITH"},{"data":"Duplication","floor":24,"key":"SMITH"},{"data":"Sabotage","floor":27,"key":"SMITH"},{"data":"Sabotage","floor":32,"key":"SMITH"}],"circlet_count":0,"master_deck":["Defend_S+1","Defend_S+1","KidneyShot+1","Exchange","Orbit+1","GearUp","Advance","Alleviate+1","Rewind","Moonlight","SoulSculpture+1","FastForward+1","SurpressingFire+1","Duplication+1","Barrier+1","Misdirection+1","ShiftingGears","CurseOfTheBell","Solidify","Hightail","Sabotage+1","Potential","Sabotage+1","TheWorld","Collapse"],"relics":["Uniform","NeowsBlessing","hubris:PeanutButter","War Paint","MerchantsRug","hubris:Towel","Blood Vial","infinitespire:Satchel","Anchor","Lantern","PocketWatch","trackpad:ByrdCharm","Bag of Preparation","infinitespire:ShieldingShard","Astrolabe","Calling Bell","Smiling Mask","Gambling Chip","SnailShell","Kunai","infinitespire:Broken Mirror","ReplayTheSpireMod:Ring of Addiction","SacredBark","Potion Belt","Frozen Egg 2","Ring of Chaos"],"acts_visited":["Exordium","TheCity","TheBeyond"],"potions_floor_usage":[8,14,23,23,35,40,40,40,40,40,40],"damage_taken":[{"damage":0,"enemies":"Jaw Worm","floor":1,"turns":1},{"damage":0,"enemies":"Small Slimes","floor":4,"turns":1},{"damage":0,"enemies":"Gremlin Nob","floor":6,"turns":1},{"damage":52,"enemies":"Lagavulin","floor":8,"turns":15},{"damage":0,"enemies":"2 Louse","floor":9,"turns":9},{"damage":0,"enemies":"3 Sentries","floor":12,"turns":5},{"damage":0,"enemies":"Gremlin Nob","floor":14,"turns":3},{"damage":0,"enemies":"Slime Boss","floor":16,"turns":15},{"damage":0,"enemies":"Chosen","floor":18,"turns":5},{"damage":0,"enemies":"Spheric Guardian","floor":21,"turns":4},{"damage":13,"enemies":"Slavers","floor":23,"turns":15},{"damage":0,"enemies":"3 Cultists","floor":25,"turns":7},{"damage":0,"enemies":"conspire:SneckoGhost","floor":28,"turns":8},{"damage":0,"enemies":"Centurion and Healer","floor":31,"turns":6},{"damage":0,"enemies":"Champ","floor":33,"turns":25},{"damage":0,"enemies":"3 Darklings","floor":35,"turns":8},{"damage":0,"enemies":"3 Shapes","floor":36,"turns":5},{"damage":0,"enemies":"Transient","floor":38,"turns":5},{"damage":0,"enemies":"3 Darklings","floor":39,"turns":5},{"damage":65,"enemies":"Giant Head","floor":40,"turns":13}],"seed_played":"-8621072656546238834","potions_obtained":[{"floor":6,"key":"Adrenaline Potion"},{"floor":8,"key":"Swift Potion"},{"floor":12,"key":"AttackPotion"},{"floor":14,"key":"SteroidPotion"},{"floor":18,"key":"AttackPotion"},{"floor":21,"key":"SkillPotion"},{"floor":23,"key":"Weak Potion"},{"floor":29,"key":"Weak Potion"},{"floor":29,"key":"Fire Potion"},{"floor":29,"key":"Elixir"},{"floor":36,"key":"Explosive Potion"},{"floor":38,"key":"LiquidMemories"}],"is_trial":false,"path_per_floor":["M","$","?","M","?","E","R","E","MIM","$","R","E","?","E","R","B",null,"M","AVR","?","M","?","E","R","M","T","R","E","?","$","M","R","B",null,"M","M","?","M","M","E"],"character_chosen":"THE_SERVANT","items_purchased":["hubris:PeanutButter","GearUp","Advance","War Paint","MerchantsRug","PocketWatch","trackpad:ByrdCharm","SoulSculpture+1","Frozen Egg 2","Potential","Energy Potion"],"campfire_rested":0,"item_purchase_floors":[2,2,2,2,2,10,10,10,30,30,30],"current_hp_per_floor":[65,65,65,65,65,65,65,13,15,15,15,17,17,19,19,21,65,65,65,65,65,65,52,52,54,54,54,64,64,64,65,65,63,63,63,63,63,63,61,0,0],"gold":663,"neow_bonus":"THREE_ENEMY_KILL","is_daily":false,"chose_seed":false,"campfire_upgraded":6,"win_rate":0.0,"timestamp":1613301433,"path_taken":["M","$","?","M","?","E","R","E","MIM","$","R","E","?","E","R","BOSS","M","AVR","?","M","?","E","R","M","T","R","E","?","$","M","R","BOSS","M","M","?","M","M","E"],"items_purchased_type":["Relic","Card","Card","Relic","Relic","Relic","Relic","Card","Relic","Card","Potion"],"build_version":"2020-12-22","purchased_purges":3,"victory":false,"max_hp_per_floor":[65,65,65,65,65,65,65,65,65,65,65,65,65,65,65,65,65,65,65,65,65,65,65,65,65,65,65,65,65,65,65,65,63,63,63,63,63,63,61,61,61],"card_choices":[{"not_picked":["Reset","Unruled"],"picked":"Orbit","floor":1},{"not_picked":["Starlight","Foresight"],"picked":"Alleviate","floor":4},{"not_picked":["Moonlight","DoubleEdge"],"picked":"Rewind","floor":6},{"not_picked":["Ricochet","Contraction"],"picked":"Moonlight","floor":8},{"not_picked":["Rewind","Ricochet"],"picked":"FastForward","floor":12},{"not_picked":["Gouge","Replace"],"picked":"SurpressingFire","floor":14},{"not_picked":["MurderousAura","Solidify"],"picked":"Duplication","floor":16},{"not_picked":["Manipulate","Potential"],"picked":"ShiftingGears","floor":18},{"not_picked":["Revamp","Manipulate","Ricochet+1"],"picked":"SKIP","floor":21},{"not_picked":["Rewind+1","Orbit+1"],"picked":"Hightail","floor":23},{"not_picked":["KillingDoll","FastForward"],"picked":"Sabotage","floor":25},{"not_picked":["Moondial","Alleviate","GearUp+1"],"picked":"SKIP","floor":28},{"not_picked":["Spin","Potential"],"picked":"Sabotage","floor":31},{"not_picked":["KillingDoll","FlawlessForm+1"],"picked":"TheWorld","floor":33},{"not_picked":["Alleviate+1","Desolation","FastForward"],"picked":"SKIP","floor":35},{"not_picked":["Spin+1","Revamp+1","BottledTime+1"],"picked":"SKIP","floor":36},{"not_picked":["Orbit+1","StarChef+1","Ricochet"],"picked":"SKIP","floor":38},{"not_picked":["Rewind","SoulSculpture"],"picked":"Collapse","floor":39}],"player_experience":500263,"relics_obtained":[{"floor":6,"key":"Blood Vial"},{"floor":8,"key":"infinitespire:Satchel"},{"floor":9,"key":"Anchor"},{"floor":9,"key":"Lantern"},{"floor":12,"key":"Bag of Preparation"},{"floor":14,"key":"infinitespire:ShieldingShard"},{"floor":19,"key":"Smiling Mask"},{"floor":19,"key":"Gambling Chip"},{"floor":23,"key":"SnailShell"},{"floor":26,"key":"Kunai"},{"floor":28,"key":"infinitespire:Broken Mirror"},{"floor":29,"key":"ReplayTheSpireMod:Ring of Addiction"},{"floor":29,"key":"SacredBark"},{"floor":29,"key":"Potion Belt"}],"event_choices":[{"damage_healed":0,"gold_gain":0,"player_choice":"Ignored","damage_taken":0,"max_hp_gain":0,"max_hp_loss":0,"event_name":"Liars Game","floor":5,"gold_loss":0},{"damage_healed":0,"gold_gain":0,"player_choice":"1 cards matched","damage_taken":0,"max_hp_gain":0,"max_hp_loss":0,"event_name":"Match and Keep!","floor":20,"gold_loss":0,"cards_obtained":["Solidify"]},{"damage_healed":0,"gold_gain":0,"player_choice":"1 cards matched","damage_taken":0,"max_hp_gain":0,"max_hp_loss":0,"event_name":"Match and Keep!","floor":20,"gold_loss":0,"cards_obtained":["Solidify"]},{"cards_removed":["Duplication"],"damage_healed":0,"gold_gain":0,"player_choice":"Give","damage_taken":0,"max_hp_gain":0,"max_hp_loss":0,"event_name":"betterNote:BetterNote","floor":22,"gold_loss":0,"cards_obtained":["None"]},{"cards_removed":["SpecialFormula"],"damage_healed":0,"gold_gain":0,"player_choice":"Upgrade and Remove","damage_taken":0,"max_hp_gain":0,"max_hp_loss":0,"event_name":"Designer","floor":37,"gold_loss":90,"cards_upgraded":["KidneyShot"]}],"is_beta":false,"boss_relics":[{"not_picked":["SlaversCollar","Sozu"],"picked":"Astrolabe"},{"not_picked":["ReplayTheSpireMod:DimensionalGlitch","hubris:ScarierMask"],"picked":"Ring of Chaos"}],"items_purged_floors":[2,10,30],"is_endless":false,"potions_floor_spawned":[6,8,12,14,18,21,23,36,38,39],"killed_by":"Giant Head","ascension_level":1}}