{"host":"kb6kd92pmlm29812","time":1613334061,"event":{"mods":["AchievementEnabler","BaseMod","Colored Map","Highlight Path","Minty Spire (QoL Compilation)","Permanent Neow","Quick Restart","StSLib"],"gold_per_floor":[112,131,143,243,253,282,294,102,102,115,115,12,12,51,51,171,171,190,105,144,144,59,59,90,108,135,46,46,84,509,523,523,652,652,672,1005,655,565,565,565,565,565,647,647,661,693,705,298,298,298,298,298,18,49,49,49],"floor_reached":55,"language":"ENG","playtime":5889,"items_purged":["Strike_P","Pray","Wallop","Defend_P"],"score":864,"play_id":"6da6127a-0dd7-484c-9c37-f57cacadc020","local_time":"20210214152101","is_ascension_mode":false,"campfire_choices":[{"data":"ClearTheMind","floor":15.0,"key":"SMITH"},{"data":"Vault","floor":23.0,"key":"SMITH"},{"data":"Omniscience","floor":28.0,"key":"SMITH"},{"data":"Crescendo","floor":32.0,"key":"SMITH"},{"data":"Vault","floor":40.0,"key":"SMITH"},{"data":"LikeWater","floor":44.0,"key":"SMITH"},{"floor":49.0,"key":"RECALL"},{"data":"CutThroughFate","floor":52.0,"key":"SMITH"}],"circlet_count":0,"master_deck":["Defend_P","Eruption+1","Vigilance","Consecrate+1","Nirvana","Protect","ClearTheMind+1","Consecrate","Weave","Nirvana","CutThroughFate+1","LikeWater+1","Vault+1","LikeWater+1","Omniscience+1","Crescendo+1","SandsOfTime","InnerPeace","CutThroughFate+1","EmptyMind","FlurryOfBlows+1","Vault+1","CutThroughFate+1","Dramatic Entrance+1","FlurryOfBlows+1","Finesse"],"relics":["PureWater","Juzu Bracelet","Orichalcum","Dream Catcher","VioletLotus","HornCleat","Red Mask","Matryoshka","Oddly Smooth Stone","Bag of Preparation","PreservedInsect","Old Coin","Ornamental Fan","Philosopher\u0027s Stone","Molten Egg 2","Centennial Puzzle","Potion Belt","Membership Card","Pen Nib","Whetstone","Calipers","Toy Ornithopter"],"acts_visited":["Exordium","TheCity","TheBeyond","TheEnding"],"potions_floor_usage":[55,55],"damage_taken":[{"damage":0.0,"enemies":"Small Slimes","floor":1.0,"turns":3.0},{"damage":0.0,"enemies":"Cultist","floor":2.0,"turns":2.0},{"damage":1.0,"enemies":"Jaw Worm","floor":3.0,"turns":4.0},{"damage":0.0,"enemies":"Looter","floor":5.0,"turns":5.0},{"damage":19.0,"enemies":"Gremlin Nob","floor":6.0,"turns":6.0},{"damage":12.0,"enemies":"Blue Slaver","floor":7.0,"turns":5.0},{"damage":0.0,"enemies":"Lots of Slimes","floor":10.0,"turns":4.0},{"damage":0.0,"enemies":"Lagavulin","floor":14.0,"turns":4.0},{"damage":0.0,"enemies":"Slime Boss","floor":16.0,"turns":7.0},{"damage":14.0,"enemies":"2 Thieves","floor":18.0,"turns":5.0},{"damage":24.0,"enemies":"Masked Bandits","floor":20.0,"turns":5.0},{"damage":3.0,"enemies":"Book of Stabbing","floor":24.0,"turns":6.0},{"damage":0.0,"enemies":"Chosen","floor":25.0,"turns":3.0},{"damage":0.0,"enemies":"Slavers","floor":29.0,"turns":5.0},{"damage":12.0,"enemies":"Colosseum Slavers","floor":30.0,"turns":5.0},{"damage":0.0,"enemies":"Colosseum Nobs","floor":30.0,"turns":2.0},{"damage":0.0,"enemies":"3 Cultists","floor":31.0,"turns":4.0},{"damage":1.0,"enemies":"Champ","floor":33.0,"turns":12.0},{"damage":0.0,"enemies":"Orb Walker","floor":35.0,"turns":3.0},{"damage":0.0,"enemies":"3 Darklings","floor":45.0,"turns":3.0},{"damage":0.0,"enemies":"Reptomancer","floor":46.0,"turns":4.0},{"damage":4.0,"enemies":"4 Shapes","floor":47.0,"turns":3.0},{"damage":19.0,"enemies":"Donu and Deca","floor":50.0,"turns":7.0},{"damage":0.0,"enemies":"Shield and Spear","floor":54.0,"turns":5.0},{"damage":98,"enemies":"The Heart","floor":55,"turns":11}],"seed_played":"8952423567304320954","potions_obtained":[{"floor":1.0,"key":"LiquidMemories"},{"floor":2.0,"key":"Block Potion"},{"floor":5.0,"key":"ColorlessPotion"},{"floor":7.0,"key":"Energy Potion"},{"floor":11.0,"key":"StancePotion"},{"floor":11.0,"key":"Explosive Potion"},{"floor":11.0,"key":"Dexterity Potion"},{"floor":16.0,"key":"DistilledChaos"},{"floor":20.0,"key":"DuplicationPotion"},{"floor":25.0,"key":"Block Potion"},{"floor":31.0,"key":"SpeedPotion"}],"is_trial":false,"path_per_floor":["M","M","M","?","M","E","M","$","T","M","?","$","?","E","R","B",null,"M","?","?","?","$","R","E","M","T","$","R","E","?","M","R","B",null,"M","?","$","?","?","R","?","?","T","R","M","E","M","$","R","B",null,"R","$","E","B"],"character_chosen":"WATCHER","items_purchased":["Weave","Nirvana","CutThroughFate","LikeWater","Crescendo","SandsOfTime","InnerPeace","CutThroughFate","Molten Egg 2","Membership Card","Pen Nib","Finesse","Whetstone","FairyPotion","Calipers"],"campfire_rested":0,"item_purchase_floors":[8,8,12,12,22,22,27,27,37,48,48,48,48,53,53],"current_hp_per_floor":[51,51,50,50,50,31,19,19,19,19,19,19,19,19,19,19,67,53,53,29,29,29,29,26,26,26,26,26,26,14,14,14,13,67,67,67,67,67,67,67,67,67,67,67,67,67,63,63,63,44,67,67,67,67,0,0],"gold":49,"neow_bonus":"TRANSFORM_TWO_CARDS","is_daily":false,"chose_seed":false,"campfire_upgraded":7,"win_rate":0.0,"timestamp":1613334061,"path_taken":["M","M","M","?","M","E","M","$","T","M","?","?","?","E","R","BOSS","M","?","?","?","?","R","E","M","T","$","R","E","?","M","R","BOSS","M","?","$","?","?","R","?","?","T","R","M","E","M","$","R","BOSS","R","$","E","BOSS"],"items_purchased_type":["Card","Card","Card","Card","Card","Card","Card","Card","Relic","Relic","Relic","Card","Relic","Potion","Relic"],"build_version":"2020-12-22","purchased_purges":4,"victory":false,"max_hp_per_floor":[72,72,72,72,72,72,72,72,72,72,72,72,67,67,67,67,67,67,67,67,67,67,67,67,67,67,67,67,67,67,67,67,67,67,67,67,67,67,67,67,67,67,67,67,67,67,67,67,67,67,67,67,67,67,67,67],"card_choices":[{"not_picked":["FlyingSleeves","Evaluate"],"picked":"CutThroughFate","floor":1.0},{"not_picked":["Collect","Sanctity"],"picked":"Nirvana","floor":2.0},{"not_picked":["EmptyBody","Brilliance","Fasting2"],"picked":"SKIP","floor":3.0},{"not_picked":["ClearTheMind","CarveReality"],"picked":"Protect","floor":5.0},{"not_picked":["Perseverance","Ragnarok"],"picked":"ClearTheMind","floor":6.0},{"not_picked":["Indignation","JustLucky"],"picked":"Consecrate","floor":7.0},{"not_picked":["ClearTheMind","Halt","JustLucky"],"picked":"SKIP","floor":10.0},{"not_picked":["WreathOfFlame","Wallop","Adaptation"],"picked":"SKIP","floor":14.0},{"not_picked":["ConjureBlade","MasterReality"],"picked":"Vault","floor":16.0},{"not_picked":["Vengeance+1","JustLucky","FollowUp"],"picked":"SKIP","floor":18.0},{"not_picked":["EmptyBody","Conclude"],"picked":"LikeWater+1","floor":20.0},{"not_picked":["FearNoEvil","EmptyBody","SignatureMove"],"picked":"SKIP","floor":24.0},{"not_picked":["ReachHeaven+1","Halt","Fasting2"],"picked":"SKIP","floor":25.0},{"not_picked":["PathToVictory+1","Meditate"],"picked":"EmptyMind","floor":29.0},{"not_picked":["Crescendo","Study+1"],"picked":"FlurryOfBlows","floor":31.0},{"not_picked":["Judgement","LessonLearned"],"picked":"Vault","floor":33.0},{"not_picked":["EmptyBody","Evaluate+1"],"picked":"CutThroughFate+1","floor":35.0},{"not_picked":["Panacea","Chrysalis"],"picked":"Dramatic Entrance+1","floor":41.0},{"not_picked":["Protect+1","SashWhip+1","Adaptation+1"],"picked":"SKIP","floor":45.0},{"not_picked":["Pray+1","SandsOfTime+1","Meditate+1"],"picked":"SKIP","floor":46.0},{"not_picked":["CrushJoints+1","ThirdEye+1"],"picked":"FlurryOfBlows+1","floor":47.0},{"not_picked":["Sanctity+1","Consecrate+1","Meditate"],"picked":"SKIP","floor":54.0}],"player_experience":15484,"relics_obtained":[{"floor":6.0,"key":"Juzu Bracelet"},{"floor":9.0,"key":"Orichalcum"},{"floor":14.0,"key":"Dream Catcher"},{"floor":20.0,"key":"Red Mask"},{"floor":24.0,"key":"Matryoshka"},{"floor":26.0,"key":"Oddly Smooth Stone"},{"floor":26.0,"key":"Bag of Preparation"},{"floor":29.0,"key":"PreservedInsect"},{"floor":30.0,"key":"Old Coin"},{"floor":30.0,"key":"Ornamental Fan"},{"floor":43.0,"key":"Centennial Puzzle"},{"floor":46.0,"key":"Potion Belt"},{"floor":54.0,"key":"Toy Ornithopter"}],"event_choices":[{"damage_healed":0.0,"max_hp_gain":0.0,"max_hp_loss":0.0,"gold_gain":100.0,"event_name":"Golden Shrine","player_choice":"Pray","floor":4.0,"gold_loss":0.0,"damage_taken":0.0},{"damage_healed":0.0,"max_hp_gain":0.0,"max_hp_loss":0.0,"gold_gain":0.0,"event_name":"Lab","player_choice":"Got Potions","floor":11.0,"gold_loss":0.0,"damage_taken":0.0},{"damage_healed":0.0,"max_hp_gain":0.0,"max_hp_loss":5.0,"gold_gain":0.0,"event_name":"Golden Idol","player_choice":"Lose Max HP","floor":13.0,"gold_loss":0.0,"damage_taken":0.0,"relics_obtained":["Golden Idol"]},{"damage_healed":0.0,"max_hp_gain":0.0,"max_hp_loss":0.0,"gold_gain":0.0,"event_name":"Addict","player_choice":"Obtained Relic","floor":19.0,"gold_loss":85.0,"damage_taken":0.0,"relics_obtained":["HornCleat"]},{"damage_healed":0.0,"max_hp_gain":0.0,"max_hp_loss":0.0,"gold_gain":0.0,"event_name":"Masked Bandits","player_choice":"Fought Bandits","floor":20.0,"gold_loss":0.0,"damage_taken":0.0},{"damage_healed":0.0,"max_hp_gain":0.0,"max_hp_loss":0.0,"gold_gain":0.0,"cards_transformed":["Strike_P","Defend_P"],"event_name":"Drug Dealer","player_choice":"Became Test Subject","floor":21.0,"gold_loss":0.0,"damage_taken":0.0,"cards_obtained":["Omniscience","Wallop"]},{"damage_healed":0.0,"max_hp_gain":0.0,"max_hp_loss":0.0,"gold_gain":0.0,"event_name":"Colosseum","player_choice":"Fight","floor":30.0,"gold_loss":0.0,"damage_taken":0.0},{"damage_healed":0.0,"max_hp_gain":0.0,"max_hp_loss":0.0,"gold_gain":0.0,"event_name":"Colosseum","player_choice":"Fought Nobs","floor":30.0,"gold_loss":0.0,"damage_taken":0.0},{"damage_healed":0.0,"max_hp_gain":0.0,"max_hp_loss":0.0,"gold_gain":333.0,"event_name":"The Moai Head","player_choice":"Gave Idol","floor":36.0,"relics_lost":["Golden Idol"],"gold_loss":0.0,"damage_taken":0.0},{"cards_removed":["Strike_P"],"damage_healed":0.0,"max_hp_gain":0.0,"max_hp_loss":0.0,"gold_gain":0.0,"event_name":"Designer","player_choice":"Upgrade and Remove","floor":38.0,"gold_loss":90.0,"damage_taken":0.0,"cards_upgraded":["Consecrate"]},{"cards_removed":["CutThroughFate"],"damage_healed":0.0,"max_hp_gain":0.0,"max_hp_loss":0.0,"gold_gain":0.0,"event_name":"Falling","player_choice":"Removed Attack","floor":39.0,"gold_loss":0.0,"damage_taken":0.0},{"damage_healed":0.0,"max_hp_gain":0.0,"max_hp_loss":0.0,"gold_gain":0.0,"event_name":"SensoryStone","player_choice":"Memory 1","floor":41.0,"gold_loss":0.0,"damage_taken":0.0},{"damage_healed":0.0,"max_hp_gain":0.0,"max_hp_loss":0.0,"gold_gain":0.0,"event_name":"Upgrade Shrine","player_choice":"Upgraded","floor":42.0,"gold_loss":0.0,"damage_taken":0.0,"cards_upgraded":["Eruption"]}],"is_beta":false,"boss_relics":[{"not_picked":["Black Star","Runic Pyramid"],"picked":"VioletLotus"},{"not_picked":["Tiny House","SlaversCollar"],"picked":"Philosopher\u0027s Stone"}],"items_purged_floors":[8,37,48,53],"is_endless":false,"potions_floor_spawned":[1,2,5,7,16,20,25,30,31],"killed_by":"The Heart","ascension_level":0}}