{"host":"f5gffvlv6a66yqkd","time":1613321024,"event":{"mods":["2.2 Compatiblity","BaseMod","Colored Map","Custom Start","DeckTracker","Keyboard Shortcuts","Minty Spire (QoL Compilation)","Permanent Neow","Quick Restart","Relic Stats","StSLib","SuperFastMode"],"gold_per_floor":[113,113,123,123,133,133,167,180,180,208,227,227,240,94,94,193,193,212,229,129,129,4,4,4,4,29,29,48,48,68,87,87,191,191,191,191],"floor_reached":35,"language":"KOR","playtime":831,"items_purged":["Strike_P","Strike_P","Strike_P"],"score":563,"play_id":"613752ce-b3fd-49d4-9ac8-51626fe5292a","local_time":"20210215014344","is_ascension_mode":true,"campfire_choices":[{"data":"WheelKick","floor":6.0,"key":"SMITH"},{"data":"Wallop","floor":12.0,"key":"SMITH"},{"data":"CrushJoints","floor":15.0,"key":"SMITH"},{"data":"TalkToTheHand","floor":23.0,"key":"SMITH"},{"data":"MentalFortress","floor":29.0,"key":"SMITH"},{"floor":32,"key":"REST"}],"circlet_count":0,"master_deck":["Eruption+1","Vigilance","Deep Breath","CrushJoints+1","Consecrate","WheelKick+1","MentalFortress+1","Wallop+1","TalkToTheHand+1","InnerPeace","EmptyBody","SandsOfTime","Vault","Wireheading+1","CrushJoints+1","DevaForm+1"],"relics":["PureWater","Yang","Girya","Pocketwatch","SacredBark","Boot","Astrolabe"],"acts_visited":["Exordium","TheCity","TheBeyond"],"potions_floor_usage":[31],"damage_taken":[{"damage":0.0,"enemies":"2 Louse","floor":1.0,"turns":3.0},{"damage":0.0,"enemies":"Cultist","floor":3.0,"turns":2.0},{"damage":7.0,"enemies":"Jaw Worm","floor":5.0,"turns":2.0},{"damage":0.0,"enemies":"Gremlin Nob","floor":7.0,"turns":2.0},{"damage":6.0,"enemies":"Lots of Slimes","floor":8.0,"turns":4.0},{"damage":0.0,"enemies":"Lagavulin","floor":10.0,"turns":4.0},{"damage":15.0,"enemies":"3 Louse","floor":11.0,"turns":3.0},{"damage":2.0,"enemies":"Exordium Thugs","floor":13.0,"turns":3.0},{"damage":12.0,"enemies":"Hexaghost","floor":16.0,"turns":5.0},{"damage":13.0,"enemies":"2 Thieves","floor":18.0,"turns":3.0},{"damage":18.0,"enemies":"3 Byrds","floor":19.0,"turns":6.0},{"damage":0.0,"enemies":"Snecko","floor":28.0,"turns":3.0},{"damage":0.0,"enemies":"Cultist and Chosen","floor":30.0,"turns":5.0},{"damage":12,"enemies":"Snake Plant","floor":31,"turns":4},{"damage":6,"enemies":"Champ","floor":33,"turns":8},{"damage":0,"enemies":"3 Shapes","floor":35,"turns":2}],"seed_played":"7144743255395388797","potions_obtained":[{"floor":1.0,"key":"Ancient Potion"},{"floor":3.0,"key":"BlessingOfTheForge"},{"floor":7.0,"key":"Swift Potion"},{"floor":10.0,"key":"FearPotion"},{"floor":30.0,"key":"ColorlessPotion"},{"floor":31,"key":"Regen Potion"}],"is_trial":false,"path_per_floor":["M","?","M","?","M","R","E","M","T","E","M","R","M","$","R","B",null,"M","M","$","?","$","R","?","?","T","?","M","R","M","M","R","B",null,"M"],"character_chosen":"WATCHER","items_purchased":["InnerPeace"],"campfire_rested":1,"item_purchase_floors":[14],"current_hp_per_floor":[65,65,65,65,58,58,58,52,52,52,37,37,35,35,35,23,60,47,29,29,29,29,29,29,29,29,23,23,23,23,11,32,26,61,61,61],"gold":191,"neow_bonus":"RANDOM_COLORLESS","is_daily":false,"chose_seed":false,"campfire_upgraded":5,"win_rate":0.0,"timestamp":1613321024,"path_taken":["M","?","?","?","M","R","E","?","T","E","M","R","M","$","R","BOSS","M","M","$","?","?","R","?","?","T","?","M","R","M","M","R","BOSS","M"],"items_purchased_type":["Card"],"build_version":"2020-12-22","purchased_purges":3,"victory":false,"max_hp_per_floor":[72,72,72,72,72,72,72,72,72,72,72,72,72,72,72,72,72,72,72,72,72,72,72,72,72,72,72,72,72,72,72,72,72,72,72,72],"relic_stats":{"counters":[16,59],"Astrolabe":["Wireheading","CrushJoints","DevaForm"],"Yang":[115],"Boot":[3],"obtain_stats":[{"Girya":9,"SacredBark":17,"Astrolabe":34,"Yang":7,"PureWater":0,"Boot":26,"Pocketwatch":10},{"Girya":5,"SacredBark":9,"Astrolabe":15,"Yang":4,"PureWater":0,"Boot":11,"Pocketwatch":6},{"Girya":13,"SacredBark":28,"Astrolabe":57,"Yang":9,"PureWater":0,"Boot":37,"Pocketwatch":17}],"Pocketwatch":[36]},"card_choices":[{"not_picked":["Dramatic Entrance","Dark Shackles"],"picked":"Deep Breath","floor":0.0},{"not_picked":["Protect","Sanctity"],"picked":"CrushJoints","floor":1.0},{"not_picked":["ReachHeaven","Crescendo"],"picked":"Consecrate","floor":3.0},{"not_picked":["Crescendo","ForeignInfluence"],"picked":"WheelKick","floor":5.0},{"not_picked":["SignatureMove","CutThroughFate"],"picked":"MentalFortress","floor":7.0},{"not_picked":["FlurryOfBlows","Protect"],"picked":"Wallop","floor":8.0},{"not_picked":["BowlingBash","BattleHymn","JustLucky"],"picked":"SKIP","floor":10.0},{"not_picked":["FlurryOfBlows","JustLucky"],"picked":"TalkToTheHand","floor":11.0},{"not_picked":["SashWhip","Wish","Collect"],"picked":"SKIP","floor":13.0},{"not_picked":["JustLucky","SashWhip"],"picked":"EmptyBody","floor":18.0},{"not_picked":["Meditate","ClearTheMind","WreathOfFlame"],"picked":"SKIP","floor":19.0},{"not_picked":["ConjureBlade","Wallop","JustLucky+1"],"picked":"SKIP","floor":28.0},{"not_picked":["CrushJoints","Vengeance","Evaluate"],"picked":"SKIP","floor":30.0},{"not_picked":["InnerPeace","WaveOfTheHand+1","JustLucky"],"picked":"SKIP","floor":31},{"not_picked":["DevaForm","LessonLearned"],"picked":"Vault","floor":33}],"player_experience":1468498,"relics_obtained":[{"floor":7.0,"key":"Yang"},{"floor":9.0,"key":"Girya"},{"floor":10.0,"key":"Pocketwatch"},{"floor":26.0,"key":"Boot"}],"event_choices":[{"cards_removed":["Defend_P"],"damage_healed":0.0,"max_hp_gain":0.0,"max_hp_loss":0.0,"gold_gain":0.0,"event_name":"Purifier","player_choice":"Purged","floor":2.0,"gold_loss":0.0,"damage_taken":0.0},{"damage_healed":0.0,"max_hp_gain":0.0,"max_hp_loss":0.0,"gold_gain":0.0,"event_name":"Upgrade Shrine","player_choice":"Upgraded","floor":4.0,"gold_loss":0.0,"damage_taken":0.0,"cards_upgraded":["Eruption"]},{"damage_healed":0.0,"max_hp_gain":0.0,"max_hp_loss":0.0,"gold_gain":0.0,"cards_transformed":["Strike_P"],"event_name":"Transmorgrifier","player_choice":"Transformed","floor":21.0,"gold_loss":0.0,"damage_taken":0.0,"cards_obtained":["SandsOfTime"]},{"damage_healed":0.0,"max_hp_gain":0.0,"max_hp_loss":0.0,"gold_gain":0.0,"event_name":"The Mausoleum","player_choice":"Ignored","floor":24.0,"gold_loss":0.0,"damage_taken":0.0},{"damage_healed":0.0,"max_hp_gain":0.0,"max_hp_loss":0.0,"gold_gain":0.0,"event_name":"Knowing Skull","player_choice":"","floor":27.0,"potions_obtained":[],"gold_loss":0.0,"damage_taken":6.0,"cards_obtained":[]}],"is_beta":false,"boss_relics":[{"not_picked":["Runic Dome","HolyWater"],"picked":"SacredBark"},{"not_picked":["Sozu","Fusion Hammer"],"picked":"Astrolabe"}],"items_purged_floors":[14,20,22],"is_endless":false,"potions_floor_spawned":[1,3,7,10,11,19,30,31],"killed_by":"3 Shapes","ascension_level":7}}