{"host":"7t8rqoeeopyy0nh0","time":1613304623,"event":{"mods":["AchievementEnabler","Aspiration","BaseMod","Better Third Choice","BetterRewards","Colored Map","Colored Powertips","Conspire","GungeonMod","Hubris","Minty Spire (QoL Compilation)","Permanent Neow","Quick Restart","Random Character Button","Rare Cards Sparkle","Reliquary","Replay The Spire","StSLib"],"gold_per_floor":[111,126,151,94,105,105,136,136,136,136,156,156,176,196,196,275,275],"floor_reached":16,"language":"ENG","playtime":479,"items_purged":[],"score":304,"play_id":"e3165474-e9ff-4776-a94f-b2c52f4424af","local_time":"20210214071023","is_ascension_mode":true,"campfire_choices":[{"data":"Uppercut","floor":6,"key":"SMITH"},{"data":"DemoMod:BlackBlade","floor":10,"key":"SMITH"},{"floor":12,"key":"REST"},{"data":"Sword Boomerang","floor":15,"key":"SMITH"}],"circlet_count":0,"master_deck":["AscendersBane","Strike_R","Strike_R","Strike_R","Strike_R","Strike_R","Defend_R","Defend_R","Defend_R","Defend_R","Bash","Anger","DemoMod:Spice","Shrug It Off","Uppercut+1","Cleave","Thunderclap","conspire:ExplosiveBarrier","DemoMod:WhiteBlade+1","DemoMod:BlackBlade+1","Armaments","Sword Boomerang+1"],"relics":["Burning Blood","DemoMod:Antibody","ClockworkSouvenir","Lantern","betterThird:SlimedRelic","Smiling Mask","conspire:DecoderRing","DemoMod:GlassGuonStoneRelic"],"acts_visited":["Exordium"],"potions_floor_usage":[7,16,16],"damage_taken":[{"damage":0,"enemies":"Cultist","floor":1,"turns":3},{"damage":5,"enemies":"2 Louse","floor":2,"turns":2},{"damage":10,"enemies":"Small Slimes","floor":5,"turns":4},{"damage":34,"enemies":"3 Sentries","floor":7,"turns":15},{"damage":13,"enemies":"Red Slaver","floor":11,"turns":3},{"damage":7,"enemies":"Looter","floor":13,"turns":2},{"damage":3,"enemies":"Blue Slaver","floor":14,"turns":3},{"damage":27,"enemies":"The Guardian","floor":16,"turns":9}],"seed_played":"-7149644053719554176","potions_obtained":[{"floor":2,"key":"DuplicationPotion"},{"floor":13,"key":"Weak Potion"},{"floor":14,"key":"FearPotion"},{"floor":16,"key":"BlessingOfTheForge"}],"is_trial":false,"path_per_floor":["M","M","T","?","M","R","E","?","T","R","M","R","M","M","R","B"],"character_chosen":"IRONCLAD","items_purchased":["Anger","DemoMod:Spice","ClockworkSouvenir","Shrug It Off","Uppercut"],"campfire_rested":1,"item_purchase_floors":[0,0,0,0,0],"current_hp_per_floor":[45,52,52,41,43,43,21,21,21,21,14,35,40,49,49,28,28],"gold":275,"neow_bonus":"","is_daily":false,"chose_seed":false,"campfire_upgraded":3,"win_rate":0.0,"timestamp":1613304623,"path_taken":["M","M","?","?","M","R","E","?","T","R","M","R","M","M","R","BOSS"],"items_purchased_type":["Card","Card","Relic","Card","Card"],"build_version":"2020-12-22","purchased_purges":0,"victory":false,"max_hp_per_floor":[73,73,73,73,73,73,71,71,71,71,71,71,71,71,71,69,69],"card_choices":[{"not_picked":["Havoc","Sword Boomerang"],"picked":"Cleave","floor":1},{"not_picked":["Armaments","Entrench"],"picked":"Thunderclap","floor":2},{"not_picked":["Rupture","Pummel"],"picked":"conspire:ExplosiveBarrier","floor":5},{"not_picked":["Headbutt","DemoMod:WhiteBlade"],"picked":"DemoMod:BlackBlade","floor":7},{"not_picked":["Body Slam","Run Through"],"picked":"Armaments","floor":11},{"not_picked":["Massacre","ReplayTheSpireMod:Corrosion Curse"],"picked":"Sword Boomerang","floor":13},{"not_picked":["Havoc","Entrench","DemoMod:Spice"],"picked":"SKIP","floor":14}],"player_experience":414390,"relics_obtained":[{"floor":3,"key":"Lantern"},{"floor":7,"key":"Smiling Mask"},{"floor":9,"key":"conspire:DecoderRing"}],"event_choices":[{"damage_healed":0,"gold_gain":0,"player_choice":"Slimed","damage_taken":11,"max_hp_gain":0,"max_hp_loss":0,"event_name":"betterThird:BetterGoop","floor":4,"gold_loss":57}],"is_beta":false,"boss_relics":[],"items_purged_floors":[],"is_endless":false,"potions_floor_spawned":[2,13,14,16],"killed_by":"The Guardian","ascension_level":20}}