{"host":"bf5upntvbdompq33","time":1613336685,"event":{"mods":["BaseMod","Bestiary","Colored Map","Colored Powertips","Curses Come First","Minty Spire (QoL Compilation)","StSLib","ojb\u0027s Info Mod"],"gold_per_floor":[109,34,53,65,15,49,49,26,26,26,53,53,64,84,84,184,184,197,112,138,138,149,176,176,211,211,211,211],"floor_reached":27,"language":"ENG","playtime":1798,"items_purged":["Strike_B"],"score":401,"play_id":"6a23419e-514c-426f-803e-99567875c124","local_time":"20210214140445","is_ascension_mode":true,"campfire_choices":[{"data":"Zap","floor":7,"key":"SMITH"},{"data":"Hologram","floor":10,"key":"SMITH"},{"floor":15,"key":"REST"},{"data":"Defragment","floor":24,"key":"SMITH"}],"circlet_count":0,"master_deck":["AscendersBane","Defend_B","Defend_B","Defend_B","Zap+1","Dualcast","Hologram+1","FTL","Leap","Static Discharge","Go for the Eyes","Defragment+1","Sweeping Beam","Rainbow+1","Darkness+1","Injury","Reinforced Body+1","Regret"],"relics":["Cracked Core","Symbiotic Virus","HornCleat","Blood Vial","Cursed Key","Emotion Chip","Potion Belt","Pen Nib","Regal Pillow","Sundial"],"acts_visited":["Exordium","TheCity"],"potions_floor_usage":[6,13,16,23],"damage_taken":[{"damage":1,"enemies":"Cultist","floor":1,"turns":4},{"damage":7,"enemies":"Jaw Worm","floor":3,"turns":3},{"damage":5,"enemies":"Small Slimes","floor":4,"turns":2},{"damage":12,"enemies":"3 Sentries","floor":6,"turns":9},{"damage":11,"enemies":"Lagavulin","floor":11,"turns":5},{"damage":10,"enemies":"Gremlin Gang","floor":13,"turns":3},{"damage":0,"enemies":"3 Louse","floor":14,"turns":4},{"damage":5,"enemies":"Hexaghost","floor":16,"turns":9},{"damage":4,"enemies":"Shell Parasite","floor":18,"turns":4},{"damage":3,"enemies":"2 Thieves","floor":22,"turns":3},{"damage":27,"enemies":"Gremlin Leader","floor":23,"turns":6},{"damage":30,"enemies":"Slavers","floor":25,"turns":4},{"damage":22,"enemies":"Book of Stabbing","floor":27,"turns":5}],"seed_played":"-4153461182231970059","potions_obtained":[{"floor":1,"key":"DuplicationPotion"},{"floor":4,"key":"AttackPotion"},{"floor":6,"key":"Explosive Potion"},{"floor":16,"key":"SteroidPotion"},{"floor":18,"key":"Regen Potion"},{"floor":23,"key":"Strength Potion"}],"is_trial":false,"path_per_floor":["M","$","M","M","?","E","R","$","T","R","E","?","M","M","R","B",null,"M","?","T","?","M","E","R","E","T","E"],"character_chosen":"DEFECT","items_purchased":["Go for the Eyes"],"campfire_rested":1,"item_purchase_floors":[8],"current_hp_per_floor":[67,67,60,55,55,43,43,43,43,43,32,25,17,19,39,36,60,58,58,58,58,57,47,47,19,19,0,0],"gold":211,"neow_bonus":"REMOVE_TWO","is_daily":false,"chose_seed":false,"campfire_upgraded":3,"win_rate":0.0,"timestamp":1613336685,"path_taken":["M","$","M","M","?","E","R","$","T","R","E","?","M","M","R","BOSS","M","?","?","?","M","E","R","E","T","E"],"items_purchased_type":["Card"],"build_version":"2020-12-22","purchased_purges":1,"victory":false,"max_hp_per_floor":[68,68,68,68,68,68,68,68,68,68,68,68,68,68,68,68,68,68,68,68,68,68,68,68,68,68,68,68],"card_choices":[{"not_picked":["Reprogram","Compile Driver"],"picked":"Hologram","floor":1},{"not_picked":["Conserve Battery","Force Field"],"picked":"FTL","floor":3},{"not_picked":["Cold Snap","Storm"],"picked":"Leap","floor":4},{"not_picked":["Force Field","Rip and Tear"],"picked":"Static Discharge","floor":6},{"not_picked":["Fusion","Steam"],"picked":"Defragment","floor":11},{"not_picked":["Stack","Tempest"],"picked":"Sweeping Beam","floor":13},{"not_picked":["Turbo","Leap","Cold Snap"],"picked":"SKIP","floor":14},{"not_picked":["Core Surge","Creative AI"],"picked":"Rainbow","floor":16},{"not_picked":["Sweeping Beam+1","Rebound"],"picked":"Darkness+1","floor":18},{"not_picked":["Streamline","Ball Lightning","Recycle"],"picked":"SKIP","floor":22},{"not_picked":["Ball Lightning","Stack"],"picked":"Reinforced Body+1","floor":23},{"not_picked":["Ball Lightning","Streamline","Beam Cell+1"],"picked":"SKIP","floor":25}],"player_experience":1586882,"relics_obtained":[{"floor":6,"key":"Symbiotic Virus"},{"floor":9,"key":"HornCleat"},{"floor":11,"key":"Blood Vial"},{"floor":20,"key":"Potion Belt"},{"floor":23,"key":"Pen Nib"},{"floor":25,"key":"Regal Pillow"},{"floor":26,"key":"Sundial"}],"event_choices":[{"cards_removed":["Strike_B"],"damage_healed":0,"gold_gain":0,"player_choice":"Card Removal","damage_taken":0,"max_hp_gain":0,"max_hp_loss":0,"event_name":"The Cleric","floor":5,"gold_loss":50},{"cards_removed":["Strike_B"],"damage_healed":0,"gold_gain":0,"player_choice":"Card Removal","damage_taken":7,"max_hp_gain":0,"max_hp_loss":0,"event_name":"Golden Wing","floor":12,"gold_loss":0},{"damage_healed":0,"gold_gain":0,"player_choice":"Obtained Relic","damage_taken":0,"relics_obtained":["Emotion Chip"],"max_hp_gain":0,"max_hp_loss":0,"event_name":"Addict","floor":19,"gold_loss":85},{"damage_healed":0,"gold_gain":0,"player_choice":"Forge","damage_taken":0,"max_hp_gain":0,"max_hp_loss":0,"event_name":"Accursed Blacksmith","floor":21,"gold_loss":0,"cards_upgraded":["Rainbow"]}],"is_beta":false,"boss_relics":[{"not_picked":["Velvet Choker","Calling Bell"],"picked":"Cursed Key"}],"items_purged_floors":[2],"is_endless":false,"potions_floor_spawned":[1,4,6,16,18,23],"killed_by":"Book of Stabbing","ascension_level":11}}