{"host":"b5jaqh8y266k2cz4","time":1613290793,"event":{"mods":["AchievementEnabler","Aspiration","BaseMod","Colored Powertips","Conspire","Dio Mod","Downfall","Googly Eyes","Hermit","Highlight Path","Hubris","Infinite Spire","MarisaÅiñ∂âJÅ@ñÇóùçπÅj","Mimic Mod","Minty Spire (QoL Compilation)","Quick Restart","Replay The Spire","Spikes Relics","StSLib","Synergy Search","Td1madao Mod","The Animator","The Cursed","The Jungle","The Necromancer","The Servant 0.9.4","The Wild Card","slay the spire mod where everything is the same but ironclad has a cowboy hat"],"gold_per_floor":[114,131,131,142,142,173,173,173,173,208,221,239,87,106,106,234,234,252,266,266,266,282,321,321,346,346,414,414,488,506,591,591,591,591],"floor_reached":33,"language":"ENG","playtime":2313,"items_purged":["dioMod:VengefulMuda"],"score":326,"play_id":"7c5f06d3-09bc-4626-8f82-0bcf6940aa18","local_time":"20210214031953","is_ascension_mode":false,"campfire_choices":[{"data":"dioMod:StreetSign","floor":8,"key":"SMITH"},{"floor":32,"key":"REST"}],"circlet_count":0,"master_deck":["dioMod:Strike","dioMod:Strike","dioMod:Strike","dioMod:Strike","Bite","dioMod:Defend","dioMod:Defend","dioMod:Defend","dioMod:Defend","dioMod:Freeze","dioMod:StreetSign+1","dioMod:LaserVision","dioMod:LaserVision","dioMod:Freeze","hubris:NaturalOne","dioMod:TripleThreat","dioMod:BlendIn","dioMod:Roundabout","dioMod:MudaMudaMuda","dioMod:TripleThreat+1","dioMod:Roundabout","dioMod:BloodSplash","dioMod:Muda","dioMod:SadisticLaugh","dioMod:Donut","Amnesia","dioMod:Strike","Bandage Up","dioMod:Muda","dioMod:TripleThreat","dioMod:Diversion"],"relics":["dioMod:VampireBlood","NeowsBlessing","hubris:Towel","hubris:Icosahedron","SpikesRelics:DaevaFist","hubris:MobiusCoin","Counterbalance","HornCleat","Golden Idol","Black Star","theJungle:BirthdayCakeSlice","Ancient Tea Set","Replay:Bronze Core","Replay:Ringing Soul","infinitespire:Satchel","RoseTintedShades","Blood Vial","aspiration:TomeofQuesting"],"acts_visited":["Exordium","theJungle:Jungle"],"potions_floor_usage":[16,16,16,19,23,31],"damage_taken":[{"damage":0,"enemies":"Cultist","floor":1,"turns":1},{"damage":0,"enemies":"2 Louse","floor":2,"turns":1},{"damage":0,"enemies":"conspire:RoseBush","floor":4,"turns":1},{"damage":14,"enemies":"Gremlin Nob","floor":6,"turns":5},{"damage":14,"enemies":"Lagavulin","floor":10,"turns":5},{"damage":6,"enemies":"Gremlin Gang","floor":11,"turns":2},{"damage":13,"enemies":"Exordium Thugs","floor":12,"turns":7},{"damage":0,"enemies":"Looter","floor":14,"turns":3},{"damage":58,"enemies":"Fading Forest","floor":16,"turns":11},{"damage":15,"enemies":"theJungle:MUSHROOMGANG","floor":18,"turns":9},{"damage":3,"enemies":"theJungle:Flameango_and_Byrd","floor":19,"turns":6},{"damage":18,"enemies":"theJungle:JungleHuntersEncounter","floor":22,"turns":8},{"damage":39,"enemies":"theJungle:MamaSnecko","floor":23,"turns":9},{"damage":27,"enemies":"theJungle:2_Snecko_Cultists","floor":25,"turns":8},{"damage":13,"enemies":"theJungle:Snecko_Cultist_And_Trap","floor":27,"turns":12},{"damage":36,"enemies":"theJungle:Lyon","floor":29,"turns":9},{"damage":49,"enemies":"theJungle:SlimyTreeVines","floor":30,"turns":12},{"damage":29,"enemies":"theJungle:Cassacara","floor":31,"turns":9},{"damage":55,"enemies":"theJungle:TotemBoss","floor":33,"turns":4}],"seed_played":"-3851457827315427209","potions_obtained":[{"floor":4,"key":"ColorlessPotion"},{"floor":10,"key":"dioMod:HumanBlood"},{"floor":12,"key":"Block Potion"},{"floor":18,"key":"Strength Potion"},{"floor":22,"key":"BlessingOfTheForge"},{"floor":25,"key":"SmokeBomb"},{"floor":29,"key":"CultistPotion"},{"floor":31,"key":"Weak Potion"}],"is_trial":false,"path_per_floor":["M","M","?","M","?","E","?","R","T","E","M","M","$","M","R","B",null,"M","M","?","AVR","M","E","?","M","T","M","?","M","M","E","R","B"],"character_chosen":"THE_DEFAULT","items_purchased":["dioMod:TripleThreat","dioMod:BlendIn"],"campfire_rested":1,"item_purchase_floors":[13,13],"current_hp_per_floor":[75,75,75,75,75,65,65,65,65,58,64,61,61,66,48,34,75,71,75,80,80,73,58,61,48,48,55,58,39,16,14,45,0,0],"gold":591,"neow_bonus":"THREE_ENEMY_KILL","is_daily":false,"chose_seed":false,"campfire_upgraded":1,"win_rate":0.0,"timestamp":1613290793,"path_taken":["M","?","?","M","?","E","?","R","T","E","M","?","?","M","R","BOSS","M","M","?","AVR","M","E","?","M","T","M","?","M","?","E","R","BOSS"],"items_purchased_type":["Card","Card"],"build_version":"2020-12-22","purchased_purges":1,"victory":false,"max_hp_per_floor":[75,75,75,75,75,75,75,75,75,75,75,75,75,75,75,75,75,75,75,80,80,80,83,86,89,89,92,95,98,101,104,104,104,104],"card_choices":[{"not_picked":["dioMod:CoffinBath","dioMod:Hiss"],"picked":"dioMod:Freeze","floor":1},{"not_picked":["dioMod:DaggerToss","dioMod:Donut"],"picked":"dioMod:StreetSign","floor":2},{"not_picked":["dioMod:DominatingPresence","dioMod:CautiousMuda"],"picked":"dioMod:LaserVision","floor":4},{"not_picked":["dioMod:CoffinBath","dioMod:VengefulMuda"],"picked":"dioMod:LaserVision","floor":6},{"not_picked":["dioMod:HeavyLifting","dioMod:GoodbyeJojo"],"picked":"dioMod:Freeze","floor":10},{"not_picked":["dioMod:BloodTransfusion","dioMod:DisarmingVoice","dioMod:UltimateSacrifice"],"picked":"SKIP","floor":11},{"not_picked":["dioMod:BloodShield","dioMod:CoffinBath"],"picked":"dioMod:VengefulMuda","floor":12},{"not_picked":["dioMod:LaserVision","dioMod:BlendIn"],"picked":"dioMod:Roundabout","floor":14},{"not_picked":["dioMod:SevenPageMuda","dioMod:KonoDioDa"],"picked":"dioMod:MudaMudaMuda","floor":16},{"not_picked":["dioMod:SadisticLaugh","dioMod:ComboFever"],"picked":"dioMod:TripleThreat+1","floor":18},{"not_picked":["dioMod:ComboFever","dioMod:BloodTransfusion"],"picked":"dioMod:Roundabout","floor":19},{"not_picked":["dioMod:BloodSplash","dioMod:ComposedMuda","dioMod:DoubleTime"],"picked":"SKIP","floor":22},{"not_picked":["dioMod:CutDeep","dioMod:BloodShield"],"picked":"dioMod:BloodSplash","floor":23},{"not_picked":["dioMod:Roundabout+1","dioMod:HeavyLifting"],"picked":"dioMod:SadisticLaugh","floor":25},{"not_picked":["dioMod:DaggerToss","dioMod:RoadRoller"],"picked":"dioMod:Donut","floor":27},{"not_picked":["dioMod:DaggerToss","dioMod:CutDeep"],"picked":"dioMod:Muda","floor":29},{"not_picked":["dioMod:MudaMudaMuda","dioMod:GoodbyeJojo"],"picked":"dioMod:TripleThreat","floor":30},{"not_picked":["dioMod:BloodTransfusion","dioMod:Roundabout"],"picked":"dioMod:Diversion","floor":31}],"player_experience":388976,"relics_obtained":[{"floor":6,"key":"SpikesRelics:DaevaFist"},{"floor":7,"key":"hubris:MobiusCoin"},{"floor":9,"key":"Counterbalance"},{"floor":10,"key":"HornCleat"},{"floor":23,"key":"Replay:Ringing Soul"},{"floor":23,"key":"infinitespire:Satchel"},{"floor":26,"key":"RoseTintedShades"},{"floor":31,"key":"Blood Vial"},{"floor":31,"key":"aspiration:TomeofQuesting"}],"event_choices":[{"damage_healed":0,"gold_gain":0,"player_choice":"Relic","damage_taken":0,"max_hp_gain":0,"max_hp_loss":0,"event_name":"Wheel of Change","floor":7,"gold_loss":0},{"damage_healed":0,"gold_gain":0,"player_choice":"Take Damage","damage_taken":18,"relics_obtained":["Golden Idol"],"max_hp_gain":0,"max_hp_loss":0,"event_name":"Golden Idol","floor":15,"gold_loss":0},{"damage_healed":0,"gold_gain":0,"player_choice":"3 cards matched","damage_taken":0,"max_hp_gain":0,"max_hp_loss":0,"event_name":"Match and Keep!","floor":28,"gold_loss":0,"cards_obtained":["Amnesia","dioMod:Strike","Bandage Up"]}],"is_beta":false,"boss_relics":[{"not_picked":["Replay:Wanted Poster","conspire:RunicOctahedron"],"picked":"Black Star"}],"items_purged_floors":[13],"is_endless":false,"potions_floor_spawned":[4,10,12,18,22,25,29,31],"killed_by":"theJungle:TotemBoss","ascension_level":0}}