{"host":"v4tuy5ykrbdcm9o9","time":1613283539,"event":{"mods":["BaseMod","Duelist Mod","Minty Spire (QoL Compilation)","Replay The Spire","StSLib"],"gold_per_floor":[368,384,384,349,364,396,396,416,463,504,19,40,69,75,75],"floor_reached":14,"language":"ENG","playtime":1182,"items_purged":[],"score":173,"play_id":"3ec37e66-5f69-464b-8ee1-134cb5d6fb44","local_time":"20210214011859","is_ascension_mode":true,"campfire_choices":[{"floor":7,"key":"RECALL"}],"circlet_count":0,"master_deck":["Strike_P","Strike_P","Strike_P","Defend_P","Defend_P","Defend_P","Eruption","Vigilance","theDuelist:ZombieCorpse","Strike_P","ReachHeaven","Replay:Cycle","ForeignInfluence","Steam","Halt","JustLucky","FollowUp","Replay:ManipulateFuture","Crow Ritual","BattleHymn","Replay:Hum","JustLucky","Swivel"],"relics":["PureWater","Replay:Ringing Soul","Replay:Bandana","Potion Belt","ReplayTheSpireMod:TigerMarble"],"acts_visited":["Exordium"],"potions_floor_usage":[10,12,14],"damage_taken":[{"damage":0,"enemies":"Small Slimes","floor":1,"turns":2},{"damage":13,"enemies":"Jaw Worm","floor":2,"turns":5},{"damage":0,"enemies":"Cultist","floor":5,"turns":2},{"damage":14,"enemies":"Replay:BlueRogue","floor":6,"turns":5},{"damage":4,"enemies":"Blue Slaver","floor":8,"turns":3},{"damage":32,"enemies":"3 Sentries","floor":10,"turns":6},{"damage":0,"enemies":"3 Louse","floor":12,"turns":3},{"damage":21,"enemies":"Exordium Thugs","floor":13,"turns":3},{"damage":0,"enemies":"Lagavulin","floor":14,"turns":4}],"seed_played":"1046821724406349817","potions_obtained":[{"floor":8,"key":"PowerPotion"},{"floor":12,"key":"PowerPotion"},{"floor":13,"key":"LiquidBronze"}],"is_trial":false,"path_per_floor":["M","M","?","?","M","E","R","M","T","E","$","M","M","E"],"character_chosen":"WATCHER","items_purchased":["Crow Ritual","ReplayTheSpireMod:TigerMarble","BottledMiracle","BattleHymn","Replay:Hum"],"campfire_rested":0,"item_purchase_floors":[11,11,11,11,11],"current_hp_per_floor":[65,52,52,70,70,59,59,58,58,29,32,35,17,17,17],"gold":75,"neow_bonus":"TWO_FIFTY_GOLD","is_daily":false,"chose_seed":false,"campfire_upgraded":0,"win_rate":0.0,"timestamp":1613283539,"path_taken":["M","M","?","?","M","E","R","M","T","E","?","M","?","E"],"items_purchased_type":["Card","Relic","Potion","Card","Card"],"build_version":"2020-12-22","purchased_purges":0,"victory":false,"max_hp_per_floor":[72,72,72,72,72,75,75,78,78,81,84,87,90,90,90],"card_choices":[{"not_picked":["Replay:AtTheReady","EmptyBody"],"picked":"ReachHeaven","floor":1},{"not_picked":["Prostrate","Study"],"picked":"Replay:Cycle","floor":2},{"not_picked":["Replay:DivineShield","Replay:AtTheReady"],"picked":"Halt","floor":5},{"not_picked":["Tantrum","Brilliance"],"picked":"JustLucky","floor":6},{"not_picked":["ThirdEye","Meditate"],"picked":"FollowUp","floor":8},{"not_picked":["SashWhip","FlurryOfBlows"],"picked":"Replay:ManipulateFuture","floor":10},{"not_picked":["ForeignInfluence","Replay:BluntJabs"],"picked":"JustLucky","floor":12},{"not_picked":["CrushJoints","WreathOfFlame"],"picked":"Swivel","floor":13}],"player_experience":870294,"relics_obtained":[{"floor":6,"key":"Replay:Ringing Soul"},{"floor":9,"key":"Replay:Bandana"},{"floor":10,"key":"Potion Belt"}],"event_choices":[{"damage_healed":18,"gold_gain":0,"player_choice":"Healed","damage_taken":0,"max_hp_gain":0,"max_hp_loss":0,"event_name":"The Cleric","floor":4,"gold_loss":35}],"is_beta":false,"boss_relics":[],"items_purged_floors":[],"is_endless":false,"potions_floor_spawned":[8,12,13],"killed_by":"Lagavulin","ascension_level":9}}