{"host":"ggy1mjjy92c62u6a","time":1613303633,"event":{"mods":["10 clothes from DAL","ATMod(∞¢Ë™Mod)","Act Like it!","BaseMod","Colored Powertips","GifTheSpireLib","Library of Ruina","Library of Ruina Extra","Lobotomy","LobotomyExtend","Minty Spire (QoL Compilation)","Quick Restart","Relic Filter Mod","Relic Stats","Reliquary","Replay The Spire","Shop Mod","Spicy Shops","StSLib","SuperFastMode","TestMod","°æπ¶ƒ‹Mod°øªÏ„Á÷Æª∑–ﬁ∏¥≤π∂°","°æ“≈ŒÔMod°øÀ¿¡È∑® ¶NEW","°æ“≈ŒÔø®≈∆°øREMEMod"],"gold_per_floor":[275,275,450,38,49,49,49,49,77,77,100,120,138,138,88,88,187,187,187],"floor_reached":18,"language":"ZHS","playtime":1894,"items_purged":["Doubt"],"score":157,"play_id":"d3adb003-dc03-49f0-9e07-02092876d98e","local_time":"20210214195353","is_ascension_mode":true,"campfire_choices":[{"data":"Mayhem","floor":8.0,"key":"SMITH"},{"data":"FocusedStrikes","floor":10,"key":"SMITH"}],"circlet_count":0,"master_deck":["Dodge","LightDefense","LightAttack","LightAttack","LightAttack","LightDefense","LightDefense","LightDefense","ChargeAndCover","FocusedStrikes+1","AT_TearsDenial","GrazeTheGrass","LightDefense","Mayhem+1","ThunderHit","Rewind+1","Fence"],"relics":["PageOfLibrarian","REME_ComplimentaryCards","AT_ATBox","testmod-TestBox","RabbitCall","testmod-IntensifyImprint","LetterFromLob","BargainBundle","AT_ArchangelStaff","REME_HourglassOfDeath","ReplayFunnel","Ring of Panic"],"acts_visited":["Exordium"],"potions_floor_usage":[9,9,9,9],"damage_taken":[{"damage":0.0,"enemies":"Cultist","floor":1.0,"turns":4.0},{"damage":2.0,"enemies":"Jaw Worm","floor":5.0,"turns":4.0},{"damage":33,"enemies":"Gremlin Nob","floor":9,"turns":5},{"damage":1,"enemies":"Small Slimes","floor":12,"turns":2},{"damage":9,"enemies":"2 Fungi Beasts","floor":13,"turns":3},{"damage":19,"enemies":"Fading Forest","floor":18,"turns":5}],"seed_played":"8118843151486509541","potions_obtained":[{"floor":1.0,"key":"GamblersBrew"},{"floor":13,"key":"REME_GoldPotion"}],"is_trial":false,"path_per_floor":["M","?","?","$","M","PTL","PTL","R","E","R","T","M","M","?","?","$","R","B"],"character_chosen":"Librarian","items_purchased":["BargainBundle","Mayhem","ThunderHit","Rewind+1","Swift Potion","Languid Potion","AT_ArchangelStaff"],"campfire_rested":0,"item_purchase_floors":[4,4,4,4,4,4,4],"current_hp_per_floor":[54,54,54,54,52,52,52,52,19,19,19,18,9,9,9,9,9,0,0],"gold":187,"neow_bonus":"","is_daily":false,"chose_seed":false,"campfire_upgraded":2,"win_rate":0.0,"timestamp":1613303633,"path_taken":["M","?","?","$","M","PTL","PTL","R","E","R","T","M","M","?","?","$","R","BOSS"],"items_purchased_type":["Relic","Card","Card","Card","Potion","Potion","Relic"],"build_version":"2020-12-22","purchased_purges":1,"victory":false,"max_hp_per_floor":[60,60,60,60,60,60,60,60,60,60,60,60,60,60,60,60,60,60,60],"relic_stats":{"counters":[6,23],"obtain_stats":[{"ReplayFunnel":11,"RabbitCall":0,"testmod-IntensifyImprint":0,"BargainBundle":4,"AT_ATBox":0,"testmod-TestBox":0,"AT_ArchangelStaff":4,"PageOfLibrarian":0,"CogitoBucket":0,"REME_HourglassOfDeath":9,"LetterFromLob":1,"Ring of Panic":14,"REME_ComplimentaryCards":0},{"ReplayFunnel":3,"RabbitCall":0,"testmod-IntensifyImprint":0,"BargainBundle":1,"AT_ATBox":0,"testmod-TestBox":0,"AT_ArchangelStaff":1,"PageOfLibrarian":0,"CogitoBucket":0,"REME_HourglassOfDeath":3,"LetterFromLob":1,"Ring of Panic":5,"REME_ComplimentaryCards":0},{"ReplayFunnel":13,"RabbitCall":0,"testmod-IntensifyImprint":0,"BargainBundle":4,"AT_ATBox":0,"testmod-TestBox":0,"AT_ArchangelStaff":4,"PageOfLibrarian":0,"CogitoBucket":0,"REME_HourglassOfDeath":13,"LetterFromLob":4,"Ring of Panic":18,"REME_ComplimentaryCards":0}]},"card_choices":[{"not_picked":["Gigigig","ViolentFlame","Parry"],"picked":"GrazeTheGrass","floor":1.0},{"not_picked":["Thirst","AutomatedMovement","DarkCloud","Leap_lor"],"picked":"SKIP","floor":5.0},{"not_picked":["Thrust","ICanCookAnything","RhinoRam","Rewind"],"picked":"SKIP","floor":9},{"not_picked":["SinglePointStab","UpbeatPerformance","RipSpace","Quickness"],"picked":"SKIP","floor":12},{"not_picked":["EnergyCycle","SinglePointStab","ShrineToMusic"],"picked":"Fence","floor":13}],"player_experience":114548,"relics_obtained":[{"floor":1.0,"key":"LetterFromLob"},{"floor":9,"key":"REME_HourglassOfDeath"},{"floor":11,"key":"ReplayFunnel"},{"floor":14,"key":"Ring of Panic"}],"event_choices":[{"damage_healed":0.0,"max_hp_gain":0.0,"max_hp_loss":0.0,"gold_gain":175.0,"event_name":"Liars Game","player_choice":"AGREE","floor":3.0,"gold_loss":0.0,"damage_taken":0.0,"cards_obtained":["Doubt"]},{"cards_removed":["Delirium"],"damage_healed":0,"gold_gain":0,"player_choice":"Card Removal","damage_taken":0,"max_hp_gain":0,"max_hp_loss":0,"event_name":"The Cleric","floor":15,"gold_loss":50}],"is_beta":false,"boss_relics":[],"items_purged_floors":[4],"is_endless":false,"potions_floor_spawned":[1,13],"killed_by":"Fading Forest","ascension_level":9}}