{"host":"1q8uh9iyuhaw9wuf","time":1613287657,"event":{"mods":["BaseMod","Minty Spire (QoL Compilation)","Remilia（蕾米莉亚）","RumiaBox-露米娅的神秘盒子","StSLib","The Servant 0.9.4","【遗物卡牌】REMEMod"],"gold_per_floor":[130,182,198,37,37,37,92,128,128,160,175,209,209,15,15,15,15],"floor_reached":16,"language":"ZHS","playtime":480,"items_purged":["Strike_S"],"score":127,"play_id":"cd5a16bd-be2b-41e1-90f4-e303de29de37","local_time":"20210214152737","is_ascension_mode":false,"campfire_choices":[{"data":"SilverBlades","floor":6,"key":"SMITH"},{"data":"TheWorld","floor":15,"key":"SMITH"}],"circlet_count":0,"master_deck":["Strike_S","Strike_S","Strike_S","Defend_S","Defend_S","Defend_S","Defend_S","KidneyShot","Exchange","HandOfGreed","Rearm","SilverBlades+1","Barrier","Snipe","Ricochet","Defy","SurpressingFire","TheWorld+1","Luminosity"],"relics":["Uniform","REME_ComplimentaryCards","NeowsBlessing","Membership Card","Matryoshka","Anchor","Oddly Smooth Stone","Golden Idol","Omamori"],"acts_visited":["Exordium"],"potions_floor_usage":[],"damage_taken":[{"damage":0.0,"enemies":"Jaw Worm","floor":1.0,"turns":1.0},{"damage":0,"enemies":"2 Louse","floor":3,"turns":1},{"damage":0,"enemies":"Gremlin Nob","floor":7,"turns":1},{"damage":6,"enemies":"Cultist","floor":8,"turns":4},{"damage":2,"enemies":"Blue Slaver","floor":10,"turns":5},{"damage":16,"enemies":"Exordium Wildlife","floor":11,"turns":3},{"damage":0,"enemies":"3 Louse","floor":12,"turns":4},{"damage":24,"enemies":"The Guardian","floor":16,"turns":3}],"seed_played":"-196092612706325005","potions_obtained":[{"floor":3,"key":"LiquidBronze"},{"floor":11,"key":"Energy Potion"}],"is_trial":false,"path_per_floor":["M","?","M","$","?","R","E","M","T","M","M","M","?","$","R","B"],"character_chosen":"THE_SERVANT","items_purchased":["Membership Card","Barrier","TheWorld","Omamori","Luminosity"],"campfire_rested":0,"item_purchase_floors":[4,4,14,14,14],"current_hp_per_floor":[65,65,65,65,65,65,65,59,59,57,41,41,25,25,25,1,1],"gold":15,"neow_bonus":"THREE_ENEMY_KILL","is_daily":false,"chose_seed":false,"campfire_upgraded":2,"win_rate":0.0,"timestamp":1613287657,"path_taken":["M","?","M","$","?","R","E","?","T","M","M","M","?","?","R","BOSS"],"items_purchased_type":["Relic","Card","Card","Relic","Card"],"build_version":"2020-12-22","purchased_purges":1,"victory":false,"max_hp_per_floor":[65,65,65,65,65,65,65,65,65,65,65,65,65,65,65,65,65],"card_choices":[{"not_picked":["DoubleEdge","InstantArmor"],"picked":"Rearm","floor":1},{"not_picked":["BottledTime","WasteNot"],"picked":"SilverBlades","floor":3},{"not_picked":["Spin","SpecialFormula"],"picked":"Snipe","floor":7},{"not_picked":["SilverBlades","ShiftingGears"],"picked":"Ricochet","floor":8},{"not_picked":["Spin","Ricochet"],"picked":"Defy","floor":10},{"not_picked":["FastForward","TimeWarp","Foresight"],"picked":"SKIP","floor":11},{"not_picked":["DualDimension","ShatteredReality"],"picked":"SurpressingFire","floor":12}],"player_experience":322585,"relics_obtained":[{"floor":7,"key":"Matryoshka"},{"floor":9,"key":"Anchor"},{"floor":9,"key":"Oddly Smooth Stone"}],"event_choices":[{"damage_healed":0,"gold_gain":52,"player_choice":"Gained Gold","damage_taken":0,"max_hp_gain":0,"max_hp_loss":0,"event_name":"Golden Wing","floor":2,"gold_loss":0},{"damage_healed":0,"gold_gain":0,"player_choice":"Ignored","damage_taken":0,"max_hp_gain":0,"max_hp_loss":0,"event_name":"NoteForYourself","floor":5,"gold_loss":0},{"damage_healed":0,"gold_gain":0,"player_choice":"Take Damage","damage_taken":16,"relics_obtained":["Golden Idol"],"max_hp_gain":0,"max_hp_loss":0,"event_name":"Golden Idol","floor":13,"gold_loss":0}],"is_beta":false,"boss_relics":[],"items_purged_floors":[14],"is_endless":false,"potions_floor_spawned":[3,11],"killed_by":"The Guardian","ascension_level":0}}