{"host":"ydg0vn0pu4pubmdt","time":1613335456,"event":{"mods":["AchievementEnabler","BaseMod","Colored Map","Gold Saver","Minty Spire (QoL Compilation)","Quick Restart","SuperFastMode"],"gold_per_floor":[11,30,30,41,11,36,54,65,141,175,175,203,215,230,230,301,301,317,111,161,173,173,173,173,204,228,228,228,228,248,248,248,248,248],"floor_reached":33,"language":"KOR","playtime":949,"items_purged":["Strike_G"],"score":570,"play_id":"f7698b29-3a1b-4e51-a550-15b8d73ef63c","local_time":"20210215054416","is_ascension_mode":true,"campfire_choices":[{"floor":11.0,"key":"REST"},{"floor":15.0,"key":"REST"},{"floor":23.0,"key":"REST"},{"data":"A Thousand Cuts","floor":27.0,"key":"SMITH"},{"floor":29.0,"key":"REST"},{"floor":32.0,"key":"REST"}],"circlet_count":0,"master_deck":["AscendersBane","Strike_G","Strike_G","Strike_G","Defend_G","Defend_G","Defend_G","Defend_G","Defend_G","Survivor","Neutralize","Endless Agony","Acrobatics","Predator","Dagger Spray","Adrenaline","Blade Dance","Backstab","A Thousand Cuts+1","Escape Plan","PiercingWail","Necronomicurse"],"relics":["Ring of the Serpent","Tingsha","Bronze Scales","Gremlin Horn","Lizard Tail","Snake Skull","Necronomicon","Bag of Preparation","Toy Ornithopter","CaptainsWheel"],"acts_visited":["Exordium","TheCity"],"potions_floor_usage":[33],"damage_taken":[{"damage":10.0,"enemies":"Small Slimes","floor":1.0,"turns":5.0},{"damage":0.0,"enemies":"2 Louse","floor":2.0,"turns":3.0},{"damage":3.0,"enemies":"Jaw Worm","floor":4.0,"turns":3.0},{"damage":14.0,"enemies":"3 Sentries","floor":6.0,"turns":7.0},{"damage":0.0,"enemies":"2 Fungi Beasts","floor":7.0,"turns":2.0},{"damage":3.0,"enemies":"Looter","floor":8.0,"turns":3.0},{"damage":19.0,"enemies":"Lagavulin","floor":10.0,"turns":6.0},{"damage":6.0,"enemies":"Gremlin Nob","floor":12.0,"turns":3.0},{"damage":12.0,"enemies":"Exordium Thugs","floor":13.0,"turns":3.0},{"damage":0.0,"enemies":"2 Fungi Beasts","floor":14.0,"turns":2.0},{"damage":28.0,"enemies":"The Guardian","floor":16.0,"turns":15.0},{"damage":10.0,"enemies":"Chosen","floor":18.0,"turns":4.0},{"damage":15.0,"enemies":"2 Thieves","floor":21.0,"turns":4.0},{"damage":16.0,"enemies":"Slavers","floor":25.0,"turns":4.0},{"damage":7.0,"enemies":"Centurion and Healer","floor":30.0,"turns":4.0},{"damage":103,"enemies":"Champ","floor":33,"turns":14}],"seed_played":"-2791510494064135272","potions_obtained":[{"floor":1.0,"key":"FearPotion"},{"floor":4.0,"key":"DuplicationPotion"},{"floor":6.0,"key":"SmokeBomb"},{"floor":10.0,"key":"BlessingOfTheForge"},{"floor":25.0,"key":"Dexterity Potion"}],"is_trial":false,"path_per_floor":["M","M","?","M","$","E","M","M","T","E","R","E","M","M","R","B",null,"M","$","?","M","?","R","?","E","T","R","?","R","M","T","R","B"],"character_chosen":"THE_SILENT","items_purchased":["Dagger Spray","Escape Plan","SteroidPotion"],"campfire_rested":5,"item_purchase_floors":[5,19,19],"current_hp_per_floor":[49,49,49,46,46,32,32,29,29,10,29,23,11,11,30,2,50,40,40,40,25,38,57,36,20,20,20,2,23,16,16,37,0,0],"gold":248,"neow_bonus":"ONE_RARE_RELIC","is_daily":false,"chose_seed":false,"campfire_upgraded":1,"win_rate":0.0,"timestamp":1613335456,"path_taken":["M","M","?","M","$","E","M","M","T","E","R","E","M","M","R","BOSS","M","$","?","M","?","R","?","E","T","R","?","R","M","?","R","BOSS"],"items_purchased_type":["Card","Card","Potion"],"build_version":"2020-12-22","purchased_purges":1,"victory":false,"max_hp_per_floor":[66,66,66,66,66,66,66,66,66,66,66,66,66,66,66,66,66,66,66,66,66,66,66,66,66,66,66,71,71,71,71,71,71,71],"card_choices":[{"not_picked":["Bane","Sucker Punch"],"picked":"Endless Agony","floor":1.0},{"not_picked":["Tactician","Escape Plan"],"picked":"Acrobatics","floor":2.0},{"not_picked":["Dodge and Roll","Underhanded Strike"],"picked":"Predator","floor":4.0},{"not_picked":["Outmaneuver","Dagger Spray"],"picked":"Adrenaline","floor":6.0},{"not_picked":["Outmaneuver","Backflip","Deflect"],"picked":"SKIP","floor":7.0},{"not_picked":["Poisoned Stab","PiercingWail"],"picked":"Blade Dance","floor":8.0},{"not_picked":["Backflip","Unload","Underhanded Strike"],"picked":"SKIP","floor":10.0},{"not_picked":["Flying Knee","Flechettes","Heel Hook"],"picked":"SKIP","floor":12.0},{"not_picked":["Crippling Poison","Prepared"],"picked":"Backstab","floor":13.0},{"not_picked":["PiercingWail","Deflect","Masterful Stab"],"picked":"SKIP","floor":14.0},{"not_picked":["Night Terror","Doppelganger"],"picked":"A Thousand Cuts","floor":16.0},{"not_picked":["Terror","Dagger Spray","Deflect"],"picked":"SKIP","floor":18.0},{"not_picked":["Masterful Stab","Leg Sweep"],"picked":"PiercingWail","floor":21.0},{"not_picked":["Dagger Throw","Outmaneuver","Backstab"],"picked":"SKIP","floor":25.0},{"not_picked":["Endless Agony","Expertise","Catalyst"],"picked":"SKIP","floor":30.0}],"player_experience":557309,"relics_obtained":[{"floor":6.0,"key":"Bronze Scales"},{"floor":9.0,"key":"Gremlin Horn"},{"floor":10.0,"key":"Lizard Tail"},{"floor":12.0,"key":"Snake Skull"},{"floor":24.0,"key":"Necronomicon"},{"floor":25.0,"key":"Bag of Preparation"},{"floor":26.0,"key":"Toy Ornithopter"},{"floor":31.0,"key":"CaptainsWheel"}],"event_choices":[{"cards_removed":["Strike_G"],"damage_healed":0.0,"max_hp_gain":0.0,"max_hp_loss":0.0,"gold_gain":0.0,"event_name":"Living Wall","player_choice":"Forget","floor":3.0,"gold_loss":0.0,"damage_taken":0.0},{"damage_healed":0.0,"max_hp_gain":0.0,"max_hp_loss":0.0,"gold_gain":50.0,"event_name":"Nest","player_choice":"Stole From Cult","floor":20.0,"gold_loss":0.0,"damage_taken":0.0},{"damage_healed":13.0,"max_hp_gain":0.0,"max_hp_loss":0.0,"gold_gain":0.0,"event_name":"The Library","player_choice":"Heal","floor":22.0,"gold_loss":0.0,"damage_taken":0.0},{"damage_healed":0.0,"max_hp_gain":0.0,"max_hp_loss":0.0,"gold_gain":0.0,"event_name":"Cursed Tome","player_choice":"Obtained Book","floor":24.0,"gold_loss":0.0,"damage_taken":21.0},{"damage_healed":0.0,"max_hp_gain":5.0,"max_hp_loss":0.0,"gold_gain":0.0,"event_name":"Forgotten Altar","player_choice":"Shed Blood","floor":28.0,"gold_loss":0.0,"damage_taken":23.0}],"is_beta":false,"boss_relics":[{"not_picked":["Snecko Eye","Sozu"],"picked":"Ring of the Serpent"}],"items_purged_floors":[19],"is_endless":false,"potions_floor_spawned":[1,4,6,10,25],"killed_by":"Champ","ascension_level":20}}