{"host":"y6zg4wwu39otf01a","time":1613285501,"event":{"mods":["Act Like it!","Aspiration","BaseMod","Better Altar","Better Match","Better Note","Better Sensory Stone","Better Skull","Better Third Choice","Challenge The Spire","Colored Map","Colored Powertips","Conspire","GifTheSpireLib","Glutton Mod","Halation","Hermit","Highlight Path","Hubris","Infinite Spire","Mimic Mod","Minty Spire (QoL Compilation)","Quick Restart","Random Character Button","Rare Cards Sparkle","Replay The Spire","Retaliation","Spicy Shops","Spire Arcade","StSLib","Stuff the Spire","The Blue Laboratory","The Jungle"],"gold_per_floor":[113,193,268,268,15,15,50,50,50,65,65,65,123,137,137,237,237,256,256,266,281,331,359,375,409,434,450,450,476,2,15,15,118,118,137,148,148,148,159,159,159,159,159,159,159,159,159,179,179,179],"floor_reached":51,"language":"ENG","playtime":3283,"items_purged":[],"score":927,"play_id":"900dc437-d406-4735-bce7-f25072669927","local_time":"20210214005141","is_ascension_mode":true,"campfire_choices":[{"data":"hermit:Covet","floor":6,"key":"SMITH"},{"data":"hermit:Covet","floor":12,"key":"SMITH"},{"floor":15,"key":"REST"},{"floor":28,"key":"REST"},{"floor":32,"key":"REST"},{"data":"Beam Cell","floor":40,"key":"SMITH"},{"data":"Glutton:LashOut","floor":42,"key":"SMITH"},{"data":"hermit:FatalDesire","floor":44,"key":"SMITH"},{"floor":47,"key":"RECALL"},{"data":"infinitespire:Gouge","floor":49,"key":"SMITH"}],"circlet_count":0,"master_deck":["hermit:Strike_Hermit+1","hermit:Strike_Hermit","hermit:Strike_Hermit","hermit:Strike_Hermit","hermit:Defend_Hermit","hermit:Defend_Hermit","hermit:Defend_Hermit","hermit:Defend_Hermit","hermit:Snapshot","hermit:Covet+1","hermit:Deadeye","hermit:Covet+1","hermit:Quickdraw+1","hermit:Headshot","hermit:Coalescence","hermit:FatalDesire+1","hermit:GhostlyPresence","Beam Cell+1","Glutton:Tantrum","Impatience","Glutton:LashOut+1","Glutton:Feed+1","Backstab","FollowUp","StuffTheSpire:PlasmaPunch","Escape Plan+1","infinitespire:Gouge+1"],"relics":["hermit:Momento","DollysMirror","Juzu Bracelet","hubris:GlazedTorus","Replay:Bottled Steam","PrismaticShard","Blood Vial","Tiny House","aspiration:FetidBarrel","hubris:ToyBattleship","infinitespire:PuzzleCube","Sundial","aspiration:ChemicalBlood","Chemical X","Replay:Ringing Soul","aspiration:TomeofQuesting","Mercury Hourglass","halation:EternalFortune","halation:LostSnail"],"acts_visited":["Exordium","TheCity","TheBeyond"],"potions_floor_usage":[13,16,20,24,25,25,33,35,35,36,39,39,39,48,50,50,50,50],"damage_taken":[{"damage":7,"enemies":"Small Slimes","floor":1,"turns":3},{"damage":26,"enemies":"Lagavulin","floor":7,"turns":6},{"damage":0,"enemies":"2 Louse","floor":10,"turns":2},{"damage":6,"enemies":"Gremlin Nob","floor":13,"turns":3},{"damage":0,"enemies":"Jaw Worm","floor":14,"turns":2},{"damage":42,"enemies":"The Guardian","floor":16,"turns":7},{"damage":2,"enemies":"Chosen","floor":18,"turns":5},{"damage":3,"enemies":"Spheric Guardian","floor":20,"turns":3},{"damage":9,"enemies":"Chosen and Byrds","floor":21,"turns":6},{"damage":0,"enemies":"Book of Stabbing","floor":23,"turns":1},{"damage":10,"enemies":"Snake Plant","floor":24,"turns":4},{"damage":17,"enemies":"Gremlin Leader","floor":25,"turns":4},{"damage":35,"enemies":"Centurion and Healer","floor":27,"turns":4},{"damage":5,"enemies":"conspire:Head Lice","floor":29,"turns":4},{"damage":35,"enemies":"Snecko","floor":31,"turns":5},{"damage":2,"enemies":"Automaton","floor":33,"turns":6},{"damage":60,"enemies":"3 Shapes","floor":35,"turns":4},{"damage":20,"enemies":"Orb Walker","floor":36,"turns":3},{"damage":39,"enemies":"Spire Growth","floor":39,"turns":4},{"damage":0,"enemies":"Transient","floor":48,"turns":5},{"damage":72,"enemies":"Awakened One","floor":50,"turns":9}],"seed_played":"4863054455395510254","potions_obtained":[{"floor":10,"key":"Strength Potion"},{"floor":13,"key":"Swift Potion"},{"floor":16,"key":"Fire Potion"},{"floor":21,"key":"SteroidPotion"},{"floor":22,"key":"infinitespire:BlackPotion"},{"floor":24,"key":"Venom Potion"},{"floor":29,"key":"blueLaboratory:Moonshine"},{"floor":31,"key":"blueLaboratory:HorrorPotion"},{"floor":33,"key":"Weak Potion"},{"floor":36,"key":"Strength Potion"},{"floor":39,"key":"blueLaboratory:SavagePotion"}],"is_trial":false,"path_per_floor":["M","?","?","?","$","R","E","?","T","M","$","R","?","M","R","B",null,"M","?","M","M","AVR","E","M","E","T","M","R","E","$","M","R","B",null,"M","M","?","?","M","R","?","R","T","R","?","AVR","R","M","R","B",null],"character_chosen":"HERMIT","items_purchased":["DollysMirror","hermit:Quickdraw+1","aspiration:ChemicalBlood","Chemical X","Replay:Ringing Soul"],"campfire_rested":3,"item_purchase_floors":[5,5,30,30,30],"current_hp_per_floor":[68,68,57,57,57,57,31,31,31,31,31,31,25,25,47,5,75,73,65,62,53,58,60,52,37,37,8,33,34,34,4,31,31,91,35,20,20,20,60,60,60,60,60,60,63,66,66,68,68,2],"gold":179,"neow_bonus":"RANDOM_EVENT","is_daily":false,"chose_seed":false,"campfire_upgraded":6,"win_rate":0.0,"timestamp":1613285501,"path_taken":["M","?","?","?","$","R","E","?","T","M","?","R","?","M","R","BOSS","M","?","M","M","AVR","E","M","E","T","M","R","E","$","M","R","BOSS","M","M","?","?","M","R","?","R","T","R","?","AVR","R","M","R","BOSS"],"items_purchased_type":["Relic","Card","Relic","Relic","Relic"],"build_version":"2020-12-22","purchased_purges":0,"victory":true,"max_hp_per_floor":[75,75,75,75,75,75,75,75,75,75,75,75,75,75,75,75,75,75,75,75,75,80,80,80,80,80,84,84,88,88,91,91,91,91,95,98,98,98,88,88,88,88,88,88,91,94,94,94,94,98],"card_choices":[{"not_picked":["hermit:HighCaliber","hermit:TakeCover","hermit:Grudge"],"picked":"SKIP","floor":1},{"not_picked":["hermit:Roulette","hermit:DeadMansHand","hermit:Desperado"],"picked":"SKIP","floor":7},{"not_picked":["hermit:Roulette","hermit:WideOpen"],"picked":"hermit:Headshot","floor":10},{"not_picked":["hermit:Manifest","hermit:DeadOrAlive"],"picked":"hermit:Coalescence","floor":13},{"not_picked":["hermit:Gestalt","hermit:FullyLoaded","hermit:Spite"],"picked":"SKIP","floor":14},{"not_picked":["hermit:Magnum","hermit:EternalForm"],"picked":"hermit:FatalDesire","floor":16},{"not_picked":["hermit:Maintenance","hermit:LuckOfTheDraw+1"],"picked":"hermit:GhostlyPresence","floor":18},{"not_picked":["Glutton:ShedFat","hermit:Midnight"],"picked":"Beam Cell","floor":20},{"not_picked":["Sword Boomerang+1","Clothesline"],"picked":"Glutton:Tantrum","floor":21},{"not_picked":["CrushJoints","JustLucky+1"],"picked":"Impatience","floor":22},{"not_picked":["StuffTheSpire:Python+1","Glutton:Migraine+1"],"picked":"Glutton:LashOut","floor":23},{"not_picked":["Endless Agony","Poison Darts"],"picked":"Glutton:Feed+1","floor":24},{"not_picked":["StuffTheSpire:ClusterCrunch+1","StuffTheSpire:Plugnplay","hermit:Desperado"],"picked":"SKIP","floor":25},{"not_picked":["Flame Barrier","Dagger Throw"],"picked":"Backstab","floor":27},{"not_picked":["Replay:BluntJabs","Cold Snap"],"picked":"FollowUp","floor":29},{"not_picked":["Carnage+1","hermit:Coalescence"],"picked":"StuffTheSpire:PlasmaPunch","floor":31},{"not_picked":["Turbo","Fluid Movement","Pommel Strike"],"picked":"SKIP","floor":35},{"not_picked":["Mind Blast","DDmod:UnstoppableAttack+1"],"picked":"Escape Plan+1","floor":36},{"not_picked":["Replay:DivineShield","Glutton:Strain+1","FollowUp"],"picked":"SKIP","floor":39},{"not_picked":["hermit:BodyArmor","Dagger Throw+1","Replay:BluntJabs+1"],"picked":"SKIP","floor":48}],"player_experience":824019,"relics_obtained":[{"floor":7,"key":"Juzu Bracelet"},{"floor":9,"key":"hubris:GlazedTorus"},{"floor":19,"key":"PrismaticShard"},{"floor":23,"key":"aspiration:FetidBarrel"},{"floor":25,"key":"hubris:ToyBattleship"},{"floor":26,"key":"infinitespire:PuzzleCube"},{"floor":29,"key":"Sundial"},{"floor":43,"key":"Mercury Hourglass"}],"event_choices":[{"damage_healed":0,"gold_gain":80,"player_choice":"Gained Gold","damage_taken":0,"max_hp_gain":0,"max_hp_loss":0,"event_name":"Golden Wing","floor":2,"gold_loss":0},{"damage_healed":0,"gold_gain":75,"player_choice":"Gold","damage_taken":11,"max_hp_gain":0,"max_hp_loss":0,"event_name":"betterThird:BetterGoop","floor":3,"gold_loss":0},{"damage_healed":0,"gold_gain":0,"player_choice":"Disagree","damage_taken":0,"max_hp_gain":0,"max_hp_loss":0,"event_name":"conspire:LoneGhost","floor":4,"gold_loss":0},{"damage_healed":0,"gold_gain":0,"player_choice":"Searched \u00272\u0027 times","damage_taken":0,"relics_obtained":["Replay:Bottled Steam"],"max_hp_gain":0,"max_hp_loss":0,"event_name":"Dead Adventurer","floor":13,"gold_loss":0},{"damage_healed":0,"gold_gain":0,"player_choice":"Ignored","damage_taken":0,"max_hp_gain":0,"max_hp_loss":0,"event_name":"Mysterious Sphere","floor":37,"gold_loss":0},{"damage_healed":0,"gold_gain":0,"player_choice":"Ignored","damage_taken":0,"max_hp_gain":0,"max_hp_loss":0,"event_name":"betterThird:BetterPortal","floor":41,"gold_loss":0}],"is_beta":false,"boss_relics":[{"not_picked":["halation:PlatinumPhoenix","StuffTheSpire:RunicHypercube","Painkiller Herb"]},{"not_picked":["Runic Pyramid","aspiration:PoetsPen_weak","halation:Risk"]}],"items_purged_floors":[],"is_endless":false,"potions_floor_spawned":[10,13,16,21,24,29,31,33,36,39],"ascension_level":3}}