{"host":"7gewg82ormp6yt4e","time":1613302188,"event":{"mods":["BaseMod","Block Reminder","Colored Map","DeckTracker","Highlight Path","Minty Spire (QoL Compilation)","Relic Stats","StSLib","ojb\u0027s Info Mod"],"gold_per_floor":[160,176,189,242,242,242,271,271,271,271,286,286,298,329,329,403,403,423,423,440,0,0,0,15,43,66,66,82,132,142,170,170,243,243,260,232,245,263,283,283,309,309,309,335,335,335,353,401,401,401,401,401],"floor_reached":51,"language":"JPN","playtime":3597,"items_purged":["Strike_P"],"score":1610,"play_id":"d8eb5aab-3de7-4a60-86c8-18c548b5a5ff","local_time":"20210214202948","is_ascension_mode":true,"campfire_choices":[{"data":"SandsOfTime","floor":6,"key":"SMITH"},{"data":"Conclude","floor":8,"key":"SMITH"},{"data":"CrushJoints","floor":10,"key":"SMITH"},{"data":"Eruption","floor":15,"key":"SMITH"},{"floor":23,"key":"REST"},{"floor":32,"key":"REST"},{"floor":40,"key":"RECALL"},{"floor":42,"key":"REST"},{"data":"Strike_P+1","floor":46,"key":"PURGE"},{"floor":49,"key":"REST"}],"circlet_count":0,"master_deck":["AscendersBane","Strike_P+1","Defend_P+1","Defend_P+1","Defend_P+1","Defend_P+1","Eruption+1","Vigilance","CrushJoints+1","SandsOfTime+1","Conclude+1","Scrawl","ClearTheMind","SpiritShield","Sanctity","EmptyFist","DeceiveReality","EmptyMind","Scrawl","InnerPeace","Tantrum+1","SpiritShield","TalkToTheHand+1","SpiritShield","Wallop+1","CutThroughFate+1","WaveOfTheHand"],"relics":["Tiny House","Happy Flower","Peace Pipe","InkBottle","Lantern","Omamori","Fusion Hammer","Membership Card","Molten Egg 2","Blood Vial","Mercury Hourglass","MealTicket","Juzu Bracelet","Snecko Eye","Potion Belt","Yang","Calipers"],"acts_visited":["Exordium","TheCity","TheBeyond"],"potions_floor_usage":[3,7,20,25,31,33,41,50,50,51],"damage_taken":[{"damage":0,"enemies":"Cultist","floor":1,"turns":3},{"damage":9,"enemies":"Jaw Worm","floor":2,"turns":5},{"damage":2,"enemies":"2 Louse","floor":3,"turns":4},{"damage":5,"enemies":"Lagavulin","floor":7,"turns":7},{"damage":16,"enemies":"Gremlin Gang","floor":11,"turns":4},{"damage":0,"enemies":"3 Louse","floor":13,"turns":1},{"damage":0,"enemies":"Gremlin Nob","floor":14,"turns":2},{"damage":0,"enemies":"Slime Boss","floor":16,"turns":5},{"damage":0,"enemies":"Chosen","floor":18,"turns":3},{"damage":13,"enemies":"3 Byrds","floor":20,"turns":5},{"damage":9,"enemies":"Snake Plant","floor":24,"turns":3},{"damage":27,"enemies":"Slavers","floor":25,"turns":3},{"damage":0,"enemies":"Centurion and Healer","floor":28,"turns":5},{"damage":7,"enemies":"Shelled Parasite and Fungi","floor":30,"turns":5},{"damage":2,"enemies":"Gremlin Leader","floor":31,"turns":6},{"damage":33,"enemies":"Collector","floor":33,"turns":7},{"damage":0,"enemies":"3 Darklings","floor":35,"turns":5},{"damage":3,"enemies":"3 Shapes","floor":37,"turns":5},{"damage":11,"enemies":"3 Darklings","floor":38,"turns":4},{"damage":0,"enemies":"Sphere and 2 Shapes","floor":39,"turns":5},{"damage":0,"enemies":"Reptomancer","floor":41,"turns":2},{"damage":14,"enemies":"Nemesis","floor":44,"turns":11},{"damage":0,"enemies":"Jaw Worm Horde","floor":47,"turns":4},{"damage":16,"enemies":"2 Orb Walkers","floor":48,"turns":5},{"damage":63,"enemies":"Time Eater","floor":50,"turns":17},{"damage":12,"enemies":"Awakened One","floor":51,"turns":1}],"seed_played":"-3433691868979816496","potions_obtained":[{"floor":0,"key":"Block Potion"},{"floor":3,"key":"SpeedPotion"},{"floor":13,"key":"DuplicationPotion"},{"floor":16,"key":"PowerPotion"},{"floor":25,"key":"Explosive Potion"},{"floor":27,"key":"Explosive Potion"},{"floor":28,"key":"Strength Potion"},{"floor":35,"key":"DuplicationPotion"},{"floor":44,"key":"Ancient Potion"},{"floor":47,"key":"Dexterity Potion"},{"floor":48,"key":"Swift Potion"}],"is_trial":false,"path_per_floor":["M","M","M","T","?","R","E","R","T","R","M","?","M","E","R","B",null,"M","?","M","$","?","R","M","E","T","?","M","T","M","E","R","B",null,"M","$","M","M","M","R","E","R","T","E","?","R","M","?","R","B","B"],"character_chosen":"WATCHER","items_purchased":["Membership Card","Molten Egg 2","Blood Vial","DeceiveReality","PowerPotion"],"campfire_rested":4,"item_purchase_floors":[21,21,21,21,36],"current_hp_per_floor":[66,57,55,55,37,37,32,32,32,32,16,16,16,16,16,16,59,59,59,46,46,46,67,60,35,35,35,37,37,32,32,53,22,60,62,73,70,61,63,63,65,73,73,59,73,73,73,57,73,10,0,0],"gold":401,"neow_bonus":"BOSS_RELIC","is_daily":false,"chose_seed":false,"campfire_upgraded":4,"win_rate":0.0,"timestamp":1613302188,"path_taken":["M","M","M","?","?","R","E","R","T","R","M","?","M","E","R","BOSS","M","?","?","$","?","R","M","E","T","?","?","?","M","E","R","BOSS","M","$","M","M","M","R","E","R","T","E","?","R","M","?","R","BOSS","BOSS"],"items_purchased_type":["Relic","Relic","Relic","Card","Potion"],"build_version":"2020-12-22","purchased_purges":1,"victory":false,"max_hp_per_floor":[73,73,73,73,73,73,73,73,73,73,73,73,73,73,73,73,73,73,73,73,73,73,73,73,73,73,73,73,73,73,73,73,73,73,73,73,73,73,73,73,73,73,73,73,73,73,73,73,73,73,73,73],"relic_stats":{"Peace Pipe":1,"Blood Vial":22,"Happy Flower":[38],"counters":[26,127],"Snecko Eye":[103,110,127,133],"MealTicket":11,"Yang":[48],"Juzu Bracelet":0,"obtain_stats":[{"Potion Belt":41,"Lantern":9,"Tiny House":0,"Calipers":48,"Happy Flower":4,"Yang":44,"Omamori":14,"Juzu Bracelet":29,"Mercury Hourglass":25,"Peace Pipe":5,"Blood Vial":21,"Snecko Eye":34,"Molten Egg 2":21,"MealTicket":26,"Fusion Hammer":17,"Membership Card":21,"PureWater":0,"InkBottle":7},{"Potion Belt":21,"Lantern":4,"Tiny House":0,"Calipers":24,"Happy Flower":3,"Yang":22,"Omamori":7,"Juzu Bracelet":13,"Mercury Hourglass":12,"Peace Pipe":3,"Blood Vial":10,"Snecko Eye":16,"Molten Egg 2":10,"MealTicket":12,"Fusion Hammer":8,"Membership Card":10,"PureWater":0,"InkBottle":4},{"Potion Belt":89,"Lantern":19,"Tiny House":0,"Calipers":109,"Happy Flower":12,"Yang":100,"Omamori":26,"Juzu Bracelet":50,"Mercury Hourglass":45,"Peace Pipe":12,"Blood Vial":39,"Snecko Eye":68,"Molten Egg 2":39,"MealTicket":45,"Fusion Hammer":31,"Membership Card":39,"PureWater":0,"InkBottle":19}],"InkBottle":[35],"Mercury Hourglass":[312]},"card_choices":[{"not_picked":["Prostrate","Perseverance"],"picked":"CrushJoints","floor":0},{"not_picked":["Evaluate","CrushJoints"],"picked":"SandsOfTime","floor":1},{"not_picked":["ForeignInfluence","Halt","Consecrate"],"picked":"SKIP","floor":2},{"not_picked":["ClearTheMind","FlyingSleeves"],"picked":"Conclude","floor":3},{"not_picked":["SignatureMove","FollowUp"],"picked":"Scrawl","floor":7},{"not_picked":["BattleHymn","CrushJoints","Worship"],"picked":"SKIP","floor":11},{"not_picked":["ReachHeaven","Prostrate","PathToVictory"],"picked":"SKIP","floor":13},{"not_picked":["CutThroughFate","EmptyFist"],"picked":"ClearTheMind","floor":14},{"not_picked":["Judgement","Ragnarok"],"picked":"SpiritShield","floor":16},{"not_picked":["JustLucky","Perseverance"],"picked":"Sanctity","floor":18},{"not_picked":["CutThroughFate","PathToVictory"],"picked":"EmptyFist","floor":20},{"not_picked":["ForeignInfluence","Fasting2"],"picked":"EmptyMind","floor":24},{"not_picked":["EmptyBody","Prostrate"],"picked":"Scrawl","floor":25},{"not_picked":["Prostrate","PathToVictory+1","Worship"],"picked":"SKIP","floor":28},{"not_picked":["Prostrate","Evaluate"],"picked":"InnerPeace","floor":30},{"not_picked":["ThirdEye","SashWhip+1"],"picked":"Tantrum+1","floor":31},{"not_picked":["Vault","Ragnarok+1"],"picked":"SpiritShield","floor":33},{"not_picked":["FollowUp+1","Crescendo","FlyingSleeves+1"],"picked":"SKIP","floor":35},{"not_picked":["ClearTheMind","Halt"],"picked":"TalkToTheHand+1","floor":37},{"not_picked":["FlurryOfBlows+1","FollowUp+1"],"picked":"SpiritShield","floor":38},{"not_picked":["Conclude+1","FlurryOfBlows+1","EmptyFist+1"],"picked":"SKIP","floor":39},{"not_picked":["Study","PathToVictory","ThirdEye"],"picked":"SKIP","floor":41},{"not_picked":["Evaluate","JustLucky+1"],"picked":"Wallop+1","floor":44},{"not_picked":["EmptyBody","Evaluate+1"],"picked":"CutThroughFate+1","floor":47},{"not_picked":["CutThroughFate+1","Crescendo"],"picked":"WaveOfTheHand","floor":48}],"player_experience":2859948,"relics_obtained":[{"floor":4,"key":"Happy Flower"},{"floor":7,"key":"InkBottle"},{"floor":9,"key":"Lantern"},{"floor":14,"key":"Omamori"},{"floor":25,"key":"Mercury Hourglass"},{"floor":26,"key":"MealTicket"},{"floor":29,"key":"Juzu Bracelet"},{"floor":41,"key":"Potion Belt"},{"floor":44,"key":"Yang"},{"floor":48,"key":"Calipers"}],"event_choices":[{"damage_healed":0,"gold_gain":0,"player_choice":"Success","damage_taken":18,"relics_obtained":["Peace Pipe"],"max_hp_gain":0,"max_hp_loss":0,"event_name":"Scrap Ooze","floor":5,"gold_loss":0},{"damage_healed":0,"gold_gain":0,"player_choice":"Ignored","damage_taken":0,"max_hp_gain":0,"max_hp_loss":0,"event_name":"Liars Game","floor":12,"gold_loss":0},{"cards_removed":["Strike_P"],"damage_healed":0,"gold_gain":0,"player_choice":"Offered Basic","damage_taken":0,"max_hp_gain":0,"max_hp_loss":0,"event_name":"Bonfire Elementals","floor":19,"gold_loss":0},{"damage_healed":0,"gold_gain":0,"player_choice":"Simplicity","damage_taken":0,"max_hp_gain":0,"max_hp_loss":0,"event_name":"Back to Basics","floor":22,"gold_loss":0,"cards_upgraded":["Strike_P","Defend_P","Defend_P","Defend_P","Defend_P"]},{"damage_healed":0,"gold_gain":0,"player_choice":"Got Potions","damage_taken":0,"max_hp_gain":0,"max_hp_loss":0,"event_name":"Lab","floor":27,"gold_loss":0},{"damage_healed":15,"gold_gain":0,"player_choice":"Writhe","damage_taken":0,"max_hp_gain":0,"max_hp_loss":0,"event_name":"Winding Halls","floor":45,"gold_loss":0,"cards_obtained":["Writhe"]},{"damage_healed":0,"gold_gain":0,"player_choice":"Fight","damage_taken":0,"max_hp_gain":0,"max_hp_loss":0,"event_name":"Mysterious Sphere","floor":48,"gold_loss":0}],"is_beta":false,"boss_relics":[{"not_picked":["Runic Dome","Philosopher\u0027s Stone"],"picked":"Fusion Hammer"},{"not_picked":["Calling Bell","Empty Cage"],"picked":"Snecko Eye"}],"items_purged_floors":[21],"is_endless":false,"potions_floor_spawned":[3,13,16,18,25,28,30,35,44,47,48],"killed_by":"Awakened One","ascension_level":20}}