{"host":"u7bb6mvzuirwfcqo","time":1613320823,"event":{"mods":["2.2 Compatiblity","AchievementEnabler","BaseMod","Card Forge","Downfall","Hermit","Minty Spire (QoL Compilation)","Relic Stats","Replay The Spire","StSLib"],"gold_per_floor":[113,113,129,129,147,181,201,201,201,201,230,247,247,265,265,365,365,378,378,396,406,406,406,406,406,406,41,68,86,86,26,26,128,128,139,152,198,198,213,213,113,144,193,222,222,236,236,251,251,251],"floor_reached":51,"language":"ENG","playtime":2120,"items_purged":["downfall:Bewildered","Pain"],"score":740,"play_id":"1462abbd-bae3-4b25-9948-5295e7cfc5a7","local_time":"20210214114023","is_ascension_mode":false,"campfire_choices":[{"data":"Slimebound:Split","floor":8.0,"key":"SMITH"},{"floor":10.0,"key":"REST"},{"floor":13.0,"key":"REST"},{"data":"Slimebound:Overexert","floor":15.0,"key":"SMITH"},{"floor":23.0,"key":"REST"},{"floor":25.0,"key":"REST"},{"floor":30.0,"key":"RECALL"},{"floor":32.0,"key":"REST"},{"floor":40,"key":"REST"},{"floor":45,"key":"REST"},{"floor":49,"key":"REST"}],"circlet_count":0,"master_deck":["Slimebound:Strike_Slimebound+1","Slimebound:Strike_Slimebound","Slimebound:Strike_Slimebound","Slimebound:Tackle","Slimebound:Defend_Slimebound+1","Slimebound:Defend_Slimebound","Slimebound:Defend_Slimebound","Slimebound:Defend_Slimebound","Slimebound:Split+1","Slimebound:CorrosiveSpit+1","Slimebound:SplitMire+1","Slimebound:Replication","Slimebound:LevelUp","Slimebound:LevelUp","Slimebound:TagTeam","Slimebound:LeechEnergy","Slimebound:Overexert+1","Slimebound:MassFeed","Slimebound:ComboTackle+1","Slimebound:TagTeam+1","Slimebound:Prepare","Slimebound:Repurpose+1","Slimebound:Prepare+1","Slimebound:Equalize","Slimebound:Equalize","Slimebound:MinionMaster","Slimebound:Equalize+1"],"relics":["Slimebound:AbsorbEndCombat","Hammer of Thor","Seething Fire","Anvil of the Gods","NeowsBlessing","Anchor","Quantum Egg","Iron Hammer","Fusion Hammer","sneckomod:BabySnecko","Replay:Ringing Soul","OrangePellets","Whetstone","MealTicket","Busted Crown","FossilizedHelix","WarpedTongs","Happy Flower","Replay:Rubber Ducky","War Paint"],"acts_visited":["Exordium","TheCity","TheBeyond"],"potions_floor_usage":[42,42,50],"damage_taken":[{"damage":0.0,"enemies":"Jaw Worm","floor":1.0,"turns":1.0},{"damage":0.0,"enemies":"2 Louse","floor":3.0,"turns":2.0},{"damage":3.0,"enemies":"Cultist","floor":5.0,"turns":1.0},{"damage":43.0,"enemies":"Gremlin Nob","floor":6.0,"turns":5.0},{"damage":10.0,"enemies":"2 Fungi Beasts","floor":7.0,"turns":5.0},{"damage":15.0,"enemies":"Lagavulin","floor":11.0,"turns":6.0},{"damage":12.0,"enemies":"Gremlin Gang","floor":12.0,"turns":2.0},{"damage":0.0,"enemies":"3 Louse","floor":14.0,"turns":3.0},{"damage":20.0,"enemies":"Fading Forest","floor":16.0,"turns":11.0},{"damage":18.0,"enemies":"Spheric Guardian","floor":18.0,"turns":4.0},{"damage":3.0,"enemies":"Shell Parasite","floor":20.0,"turns":4.0},{"damage":0.0,"enemies":"Chosen and Byrds","floor":21.0,"turns":4.0},{"damage":0.0,"enemies":"Snake Plant","floor":29.0,"turns":2.0},{"damage":17.0,"enemies":"Pondfish","floor":33.0,"turns":7.0},{"damage":17.0,"enemies":"3 Shapes","floor":35.0,"turns":3.0},{"damage":20.0,"enemies":"Orb Walker","floor":36.0,"turns":3.0},{"damage":31.0,"enemies":"2 Orb Walkers","floor":37.0,"turns":3.0},{"damage":0,"enemies":"Spire Growth","floor":39,"turns":4},{"damage":44,"enemies":"Nemesis","floor":42,"turns":5},{"damage":21,"enemies":"Giant Head","floor":44,"turns":7},{"damage":0,"enemies":"3 Darklings","floor":46,"turns":3},{"damage":0,"enemies":"Jaw Worm Horde","floor":48,"turns":4},{"damage":14,"enemies":"Time Eater","floor":50,"turns":5}],"seed_played":"-1234214489816276676","potions_obtained":[{"floor":3.0,"key":"Strength Potion"},{"floor":5.0,"key":"Reflective Coating"},{"floor":6.0,"key":"Explosive Potion"},{"floor":20.0,"key":"LiquidMemories"},{"floor":37.0,"key":"BlessingOfTheForge"},{"floor":48,"key":"Slimebound:SpawnSlimePotion"}],"is_trial":false,"path_per_floor":["M","?","M","?","M","E","M","R","T","R","E","M","R","M","R","B",null,"M","?","M","M","?","R","?","R","T","$","T","M","R","$","R","B",null,"M","M","?","?","M","R","$","E","T","E","R","M","$","M","R","B",null],"character_chosen":"SLIMEBOUND","items_purchased":["OrangePellets","Whetstone","Slimebound:Equalize"],"campfire_rested":8,"item_purchase_floors":[27,27,31],"current_hp_per_floor":[65,65,65,65,62,27,21,21,21,40,27,15,34,34,34,32,65,49,49,48,56,56,69,69,69,69,69,69,72,72,75,75,66,78,77,64,59,62,68,88,88,44,44,37,63,69,84,88,88,88],"gold":251,"neow_bonus":"THREE_ENEMY_KILL","is_daily":false,"chose_seed":false,"campfire_upgraded":2,"win_rate":0.0,"timestamp":1613320823,"path_taken":["M","?","M","?","?","E","M","R","T","R","E","M","R","?","R","BOSS","M","?","?","M","?","R","?","R","T","$","?","M","R","?","R","BOSS","M","?","?","?","M","R","$","E","T","E","R","?","$","M","R","BOSS"],"items_purchased_type":["Relic","Relic","Card"],"build_version":"2020-12-22","purchased_purges":2,"victory":true,"max_hp_per_floor":[65,65,65,65,65,65,65,65,65,65,65,65,65,65,65,65,65,65,65,65,69,69,69,69,69,69,69,69,72,72,75,75,78,78,82,85,85,88,88,88,88,88,88,88,88,88,88,88,88,88],"relic_stats":{"OrangePellets":[12],"Busted Crown":16,"Happy Flower":[6],"counters":[23,90],"MealTicket":15,"Whetstone":["Slimebound:TagTeam","Slimebound:Strike_Slimebound"],"War Paint":["Slimebound:CorrosiveSpit","Slimebound:SplitMire"],"obtain_stats":[{"NeowsBlessing":0,"Happy Flower":42,"Quantum Egg":9,"Hammer of Thor":0,"Seething Fire":0,"Whetstone":27,"War Paint":44,"WarpedTongs":38,"Replay:Rubber Ducky":43,"sneckomod:BabySnecko":24,"Replay:Ringing Soul":26,"OrangePellets":27,"Anchor":6,"Busted Crown":34,"Anvil of the Gods":0,"MealTicket":28,"Iron Hammer":11,"Fusion Hammer":17,"Slimebound:AbsorbEndCombat":0,"FossilizedHelix":37},{"NeowsBlessing":0,"Happy Flower":19,"Quantum Egg":5,"Hammer of Thor":0,"Seething Fire":0,"Whetstone":12,"War Paint":20,"WarpedTongs":17,"Replay:Rubber Ducky":19,"sneckomod:BabySnecko":12,"Replay:Ringing Soul":12,"OrangePellets":12,"Anchor":4,"Busted Crown":14,"Anvil of the Gods":0,"MealTicket":12,"Iron Hammer":6,"Fusion Hammer":9,"Slimebound:AbsorbEndCombat":0,"FossilizedHelix":17},{"NeowsBlessing":0,"Happy Flower":72,"Quantum Egg":14,"Hammer of Thor":0,"Seething Fire":0,"Whetstone":46,"War Paint":79,"WarpedTongs":63,"Replay:Rubber Ducky":72,"sneckomod:BabySnecko":46,"Replay:Ringing Soul":46,"OrangePellets":46,"Anchor":9,"Busted Crown":55,"Anvil of the Gods":0,"MealTicket":46,"Iron Hammer":19,"Fusion Hammer":34,"Slimebound:AbsorbEndCombat":0,"FossilizedHelix":63}],"WarpedTongs":[21]},"card_choices":[{"not_picked":["Slimebound:SplitLeeching","Slimebound:GoopSpray"],"picked":"Slimebound:SplitMire","floor":1.0},{"not_picked":["Slimebound:Schlurp","Slimebound:FlameTackle"],"picked":"Slimebound:Replication","floor":3.0},{"not_picked":["Slimebound:LeechingTouch","Slimebound:SlimeSpikes"],"picked":"Slimebound:LevelUp","floor":5.0},{"not_picked":["Slimebound:SplitAcid","Slimebound:ItLooksTasty"],"picked":"Slimebound:LevelUp","floor":6.0},{"not_picked":["Slimebound:SplitLeeching","Slimebound:GoopTackle"],"picked":"Slimebound:TagTeam","floor":7.0},{"not_picked":["Slimebound:Prepare","Slimebound:SlimeSpikes"],"picked":"Slimebound:LeechEnergy","floor":11.0},{"not_picked":["Slimebound:SamplingLick","Slimebound:HauntingLick","Slimebound:FlameTackle"],"picked":"SKIP","floor":12.0},{"not_picked":["Slimebound:LeechEnergy","Slimebound:BestDefense"],"picked":"Slimebound:Overexert","floor":14.0},{"not_picked":["Slimebound:SlimeSlap","Slimebound:OneTwoCombo"],"picked":"Slimebound:MassFeed","floor":16.0},{"not_picked":["Slimebound:SamplingLick","Slimebound:MegaLick"],"picked":"Slimebound:ComboTackle+1","floor":18.0},{"not_picked":["Slimebound:RollThrough","Slimebound:SplitBruiser"],"picked":"Slimebound:Prepare","floor":20.0},{"not_picked":["Slimebound:Gluttony","Slimebound:ServeAndProtect"],"picked":"Slimebound:Repurpose+1","floor":21.0},{"not_picked":["Slimebound:LeechEnergy+1","Slimebound:GoopTackle"],"picked":"Slimebound:Prepare+1","floor":29.0},{"not_picked":["Slimebound:Recycling","Slimebound:CheckThePlaybook"],"picked":"Slimebound:MinionMaster","floor":33.0},{"not_picked":["Slimebound:RollThrough+1"],"picked":"SKIP","floor":35.0},{"not_picked":[],"picked":"Slimebound:Equalize+1","floor":36.0},{"not_picked":["Slimebound:Gluttony"],"picked":"SKIP","floor":39},{"not_picked":["Slimebound:Gluttony"],"picked":"SKIP","floor":42},{"not_picked":["Slimebound:Schlurp"],"picked":"SKIP","floor":44},{"not_picked":["Slimebound:SamplingLick"],"picked":"SKIP","floor":46},{"not_picked":["Slimebound:SamplingLick+1"],"picked":"SKIP","floor":48}],"player_experience":48149,"relics_obtained":[{"floor":6.0,"key":"Anchor"},{"floor":9.0,"key":"Quantum Egg"},{"floor":11.0,"key":"Iron Hammer"},{"floor":26.0,"key":"Replay:Ringing Soul"},{"floor":28.0,"key":"MealTicket"},{"floor":37.0,"key":"FossilizedHelix"},{"floor":42,"key":"Happy Flower"},{"floor":43,"key":"Replay:Rubber Ducky"},{"floor":44,"key":"War Paint"}],"event_choices":[{"damage_healed":0.0,"max_hp_gain":0.0,"max_hp_loss":0.0,"gold_gain":0.0,"event_name":"Duplicator","player_choice":"Copied","floor":19.0,"gold_loss":0.0,"damage_taken":0.0,"cards_obtained":["Slimebound:TagTeam"]},{"damage_healed":0.0,"max_hp_gain":0.0,"max_hp_loss":0.0,"gold_gain":0.0,"event_name":"Mysterious Sphere","player_choice":"Fight","floor":37.0,"gold_loss":0.0,"damage_taken":0.0},{"damage_healed":0,"gold_gain":0,"player_choice":"Rummage","damage_taken":0,"relics_obtained":["WarpedTongs"],"max_hp_gain":0,"max_hp_loss":0,"event_name":"Accursed Blacksmith","floor":38,"gold_loss":0,"cards_obtained":["Pain"]}],"is_beta":false,"boss_relics":[{"not_picked":["Calling Bell","SacredBark"],"picked":"Fusion Hammer"},{"not_picked":["Velvet Choker","Snecko Eye"],"picked":"Busted Crown"}],"items_purged_floors":[27,41],"is_endless":false,"potions_floor_spawned":[3,5,6,20,29,33,35,37,48],"ascension_level":0}}