{"host":"f14d6hm2349s9jse","time":1613333415,"event":{"mods":["2.2 Compatiblity","BaseMod","GungeonMod","Minty Spire (QoL Compilation)","StSLib"],"gold_per_floor":[111,129,147,147,160,160,194,205,256,256,285,285,304,339,339,435,435,450,462,208,208,220,251,263,263,263,263,263,263,323,238,238,346,346,361,361,56,107,117,149,149,445,445,484,533,10,24,24,24,29],"floor_reached":51,"language":"ENG","playtime":4298,"items_purged":["DemoMod:FastSwitch"],"score":961,"play_id":"44917f3e-5939-4cc1-b84f-d73d6fb0f6ca","local_time":"20210214151015","is_ascension_mode":true,"campfire_choices":[{"floor":6.0,"key":"REST"},{"floor":12.0,"key":"REST"},{"floor":15.0,"key":"REST"},{"data":"DemoMod:TableSutra","floor":25,"key":"SMITH"},{"floor":27,"key":"REST"},{"floor":32,"key":"REST"},{"floor":41,"key":"REST"},{"floor":49,"key":"REST"}],"circlet_count":0,"master_deck":["DemoMod:Roll","DemoMod:ManualReload","DemoMod:RustySidearm","DemoMod:CrossBow","DemoMod:PotionOfGunFriendShip+1","DemoMod:Unity","DemoMod:HungryBullets","DemoMod:BlackHoleGun","DemoMod:Unity","DemoMod:CombinedRifle","DemoMod:BalloonGun","DemoMod:EasyReloadBullets","DemoMod:Polaris","DemoMod:SAA","DemoMod:MegaHand","DemoMod:SkilledReload","DemoMod:TableSutra+1","DemoMod:CursedBullets","DemoMod:Unity","DemoMod:TripleGun+1","DemoMod:Elimentaler","DemoMod:ZorGun","Madness","Madness","DemoMod:TableSutra+1","DemoMod:Slinger","DemoMod:BlankBullets","DemoMod:Evolver","DemoMod:Unity"],"relics":["DemoMod:Dog","DemoMod:Metronome","HornCleat","Tiny Chest","DemoMod:RatBoots","DemoMod:OrangeGuonStone","Nloth\u0027s Gift","Ice Cream","DemoMod:Bottle","DemoMod:SerJunkan","DemoMod:Junk","Meat on the Bone","Potion Belt","Fusion Hammer","DemoMod:WhiteGuonStone","DemoMod:PortableTableDevice","Bag of Marbles","DemoMod:ChaffGrenade"],"acts_visited":["Exordium","TheCity","TheBeyond"],"potions_floor_usage":[19,33,40,40],"damage_taken":[{"damage":0.0,"enemies":"Cultist","floor":1.0,"turns":4.0},{"damage":4.0,"enemies":"Small Slimes","floor":2.0,"turns":3.0},{"damage":0.0,"enemies":"2 Louse","floor":3.0,"turns":2.0},{"damage":8.0,"enemies":"Exordium Thugs","floor":5.0,"turns":4.0},{"damage":35.0,"enemies":"3 Sentries","floor":7.0,"turns":7.0},{"damage":5.0,"enemies":"Large Slime","floor":8.0,"turns":5.0},{"damage":4.0,"enemies":"Gremlin Nob","floor":11.0,"turns":3.0},{"damage":1.0,"enemies":"Lots of Slimes","floor":13.0,"turns":3.0},{"damage":15.0,"enemies":"3 Sentries","floor":14.0,"turns":6.0},{"damage":33.0,"enemies":"Hexaghost","floor":16.0,"turns":9.0},{"damage":0.0,"enemies":"3 Byrds","floor":18.0,"turns":4.0},{"damage":0,"enemies":"2 Thieves","floor":19,"turns":3},{"damage":0,"enemies":"Centurion and Healer","floor":22,"turns":3},{"damage":3,"enemies":"Slavers","floor":23,"turns":5},{"damage":13,"enemies":"Sentry and Sphere","floor":24,"turns":5},{"damage":19,"enemies":"Book of Stabbing","floor":30,"turns":5},{"damage":8,"enemies":"Champ","floor":33,"turns":10},{"damage":0,"enemies":"3 Shapes","floor":35,"turns":3},{"damage":0,"enemies":"3 Darklings","floor":39,"turns":4},{"damage":40,"enemies":"Nemesis","floor":40,"turns":5},{"damage":0,"enemies":"Giant Head","floor":44,"turns":6},{"damage":0,"enemies":"Maw","floor":45,"turns":6},{"damage":11,"enemies":"Spire Growth","floor":47,"turns":3},{"damage":19,"enemies":"Time Eater","floor":50,"turns":10}],"seed_played":"4288521844244207775","potions_obtained":[{"floor":1.0,"key":"Regen Potion"},{"floor":2.0,"key":"Weak Potion"},{"floor":3.0,"key":"LiquidBronze"},{"floor":11.0,"key":"Energy Potion"},{"floor":14.0,"key":"Explosive Potion"},{"floor":18.0,"key":"SkillPotion"},{"floor":22,"key":"Dexterity Potion"},{"floor":33,"key":"Weak Potion"},{"floor":35,"key":"ColorlessPotion"},{"floor":40,"key":"ColorlessPotion"},{"floor":44,"key":"PowerPotion"}],"is_trial":false,"path_per_floor":["M","M","M","?","M","R","E","M","T","?","E","R","M","E","R","B",null,"M","M","$","?","M","E","M","R","T","R","T","?","E","?","R","B",null,"M","?","$","T","M","E","R","?","T","E","M","$","M","?","R","B",null],"character_chosen":"HUNTRESS","items_purchased":["DemoMod:OrangeGuonStone","DemoMod:WhiteGuonStone","DemoMod:PortableTableDevice","DemoMod:BlankBullets","DemoMod:Evolver","DemoMod:ChaffGrenade"],"campfire_rested":7,"item_purchase_floors":[20,37,37,46,46,46],"current_hp_per_floor":[63,59,59,59,51,63,28,23,23,23,28,46,45,30,48,15,63,63,63,63,63,63,60,47,47,47,63,63,47,28,28,46,38,63,63,55,55,55,55,27,45,45,45,45,45,45,34,34,52,33],"gold":29,"neow_bonus":"TRANSFORM_TWO_CARDS","is_daily":false,"chose_seed":false,"campfire_upgraded":1,"win_rate":0.0,"timestamp":1613333415,"path_taken":["M","?","M","?","?","R","E","M","T","?","E","R","M","E","R","BOSS","M","M","?","?","?","E","M","R","T","R","?","?","E","?","R","BOSS","M","?","$","?","M","E","R","?","T","E","M","$","?","?","R","BOSS"],"items_purchased_type":["Relic","Relic","Relic","Card","Card","Relic"],"build_version":"2020-12-22","purchased_purges":1,"victory":true,"max_hp_per_floor":[63,63,63,63,63,63,63,63,63,63,63,63,63,63,63,63,63,63,63,63,63,63,63,63,63,63,63,63,63,63,63,63,63,63,63,63,63,63,63,63,63,63,63,63,63,63,63,63,63,63],"card_choices":[{"not_picked":["DemoMod:Unmoved","DemoMod:AC15"],"picked":"DemoMod:Unity","floor":1.0},{"not_picked":["DemoMod:SAA","DemoMod:GunstockTap"],"picked":"DemoMod:HungryBullets","floor":2.0},{"not_picked":["DemoMod:HungryBullets","DemoMod:ProbeStrike"],"picked":"DemoMod:BlackHoleGun","floor":3.0},{"not_picked":["DemoMod:Replace","DemoMod:HardPowerCard"],"picked":"DemoMod:Unity","floor":5.0},{"not_picked":["DemoMod:RadGun","DemoMod:SAA"],"picked":"DemoMod:CombinedRifle","floor":7.0},{"not_picked":["DemoMod:CombinedRifle","DemoMod:Polaris","DemoMod:HardPowerCard"],"picked":"SKIP","floor":8.0},{"not_picked":["DemoMod:StickyCrossBow","DemoMod:JK47","DemoMod:LifeOrb"],"picked":"SKIP","floor":11.0},{"not_picked":["DemoMod:StrategicReserve","DemoMod:CombinedRifle"],"picked":"DemoMod:FastSwitch","floor":13.0},{"not_picked":["DemoMod:BoxingGlove","DemoMod:GunstockTap","DemoMod:MegaHand"],"picked":"SKIP","floor":14.0},{"not_picked":["DemoMod:BulletBore","DemoMod:Elimentaler"],"picked":"DemoMod:BalloonGun","floor":16.0},{"not_picked":["DemoMod:BattleInHaste","DemoMod:DoubleSwitch","DemoMod:JK47"],"picked":"SKIP","floor":18.0},{"not_picked":["DemoMod:ProbeStrike+1","DemoMod:Ejector","DemoMod:JK47"],"picked":"SKIP","floor":19},{"not_picked":["DemoMod:MachoBrace","DemoMod:Unmoved","DemoMod:HuntsMan+1"],"picked":"SKIP","floor":22},{"not_picked":["DemoMod:ThirdPartyController","DemoMod:SpreadAmmo"],"picked":"DemoMod:TableSutra","floor":23},{"not_picked":["DemoMod:Unmoved","DemoMod:SAA"],"picked":"DemoMod:CursedBullets","floor":24},{"not_picked":["DemoMod:GunstockTap","DemoMod:TripleGun+1"],"picked":"DemoMod:Unity","floor":24},{"not_picked":["DemoMod:FullFirepower","DemoMod:Unity"],"picked":"DemoMod:TripleGun+1","floor":30},{"not_picked":["DemoMod:Slinger","DemoMod:DoubleVision"],"picked":"DemoMod:Elimentaler","floor":33},{"not_picked":["DemoMod:TeaPot","DemoMod:GunstockTap+1"],"picked":"DemoMod:ZorGun","floor":35},{"not_picked":["DemoMod:Replace+1","DemoMod:ProbeStrike"],"picked":"DemoMod:TableSutra+1","floor":39},{"not_picked":["DemoMod:Camera","DemoMod:BattleInHaste+1"],"picked":"DemoMod:Slinger","floor":40},{"not_picked":["DemoMod:BlackHoleGun","DemoMod:BoxingGlove","DemoMod:FortunesFavor+1"],"picked":"SKIP","floor":44},{"not_picked":["DemoMod:PotionOfGunFriendShip+1","DemoMod:TripleGun+1","DemoMod:DoubleSwitch+1"],"picked":"SKIP","floor":45},{"not_picked":["DemoMod:SniperShot","DemoMod:DarkMarker","DemoMod:Desperate"],"picked":"SKIP","floor":47}],"player_experience":2491300,"relics_obtained":[{"floor":2.0,"key":"DemoMod:Metronome"},{"floor":7.0,"key":"HornCleat"},{"floor":11.0,"key":"Tiny Chest"},{"floor":14.0,"key":"DemoMod:RatBoots"},{"floor":23,"key":"Ice Cream"},{"floor":26,"key":"DemoMod:Bottle"},{"floor":28,"key":"DemoMod:SerJunkan"},{"floor":29,"key":"DemoMod:Junk"},{"floor":30,"key":"Meat on the Bone"},{"floor":38,"key":"DemoMod:Junk"},{"floor":40,"key":"Bag of Marbles"},{"floor":43,"key":"DemoMod:Junk"},{"floor":44,"key":"DemoMod:Junk"}],"event_choices":[{"damage_healed":0.0,"max_hp_gain":0.0,"max_hp_loss":0.0,"gold_gain":0.0,"event_name":"The Woman in Blue","player_choice":"Bought 0 Potions","floor":4.0,"gold_loss":0.0,"damage_taken":0.0},{"damage_healed":0.0,"max_hp_gain":0.0,"max_hp_loss":0.0,"gold_gain":0.0,"event_name":"Accursed Blacksmith","player_choice":"Forge","floor":10.0,"gold_loss":0.0,"damage_taken":0.0,"cards_upgraded":["DemoMod:PotionOfGunFriendShip"]},{"damage_healed":0,"gold_gain":0,"player_choice":"Traded Relic","damage_taken":0,"relics_obtained":["Nloth\u0027s Gift"],"max_hp_gain":0,"max_hp_loss":0,"event_name":"N\u0027loth","floor":21,"relics_lost":["Pandora\u0027s Box"],"gold_loss":0},{"damage_healed":0,"gold_gain":0,"player_choice":"Obtained Book","damage_taken":16,"max_hp_gain":0,"max_hp_loss":0,"event_name":"Cursed Tome","floor":29,"gold_loss":0},{"damage_healed":0,"gold_gain":0,"player_choice":"Obtained Relic","damage_taken":0,"relics_obtained":["Potion Belt"],"max_hp_gain":0,"max_hp_loss":0,"event_name":"Addict","floor":31,"gold_loss":85},{"damage_healed":0,"gold_gain":0,"player_choice":"Embrace Madness","damage_taken":8,"max_hp_gain":0,"max_hp_loss":0,"event_name":"Winding Halls","floor":36,"gold_loss":0,"cards_obtained":["Madness","Madness"]},{"damage_healed":0,"gold_gain":0,"cards_transformed":["DemoMod:FastSwitch"],"player_choice":"Transformed","damage_taken":0,"max_hp_gain":0,"max_hp_loss":0,"event_name":"Transmorgrifier","floor":48,"gold_loss":0,"cards_obtained":["DemoMod:Unity"]}],"is_beta":false,"boss_relics":[{"not_picked":["DemoMod:Test1","Astrolabe"],"picked":"Pandora\u0027s Box"},{"not_picked":["Calling Bell","Velvet Choker"],"picked":"Fusion Hammer"}],"items_purged_floors":[46],"is_endless":false,"potions_floor_spawned":[1,2,3,11,14,18,22,33,35,40,44],"ascension_level":4}}