{"host":"dfmye4k1m09gk7de","time":1613264383,"event":{"mods":["AchievementEnabler","AlwaysNeverKeys","BaseMod","Bestiary","Better Altar","Better Match","Better Note","Better Sensory Stone","Better Skull","Better Third Choice","Better Vampires","Block Reminder","Colored Map","Colored Powertips","Highlight Path","Minty Spire (QoL Compilation)","Permanent Neow","Quick Restart","Rare Cards Sparkle","Relic Sorter","StSLib","Synergy Search"],"gold_per_floor":[112,112,37,52,72,72,91,91,91,91,91,131,31,56,56,181,181,195,195,214,234,250,250,291,291,291,0,0,15,31,31,31,152,152,167,22,43,43,43,43,84,97,97,97,112,112,128,163,163,163,163,163,17,56,56,56],"floor_reached":55,"language":"ENG","playtime":2835,"items_purged":["Strike_P","Defend_P","Strike_P"],"score":888,"play_id":"3e772bb2-7b05-4974-8415-1ccfbb432d7d","local_time":"20210213225943","is_ascension_mode":true,"campfire_choices":[{"data":"Eruption","floor":6.0,"key":"SMITH"},{"data":"Tantrum","floor":10.0,"key":"SMITH"},{"data":"MentalFortress","floor":15.0,"key":"SMITH"},{"floor":23.0,"key":"REST"},{"data":"Tantrum","floor":25.0,"key":"SMITH"},{"data":"SashWhip","floor":28.0,"key":"SMITH"},{"data":"Consecrate","floor":32.0,"key":"SMITH"},{"data":"EmptyBody","floor":40.0,"key":"SMITH"},{"data":"Impatience","floor":44.0,"key":"SMITH"},{"data":"EmptyFist","floor":46.0,"key":"SMITH"},{"data":"FollowUp","floor":49.0,"key":"SMITH"},{"data":"InnerPeace","floor":52.0,"key":"SMITH"}],"circlet_count":0,"master_deck":["Eruption+1","Vigilance+1","Consecrate+1","FearNoEvil","Tantrum+1","InnerPeace+1","EmptyBody+1","MentalFortress+1","EmptyFist+1","FollowUp+1","Tantrum+1","Halt+1","SashWhip+1","Evaluate+1","Impatience+1"],"relics":["PureWater","Yang","Golden Idol","White Beast Statue","Sozu","TungstenRod","Smiling Mask","Omamori","Busted Crown","War Paint","Ice Cream","Bottled Tornado","HornCleat","Medical Kit","Mercury Hourglass"],"acts_visited":["Exordium","TheCity","TheBeyond","TheEnding"],"potions_floor_usage":[],"damage_taken":[{"damage":0.0,"enemies":"Small Slimes","floor":1.0,"turns":2.0},{"damage":1.0,"enemies":"Cultist","floor":4.0,"turns":3.0},{"damage":9.0,"enemies":"2 Louse","floor":5.0,"turns":2.0},{"damage":0.0,"enemies":"Blue Slaver","floor":7.0,"turns":1.0},{"damage":0.0,"enemies":"3 Sentries","floor":12.0,"turns":4.0},{"damage":0.0,"enemies":"2 Fungi Beasts","floor":14.0,"turns":2.0},{"damage":29.0,"enemies":"The Guardian","floor":16.0,"turns":6.0},{"damage":1.0,"enemies":"Chosen","floor":18.0,"turns":3.0},{"damage":7.0,"enemies":"3 Byrds","floor":20.0,"turns":4.0},{"damage":7.0,"enemies":"Centurion and Healer","floor":21.0,"turns":5.0},{"damage":12.0,"enemies":"Snake Plant","floor":22.0,"turns":3.0},{"damage":11.0,"enemies":"Gremlin Leader","floor":24.0,"turns":6.0},{"damage":0.0,"enemies":"Sentry and Sphere","floor":29.0,"turns":4.0},{"damage":0.0,"enemies":"Snecko","floor":30.0,"turns":4.0},{"damage":37.0,"enemies":"Collector","floor":33.0,"turns":10.0},{"damage":0.0,"enemies":"3 Darklings","floor":35.0,"turns":3.0},{"damage":0.0,"enemies":"3 Shapes","floor":37.0,"turns":3.0},{"damage":0.0,"enemies":"Nemesis","floor":41.0,"turns":5.0},{"damage":0.0,"enemies":"3 Darklings","floor":42.0,"turns":4.0},{"damage":0.0,"enemies":"Transient","floor":45.0,"turns":5.0},{"damage":4.0,"enemies":"Writhing Mass","floor":47.0,"turns":5.0},{"damage":0.0,"enemies":"Reptomancer","floor":48.0,"turns":3.0},{"damage":42.0,"enemies":"Time Eater","floor":50.0,"turns":11.0},{"damage":40.0,"enemies":"Shield and Spear","floor":54.0,"turns":14.0},{"damage":64,"enemies":"The Heart","floor":55,"turns":5}],"seed_played":"5828238283821875770","potions_obtained":[{"floor":5.0,"key":"SkillPotion"},{"floor":12.0,"key":"FairyPotion"},{"floor":14.0,"key":"PowerPotion"},{"floor":16.0,"key":"ColorlessPotion"}],"is_trial":false,"path_per_floor":["M","?","$","M","M","R","M","?","T","R","?","E","$","M","R","B",null,"M","?","M","M","M","R","E","R","T","$","R","M","M","?","R","B",null,"M","$","M","?","?","R","E","M","T","R","M","R","M","E","R","B",null,"R","$","E","B"],"character_chosen":"WATCHER","items_purchased":["SashWhip","Evaluate","Omamori","War Paint","Medical Kit"],"campfire_rested":1,"item_purchase_floors":[27,27,27,36,53],"current_hp_per_floor":[65,65,65,64,55,55,55,60,60,60,60,60,60,60,60,31,65,64,64,57,50,38,57,46,46,46,46,46,46,46,46,46,9,65,65,65,65,65,65,65,65,65,65,65,65,65,61,61,61,19,65,65,65,25,0,0],"gold":56,"neow_bonus":"REMOVE_TWO","is_daily":false,"chose_seed":false,"campfire_upgraded":11,"win_rate":0.0,"timestamp":1613264383,"path_taken":["M","?","$","?","M","R","M","?","T","R","?","E","$","M","R","BOSS","M","?","M","M","M","R","E","R","T","$","R","M","M","?","R","BOSS","M","$","M","?","?","R","E","M","T","R","?","R","M","E","R","BOSS","R","$","E","BOSS"],"items_purchased_type":["Card","Card","Relic","Relic","Relic"],"build_version":"2020-12-22","purchased_purges":3,"victory":false,"max_hp_per_floor":[65,65,65,65,65,65,65,70,70,70,65,65,65,65,65,65,65,65,65,65,65,65,65,65,65,65,65,65,65,65,65,65,65,65,65,65,65,65,65,65,65,65,65,65,65,65,65,65,65,65,65,65,65,65,65,65],"card_choices":[{"not_picked":["Perseverance","FollowUp"],"picked":"Consecrate","floor":1.0},{"not_picked":["Evaluate","BowlingBash"],"picked":"FearNoEvil","floor":4.0},{"not_picked":["Establishment","Perseverance"],"picked":"Tantrum","floor":5.0},{"not_picked":["Wireheading","ForeignInfluence"],"picked":"InnerPeace","floor":7.0},{"not_picked":["Consecrate","Evaluate"],"picked":"EmptyBody","floor":12.0},{"not_picked":["Meditate","Fasting2"],"picked":"MentalFortress","floor":14.0},{"not_picked":["Collect","CutThroughFate"],"picked":"EmptyFist","floor":18.0},{"not_picked":["FlyingSleeves","Vengeance"],"picked":"FollowUp","floor":20.0},{"not_picked":["WheelKick","BowlingBash"],"picked":"Tantrum","floor":21.0},{"not_picked":["FollowUp","SandsOfTime+1"],"picked":"Halt+1","floor":22.0},{"not_picked":["EmptyBody","Alpha","WreathOfFlame"],"picked":"SKIP","floor":24.0},{"not_picked":["EmptyFist","EmptyBody","Evaluate+1"],"picked":"SKIP","floor":29.0},{"not_picked":["Perseverance","ReachHeaven","Fasting2"],"picked":"SKIP","floor":30.0},{"not_picked":["EmptyBody"],"picked":"SKIP","floor":35.0},{"not_picked":["Consecrate+1"],"picked":"SKIP","floor":37.0},{"not_picked":[],"picked":"Impatience","floor":38.0},{"not_picked":["ReachHeaven+1"],"picked":"SKIP","floor":41.0},{"not_picked":["PathToVictory"],"picked":"SKIP","floor":42.0},{"not_picked":["FlyingSleeves"],"picked":"SKIP","floor":45.0},{"not_picked":["PathToVictory+1"],"picked":"SKIP","floor":47.0},{"not_picked":["Protect+1"],"picked":"SKIP","floor":48.0},{"not_picked":["Establishment"],"picked":"SKIP","floor":54.0}],"player_experience":103998,"relics_obtained":[{"floor":9.0,"key":"Yang"},{"floor":12.0,"key":"White Beast Statue"},{"floor":24.0,"key":"TungstenRod"},{"floor":26.0,"key":"Smiling Mask"},{"floor":41.0,"key":"Ice Cream"},{"floor":43.0,"key":"Bottled Tornado"},{"floor":48.0,"key":"HornCleat"},{"floor":54.0,"key":"Mercury Hourglass"}],"event_choices":[{"cards_removed":["Defend_P"],"damage_healed":0.0,"max_hp_gain":0.0,"max_hp_loss":0.0,"gold_gain":0.0,"event_name":"Wheel of Change","player_choice":"Card Removal","floor":2.0,"gold_loss":0.0,"damage_taken":0.0},{"damage_healed":0.0,"max_hp_gain":5.0,"max_hp_loss":0.0,"gold_gain":0.0,"event_name":"Big Fish","player_choice":"Donut","floor":8.0,"gold_loss":0.0,"damage_taken":0.0},{"damage_healed":0.0,"max_hp_gain":0.0,"max_hp_loss":5.0,"gold_gain":0.0,"event_name":"Golden Idol","player_choice":"Lose Max HP","floor":11.0,"gold_loss":0.0,"damage_taken":0.0,"relics_obtained":["Golden Idol"]},{"cards_removed":["Strike_P"],"damage_healed":0.0,"max_hp_gain":0.0,"max_hp_loss":0.0,"gold_gain":0.0,"event_name":"Bonfire Elementals","player_choice":"Offered Basic","floor":19.0,"gold_loss":0.0,"damage_taken":0.0},{"cards_removed":["SashWhip"],"damage_healed":0.0,"max_hp_gain":0.0,"max_hp_loss":0.0,"gold_gain":0.0,"event_name":"betterNote:BetterNote","player_choice":"Give","floor":31.0,"gold_loss":0.0,"damage_taken":0.0,"cards_obtained":["Consecrate"]},{"damage_healed":0.0,"max_hp_gain":0.0,"max_hp_loss":0.0,"gold_gain":3.0,"event_name":"betterStone:BetterStone","player_choice":"1","floor":38.0,"gold_loss":0.0,"damage_taken":0.0},{"cards_removed":["Defend_P"],"damage_healed":0.0,"max_hp_gain":0.0,"max_hp_loss":0.0,"gold_gain":0.0,"event_name":"Purifier","player_choice":"Purged","floor":39.0,"gold_loss":0.0,"damage_taken":0.0}],"is_beta":false,"boss_relics":[{"not_picked":["Tiny House","Calling Bell"],"picked":"Sozu"},{"not_picked":["Velvet Choker","Runic Pyramid"],"picked":"Busted Crown"}],"items_purged_floors":[3,13,27],"is_endless":false,"potions_floor_spawned":[5,12,14,16,18,20,21,22,24,29,30,33,35,37,41,42,45,47,48,54],"killed_by":"The Heart","ascension_level":3}}