{"host":"gh98ee7752e7cjcc","time":1613272443,"event":{"mods":["AchievementEnabler","Act Like it!","Arknights","BaseMod","Colored Powertips","Duelist Mod","Infinite Spire","Minty Spire (QoL Compilation)","Quick Restart","Reliquary","Replay The Spire","StSLib","SuperFastMode","The Hierophant"],"gold_per_floor":[116,116,116,127,144,176,31,31,31,106,106,106,122,140,140,243,243,255,255,272,289,302,302,319,319,366,391,405,405,405,405,405],"floor_reached":31,"language":"ENG","playtime":1234,"items_purged":[],"score":237,"play_id":"fb59448c-54ce-49ea-8d17-d4de7c47baa6","local_time":"20210213221403","is_ascension_mode":false,"campfire_choices":[{"data":"ats:Assault Order","floor":8,"key":"SMITH"},{"data":"ats:Mental Burst","floor":12,"key":"SMITH"},{"data":"ats:Emotion Absorption","floor":23,"key":"SMITH"},{"floor":25,"key":"REST"}],"circlet_count":0,"master_deck":["ats:Strike C","ats:Strike G","ats:Strike V","ats:Armor Crushing Shot","ats:Defend","ats:Defend","ats:Defend","ats:Emotion Absorption+1","ats:Explosion Area Strengthen+1","ats:Blood Oath","ats:Mental Burst+1","ats:Assault Order+1","Iron Wave","ats:Closed Bolt Burst Fire","ats:Powerful Strike+1","ats:Volcano","ats:Thermite Blade","ats:Flexible Camouflage+1","ats:Very Hot Blade","ats:Apocalypse","Looming Evil"],"relics":["ats:Sanity","ats:Originium","Unceasing Top","ats:Arts","Ginger","reliquary:Craggleroot","Membership Card","Vajra","Red Mask","Ring of Fangs","ats:Hidden Killer"],"acts_visited":["Exordium","TheCity"],"potions_floor_usage":[24,24,24,28],"damage_taken":[{"damage":11,"enemies":"ats:Genji","floor":1,"turns":6},{"damage":3,"enemies":"2 Louse","floor":4,"turns":3},{"damage":0,"enemies":"Cultist","floor":5,"turns":2},{"damage":28,"enemies":"3 Sentries","floor":6,"turns":5},{"damage":12,"enemies":"Blue Slaver","floor":13,"turns":2},{"damage":2,"enemies":"2 Fungi Beasts","floor":14,"turns":2},{"damage":35,"enemies":"Slime Boss","floor":16,"turns":7},{"damage":10,"enemies":"3 Byrds","floor":18,"turns":5},{"damage":17,"enemies":"Shell Parasite","floor":20,"turns":5},{"damage":21,"enemies":"Snake Plant","floor":21,"turns":3},{"damage":21,"enemies":"Centurion and Healer","floor":22,"turns":4},{"damage":3,"enemies":"Shelled Parasite and Fungi","floor":24,"turns":2},{"damage":19,"enemies":"Masked Bandits","floor":27,"turns":3},{"damage":10,"enemies":"Snake Plant","floor":28,"turns":3},{"damage":34,"enemies":"Cultist and Chosen","floor":31,"turns":4}],"seed_played":"-6115235497863435916","potions_obtained":[{"floor":1,"key":"ats:Emergency Sanity Potion"},{"floor":16,"key":"Strength Potion"},{"floor":21,"key":"Energy Potion"},{"floor":22,"key":"Block Potion"},{"floor":27,"key":"ColorlessPotion"}],"is_trial":false,"path_per_floor":["M","?","?","M","M","E","$","R","T","?","?","R","M","M","R","B",null,"M","AVR","M","M","M","R","M","R","T","?","M","?","T","M"],"character_chosen":"DOCTOR_CLASS","items_purchased":["ats:Arts"],"campfire_rested":1,"item_purchase_floors":[7],"current_hp_per_floor":[68,61,61,58,61,36,36,36,36,25,25,25,13,11,34,2,79,72,72,61,40,22,22,19,42,42,23,13,13,13,0,0],"gold":405,"neow_bonus":"TEN_PERCENT_HP_BONUS","is_daily":false,"chose_seed":false,"campfire_upgraded":3,"win_rate":0.0,"timestamp":1613272443,"path_taken":["M","?","?","M","M","E","?","R","T","?","?","R","M","M","R","BOSS","M","AVR","M","?","M","R","M","R","T","?","M","?","?","M"],"items_purchased_type":["Relic"],"build_version":"2020-12-22","purchased_purges":0,"victory":false,"max_hp_per_floor":[79,79,79,79,79,79,79,79,79,79,79,79,79,79,79,79,79,79,79,79,79,79,79,79,79,79,79,79,79,79,79,79],"card_choices":[{"not_picked":["ats:Literary Storm","ats:Apocalypse"],"picked":"ats:Explosion Area Strengthen","floor":1},{"not_picked":["ats:Guard Mode","ats:Cat Scratch"],"picked":"ats:Blood Oath","floor":4},{"not_picked":["ats:Hammer On","ats:Curse Doll"],"picked":"ats:Mental Burst","floor":5},{"not_picked":["ats:Fractured Body","ats:Hammer On"],"picked":"ats:Assault Order","floor":6},{"not_picked":["ats:Cat Scratch","ats:Leaping Hammer"],"picked":"ats:Closed Bolt Burst Fire","floor":13},{"not_picked":["ats:Very Hot Blade","ats:Automatic Cover"],"picked":"ats:Powerful Strike","floor":14},{"not_picked":["ats:Roar Of Ursus","ats:Shadow Assault"],"picked":"ats:Volcano","floor":16},{"not_picked":["ats:Healing Drone","ats:Spore Proliferation","ats:Consecutive Shot Auto+1"],"picked":"SKIP","floor":18},{"not_picked":["ats:Defend Order","ats:Powerful Strike"],"picked":"ats:Thermite Blade","floor":20},{"not_picked":["ats:Defend Order","ats:Powerful Strike"],"picked":"ats:Flexible Camouflage+1","floor":21},{"not_picked":["ats:Flexible Camouflage+1","ats:Steam Pump"],"picked":"ats:Very Hot Blade","floor":22},{"not_picked":["ats:Curse Doll","ats:Encircling Forest","ats:Overload"],"picked":"SKIP","floor":24},{"not_picked":["ats:Closed Bolt Burst Fire","ats:Revitalization"],"picked":"ats:Apocalypse","floor":27},{"not_picked":["ats:Hammer On","ats:Neurotoxin","ats:Blood Oath"],"picked":"SKIP","floor":28}],"player_experience":166397,"relics_obtained":[{"floor":6,"key":"ats:Originium"},{"floor":6,"key":"Unceasing Top"},{"floor":9,"key":"Ginger"},{"floor":26,"key":"Vajra"},{"floor":27,"key":"Red Mask"},{"floor":29,"key":"Ring of Fangs"},{"floor":30,"key":"ats:Hidden Killer"}],"event_choices":[{"cards_removed":["ats:Strike S"],"damage_healed":0,"gold_gain":0,"player_choice":"Card Removal","damage_taken":7,"max_hp_gain":0,"max_hp_loss":0,"event_name":"Golden Wing","floor":2,"gold_loss":0},{"damage_healed":0,"gold_gain":0,"player_choice":"Grow","damage_taken":0,"max_hp_gain":0,"max_hp_loss":0,"event_name":"Living Wall","floor":3,"gold_loss":0,"cards_upgraded":["ats:Explosion Area Strengthen"]},{"damage_healed":0,"gold_gain":75,"player_choice":"Gather Gold","damage_taken":11,"max_hp_gain":0,"max_hp_loss":0,"event_name":"World of Goop","floor":10,"gold_loss":0},{"cards_removed":["ats:Defend"],"damage_healed":0,"gold_gain":0,"player_choice":"Took Card","damage_taken":0,"max_hp_gain":0,"max_hp_loss":0,"event_name":"NoteForYourself","floor":11,"gold_loss":0,"cards_obtained":["Iron Wave"]},{"damage_healed":0,"gold_gain":0,"player_choice":"Fought Bandits","damage_taken":0,"max_hp_gain":0,"max_hp_loss":0,"event_name":"Masked Bandits","floor":27,"gold_loss":0}],"is_beta":false,"boss_relics":[{"not_picked":["infinitespire:Cupcake","Replay:Ancient Bell"],"picked":"reliquary:Craggleroot"}],"items_purged_floors":[],"is_endless":false,"potions_floor_spawned":[1,16,21,22,27],"killed_by":"Cultist and Chosen","ascension_level":0}}