{"host":"pqs17sqrgflf4eqa","time":1613344553,"event":{"mods":["AchievementEnabler","BaseMod","Bestiary","Better Altar","Better Match","Better Skull","Block Reminder","Bossed Relics","Colored Map","Colored Powertips","Curses Come First","Dark Map","DeckTracker","Defective Defect","Displayed Cursed Tome","Emptier Cage","Googly Eyes","Highlight Path","Minty Spire (QoL Compilation)","Quick Restart","Slay-I","StSLib","SuperFastMode","Synergy Search","Thieving Mod","Transform Curses","everything is the same but u backflip on backflip","slay the spire mod where everything is the same but ironclad has a cowboy hat"],"gold_per_floor":[217,231,247,1,1,1,1,1],"floor_reached":7,"language":"ENG","playtime":135,"items_purged":[],"score":53,"play_id":"25ac454b-cdde-478e-8f33-743e39b5e24b","local_time":"20210214181553","is_ascension_mode":true,"campfire_choices":[{"data":"Finisher","floor":6,"key":"SMITH"}],"circlet_count":0,"master_deck":["Strike_G","Strike_G","Strike_G","Strike_G","Strike_G","Defend_G","Defend_G","Defend_G","Defend_G","Survivor","Neutralize","Finisher+1","Footwork","Dodge and Roll","Deflect","Backflip","Finisher"],"relics":["Ring of the Snake","MealTicket"],"acts_visited":["Exordium"],"potions_floor_usage":[3],"damage_taken":[{"damage":10,"enemies":"Cultist","floor":1,"turns":5},{"damage":15,"enemies":"Jaw Worm","floor":2,"turns":4},{"damage":14,"enemies":"Small Slimes","floor":3,"turns":5},{"damage":48,"enemies":"Gremlin Nob","floor":7,"turns":5}],"seed_played":"-6676852570886756368","potions_obtained":[{"floor":3,"key":"Fruit Juice"}],"is_trial":false,"path_per_floor":["M","M","M","$","?","R","E"],"character_chosen":"THE_SILENT","items_purchased":["MealTicket","Deflect","Backflip"],"campfire_rested":0,"item_purchase_floors":[4,4,4],"current_hp_per_floor":[53,38,29,29,29,29,0,0],"gold":1,"neow_bonus":"HUNDRED_GOLD","is_daily":false,"chose_seed":false,"campfire_upgraded":1,"win_rate":0.0,"timestamp":1613344553,"path_taken":["M","?","M","$","?","R","E"],"items_purchased_type":["Relic","Card","Card"],"build_version":"2020-12-22","purchased_purges":0,"victory":false,"max_hp_per_floor":[70,70,75,75,75,75,75,75],"card_choices":[{"not_picked":["Backflip","Quick Slash"],"picked":"Finisher","floor":1},{"not_picked":["Dagger Throw","Backflip"],"picked":"Footwork","floor":2},{"not_picked":["Underhanded Strike","Acrobatics"],"picked":"Dodge and Roll","floor":3}],"player_experience":209194,"relics_obtained":[],"event_choices":[{"damage_healed":0,"gold_gain":0,"cards_transformed":["Defend_G"],"player_choice":"Transformed","damage_taken":0,"max_hp_gain":0,"max_hp_loss":0,"event_name":"Transmorgrifier","floor":5,"gold_loss":0,"cards_obtained":["Finisher"]}],"is_beta":false,"boss_relics":[],"items_purged_floors":[],"is_endless":false,"potions_floor_spawned":[3],"killed_by":"Gremlin Nob","ascension_level":6}}