{"host":"3pgt7cyequ6zy3lm","time":1613293422,"event":{"mods":["Aspiration","BaseMod","Better Synergies","Bossed Relics","Colored Powertips","Conspire","Displayed Cursed Tome","Downfall","Energized Spire","Halation","Hubris","Infinite Spire","Minty Spire (QoL Compilation)","Quick Restart","Reliquary","Replay The Spire","Shop Mod","StSLib","SuperFastMode","The Construct","everything is the same but u backflip on backflip"],"gold_per_floor":[99,118,134,134,134,148,148,179,179,211,211,231,231,246,265,364,364,364,374,374,392,392,392,392,392,447,447,473,473,490,590,610,610,610,610],"floor_reached":33,"language":"RUS","playtime":2684,"items_purged":[],"score":277,"play_id":"d7e44ab3-09b7-4888-a2ff-eced11b58416","local_time":"20210214120342","is_ascension_mode":false,"campfire_choices":[{"data":"Slimebound:CorrosiveSpit","floor":1,"key":"SMITH"},{"data":"Slimebound:SplitMire","floor":9,"key":"SMITH"},{"data":"Slimebound:PrepareCrush","floor":13,"key":"PURGE"},{"data":"Slimebound:Overexert","floor":18,"key":"SMITH"},{"data":"Slimebound:LevelUp","floor":23,"key":"SMITH"},{"data":"Slimebound:Nibble","floor":25,"key":"PURGE"},{"floor":27,"key":"REST"}],"circlet_count":0,"master_deck":["Slimebound:Strike_Slimebound","Slimebound:Strike_Slimebound","Slimebound:Strike_Slimebound","Slimebound:Tackle","Slimebound:Defend_Slimebound","Slimebound:Defend_Slimebound","Slimebound:Defend_Slimebound","Slimebound:Defend_Slimebound","Slimebound:Split+1","Slimebound:CorrosiveSpit+1","Slimebound:SplitBruiser","Slimebound:SlimeSpikes","Slimebound:ProtectTheBoss","Slimebound:SplitMire+1","Slimebound:Schlurp","Slimebound:ItLooksTasty","Slimebound:Overexert+1","Slimebound:LevelUp+1","Slimebound:SplitMire+1","Slimebound:Repurpose","Slimebound:SplitBruiser"],"relics":["m_BurningSludge","halation:QuantumPhysicsTextbook","hubris:GlazedTorus","Slimebound:ScrapOozeRelic","hubris:Stopwatch","downfall:KnowingSkull","Golden Egg","reliquary:HotPoker"],"acts_visited":["Exordium","TheCity"],"potions_floor_usage":[28,33,33,33,33,33],"damage_taken":[{"damage":0,"enemies":"2 Louse","floor":2,"turns":2},{"damage":0,"enemies":"conspire:RoseBush","floor":3,"turns":3},{"damage":1,"enemies":"Jaw Worm","floor":6,"turns":4},{"damage":22,"enemies":"Gremlin Nob","floor":8,"turns":4},{"damage":10,"enemies":"Replay:BlueRogue","floor":10,"turns":5},{"damage":6,"enemies":"Large Slime","floor":12,"turns":5},{"damage":5,"enemies":"3 Louse","floor":14,"turns":3},{"damage":11,"enemies":"Lots of Slimes","floor":15,"turns":3},{"damage":16,"enemies":"WA_ARCHETYPE_RETAIN","floor":16,"turns":6},{"damage":4,"enemies":"Spheric Guardian","floor":19,"turns":3},{"damage":19,"enemies":"Shell Parasite","floor":21,"turns":4},{"damage":27,"enemies":"Cultist and Chosen","floor":26,"turns":5},{"damage":15,"enemies":"conspire:SneckoGhost","floor":28,"turns":6},{"damage":8,"enemies":"conspire:HollyBat","floor":30,"turns":6},{"damage":21,"enemies":"Snake Plant","floor":32,"turns":3},{"damage":28,"enemies":"SI_MIRROR_ARCHETYPE","floor":33,"turns":4}],"seed_played":"5884143571669207483","potions_obtained":[{"floor":2,"key":"EntropicBrew"},{"floor":10,"key":"conspire:TimeTravelPotion"},{"floor":14,"key":"hexamod:SoulburnPotion"},{"floor":19,"key":"Slimebound:SlimedPotion"},{"floor":28,"key":"LiquidBronze"}],"is_trial":false,"path_per_floor":["R","M","M","?","?","M","T","E","R","E","?","M","R","M","M","B",null,"R","M","?","M","?","R","T","R","M","R","E","?","M","?","M","B"],"character_chosen":"SLIMEBOUND","items_purchased":[],"campfire_rested":1,"item_purchase_floors":[],"current_hp_per_floor":[65,65,65,65,65,65,65,47,47,43,43,43,43,42,35,23,65,65,65,65,50,44,44,44,44,17,36,23,44,38,38,23,0,0,0],"gold":610,"neow_bonus":"UPGRADE_CARD","is_daily":false,"chose_seed":false,"campfire_upgraded":4,"win_rate":0.0,"timestamp":1613293422,"path_taken":["R","M","M","?","?","M","T","E","R","E","?","M","R","?","M","BOSS","R","M","?","M","?","R","T","R","?","R","E","?","M","?","M","BOSS"],"items_purchased_type":[],"build_version":"2020-12-22","purchased_purges":0,"victory":false,"max_hp_per_floor":[65,65,65,65,65,65,65,65,65,65,65,65,65,65,65,65,65,65,65,65,65,65,65,65,65,65,65,65,65,65,65,65,65,65,65],"card_choices":[{"not_picked":["Slimebound:HauntingLick","Slimebound:SlimeSpikes"],"picked":"Slimebound:SplitBruiser","floor":2},{"not_picked":["Slimebound:TongueLash","Slimebound:Chomp"],"picked":"Slimebound:SlimeSpikes","floor":3},{"not_picked":["Slimebound:SamplingLick","Slimebound:Chomp"],"picked":"Slimebound:ProtectTheBoss","floor":6},{"not_picked":["Slimebound:RejuvenatingLick","Slimebound:Prepare"],"picked":"Slimebound:SplitMire","floor":8},{"not_picked":["Slimebound:FinishingTackle","Slimebound:SlimeSpikes"],"picked":"Slimebound:PrepareCrush","floor":10},{"not_picked":["Slimebound:HauntingLick","Slimebound:SplitAcid"],"picked":"Slimebound:Schlurp","floor":12},{"not_picked":["Slimebound:RollThrough","Slimebound:SamplingLick"],"picked":"Slimebound:ItLooksTasty","floor":14},{"not_picked":["Whirlwind","Slimebound:DisruptingSlam","Slimebound:Grow"],"picked":"SKIP","floor":15},{"not_picked":["Slimebound:MassFeed","Slimebound:OneTwoCombo"],"picked":"Slimebound:Overexert","floor":16},{"not_picked":["Slimebound:GoopSpray+1","Slimebound:LeechEnergy"],"picked":"Slimebound:Nibble","floor":19},{"not_picked":["Slimebound:RollThrough","Slimebound:Chomp+1"],"picked":"Slimebound:LevelUp","floor":21},{"not_picked":["Slimebound:SlimeBrawl","Slimebound:SlimeSpikes"],"picked":"Slimebound:SplitMire+1","floor":26},{"not_picked":["Slimebound:PressTheAttack","Slimebound:LeechLife"],"picked":"Slimebound:Repurpose","floor":28},{"not_picked":["Slimebound:GoopTackle+1","Slimebound:GoopSpray"],"picked":"Slimebound:SplitBruiser","floor":30},{"not_picked":["Slimebound:SplitBruiser","Slimebound:SplitMire","Slimebound:PressTheAttack"],"picked":"SKIP","floor":32}],"player_experience":143164,"relics_obtained":[{"floor":7,"key":"Bronze Scales"},{"floor":8,"key":"halation:QuantumPhysicsTextbook"},{"floor":10,"key":"hubris:GlazedTorus"},{"floor":24,"key":"Golden Egg"},{"floor":28,"key":"reliquary:HotPoker"}],"event_choices":[{"damage_healed":21,"gold_gain":0,"player_choice":"Heal","damage_taken":0,"max_hp_gain":0,"max_hp_loss":0,"event_name":"The Library","floor":29,"gold_loss":0}],"is_beta":false,"boss_relics":[{"not_picked":["energizedSpire:StickyHand","SacredBark"],"picked":"hubris:Stopwatch"}],"items_purged_floors":[],"is_endless":false,"potions_floor_spawned":[2,10,14,19,21,28,32],"killed_by":"SI_MIRROR_ARCHETYPE","ascension_level":0}}