{"host":"5y2vm16xfq9gfmb2","time":1613265610,"event":{"mods":["AchievementEnabler","BaseMod","Better Third Choice","Colored Map","Colored Powertips","DeckTracker","Marisa????????","Minty Spire (QoL Compilation)","Rare Cards Sparkle","Relic Stats","StSLib","The Alterego","The Animator","The Marked","The Servant 0.9.4"],"gold_per_floor":[114,189,189,208,223,254,254,254,280,280,303,327,327,346,346,466,466,480,29,29,52,76,76,76,76,76,76,76,76,94,94,94,214,214,237,237,237,237,237],"floor_reached":38,"language":"ENG","playtime":1436,"items_purged":[],"score":422,"play_id":"1db05358-b527-454a-a3c1-28dd9fc89696","local_time":"20210213202010","is_ascension_mode":false,"campfire_choices":[{"floor":8.0,"key":"RECALL"},{"data":"Wallop","floor":13.0,"key":"SMITH"},{"data":"Wireheading","floor":15.0,"key":"SMITH"},{"floor":23.0,"key":"REST"},{"data":"Devotion","floor":27.0,"key":"SMITH"},{"data":"Alpha","floor":29.0,"key":"SMITH"},{"data":"animator:Caster","floor":32,"key":"SMITH"}],"circlet_count":0,"master_deck":["Defend_P","Defend_P","Defend_P+1","Eruption+1","Vigilance","FlurryOfBlows","ClearTheMind","Wallop+1","FlyingSleeves","ReachHeaven","Wireheading+1","SashWhip","Devotion+1","LessonLearned","Bite","Bite","Bite","Bite","Bite","Streamline","animator:Benimaru","Alpha+1","animator:Caster+1","animator:AcuraShin","CurseOfTheBell","Coolheaded+1","Metamorphosis"],"relics":["HolyWater","FossilizedHelix","Golden Idol","Letter Opener","Bronze Scales","PrismaticShard","Oddly Smooth Stone","Ancient Tea Set","betterThird:NestCultRelic","Darkstone Periapt","Pantograph","Calling Bell","Strawberry","Molten Egg 2","Pocketwatch"],"acts_visited":["Exordium","TheCity","TheBeyond"],"potions_floor_usage":[33],"damage_taken":[{"damage":0.0,"enemies":"Jaw Worm","floor":1.0,"turns":3.0},{"damage":0.0,"enemies":"2 Louse","floor":4.0,"turns":2.0},{"damage":0.0,"enemies":"Small Slimes","floor":5.0,"turns":3.0},{"damage":0.0,"enemies":"3 Sentries","floor":6.0,"turns":4.0},{"damage":0.0,"enemies":"Blue Slaver","floor":11.0,"turns":2.0},{"damage":0.0,"enemies":"3 Louse","floor":12.0,"turns":3.0},{"damage":0.0,"enemies":"Large Slime","floor":14.0,"turns":3.0},{"damage":16.0,"enemies":"The Guardian","floor":16.0,"turns":5.0},{"damage":22.0,"enemies":"2 Thieves","floor":18.0,"turns":3.0},{"damage":12.0,"enemies":"Shell Parasite","floor":21.0,"turns":3.0},{"damage":16.0,"enemies":"Snake Plant","floor":22.0,"turns":3.0},{"damage":10.0,"enemies":"Sentry and Sphere","floor":30.0,"turns":4.0},{"damage":24,"enemies":"Champ","floor":33,"turns":8},{"damage":0,"enemies":"3 Shapes","floor":35,"turns":6},{"damage":60,"enemies":"3 Darklings","floor":38,"turns":6}],"seed_played":"-3156389670932269956","potions_obtained":[{"floor":5.0,"key":"Energy Potion"},{"floor":6.0,"key":"Block Potion"},{"floor":11.0,"key":"DistilledChaos"},{"floor":22.0,"key":"Energy Potion"},{"floor":35,"key":"Energy Potion"}],"is_trial":false,"path_per_floor":["M","?","?","M","M","E","T","R","T","?","M","M","R","M","R","B",null,"M","$","?","M","M","R","?","?","T","R","?","R","M","T","R","B",null,"M","?","?","M"],"character_chosen":"WATCHER","items_purchased":["PrismaticShard","LessonLearned","Oddly Smooth Stone"],"campfire_rested":1,"item_purchase_floors":[19,19,19],"current_hp_per_floor":[65,54,54,54,54,54,54,54,54,54,54,54,54,54,54,38,60,38,38,38,30,16,28,28,28,28,28,28,28,22,22,22,22,55,55,55,55,0,0],"gold":237,"neow_bonus":"ONE_RARE_RELIC","is_daily":false,"chose_seed":false,"campfire_upgraded":5,"win_rate":0.0,"timestamp":1613265610,"path_taken":["M","?","?","M","M","E","?","R","T","?","M","?","R","M","R","BOSS","M","$","?","M","M","R","?","?","T","R","?","R","M","?","R","BOSS","M","?","?","M"],"items_purchased_type":["Relic","Card","Relic"],"build_version":"2020-12-22","purchased_purges":0,"victory":false,"max_hp_per_floor":[65,65,60,60,60,60,60,60,60,60,60,60,60,60,60,60,60,60,60,42,42,42,42,42,42,42,42,42,42,42,42,42,42,55,55,55,55,55,55],"relic_stats":{"Darkstone Periapt":6,"counters":[15,58],"Golden Idol":97,"Bronze Scales":[93],"Pantograph":20,"Letter Opener":[71],"obtain_stats":[{"Darkstone Periapt":26,"Golden Idol":3,"Oddly Smooth Stone":19,"betterThird:NestCultRelic":25,"Letter Opener":6,"PrismaticShard":19,"Ancient Tea Set":24,"Calling Bell":34,"Bronze Scales":9,"Pantograph":31,"Strawberry":34,"HolyWater":17,"Molten Egg 2":34,"PureWater":0,"FossilizedHelix":0,"Pocketwatch":34},{"Darkstone Periapt":11,"Golden Idol":1,"Oddly Smooth Stone":9,"betterThird:NestCultRelic":11,"Letter Opener":4,"PrismaticShard":9,"Ancient Tea Set":11,"Calling Bell":13,"Bronze Scales":4,"Pantograph":12,"Strawberry":13,"HolyWater":8,"Molten Egg 2":13,"PureWater":0,"FossilizedHelix":0,"Pocketwatch":13},{"Darkstone Periapt":34,"Golden Idol":3,"Oddly Smooth Stone":28,"betterThird:NestCultRelic":34,"Letter Opener":12,"PrismaticShard":28,"Ancient Tea Set":34,"Calling Bell":46,"Bronze Scales":12,"Pantograph":38,"Strawberry":46,"HolyWater":25,"Molten Egg 2":46,"PureWater":0,"FossilizedHelix":0,"Pocketwatch":46}],"Pocketwatch":[13]},"card_choices":[{"not_picked":["MentalFortress","Perseverance"],"picked":"FlurryOfBlows","floor":1.0},{"not_picked":["FollowUp","Fasting2"],"picked":"ClearTheMind","floor":4.0},{"not_picked":["EmptyBody","EmptyFist"],"picked":"Wallop","floor":5.0},{"not_picked":["Vengeance","FollowUp"],"picked":"FlyingSleeves","floor":6.0},{"not_picked":["EmptyFist","Protect"],"picked":"ReachHeaven","floor":11.0},{"not_picked":["ClearTheMind","EmptyFist"],"picked":"Wireheading","floor":12.0},{"not_picked":["ThirdEye","WindmillStrike"],"picked":"SashWhip","floor":14.0},{"not_picked":["Blasphemy","DeusExMachina"],"picked":"Devotion","floor":16.0},{"not_picked":["SashWhip","WaveOfTheHand","Consecrate"],"picked":"SKIP","floor":18.0},{"not_picked":["theMarked:ChainLightning","animator:DolaStephanie"],"picked":"Streamline","floor":21.0},{"not_picked":["Starlight","Rampage"],"picked":"animator:Benimaru","floor":22.0},{"not_picked":["theMarked:WastefulAttack","Sucker Punch"],"picked":"animator:Caster","floor":30.0},{"not_picked":["All For One","animator:Shiro"],"picked":"animator:AcuraShin","floor":33},{"not_picked":["AsteroidBelt","alterego_mod:Table"],"picked":"Coolheaded+1","floor":35},{"not_picked":["The Bomb","Trip"],"picked":"Metamorphosis","floor":36}],"player_experience":93329,"relics_obtained":[{"floor":6.0,"key":"Letter Opener"},{"floor":9.0,"key":"Bronze Scales"},{"floor":26.0,"key":"Darkstone Periapt"},{"floor":31.0,"key":"Pantograph"},{"floor":34,"key":"Strawberry"},{"floor":34,"key":"Molten Egg 2"},{"floor":34,"key":"Pocketwatch"}],"event_choices":[{"damage_healed":0.0,"max_hp_gain":0.0,"max_hp_loss":0.0,"gold_gain":75.0,"event_name":"betterThird:BetterGoop","player_choice":"Gold","floor":2.0,"gold_loss":0.0,"damage_taken":11.0},{"damage_healed":0.0,"max_hp_gain":0.0,"max_hp_loss":5.0,"gold_gain":0.0,"event_name":"Golden Idol","player_choice":"Lose Max HP","floor":3.0,"gold_loss":0.0,"damage_taken":0.0,"relics_obtained":["Golden Idol"]},{"damage_healed":0.0,"max_hp_gain":0.0,"max_hp_loss":0.0,"gold_gain":0.0,"event_name":"Living Wall","player_choice":"Grow","floor":10.0,"gold_loss":0.0,"damage_taken":0.0,"cards_upgraded":["Eruption"]},{"damage_healed":0.0,"max_hp_gain":0.0,"max_hp_loss":18.0,"gold_gain":0.0,"event_name":"Vampires","player_choice":"Became a vampire","floor":20.0,"gold_loss":0.0,"damage_taken":0.0,"cards_obtained":["Bite","Bite","Bite","Bite","Bite"]},{"damage_healed":0.0,"max_hp_gain":0.0,"max_hp_loss":0.0,"gold_gain":0.0,"event_name":"The Mausoleum","player_choice":"Opened","floor":24.0,"gold_loss":0.0,"damage_taken":0.0,"relics_obtained":["Ancient Tea Set"]},{"damage_healed":0.0,"max_hp_gain":0.0,"max_hp_loss":0.0,"gold_gain":0.0,"event_name":"betterThird:BetterNest","player_choice":"Madness","floor":25.0,"gold_loss":0.0,"damage_taken":0.0,"relics_obtained":["betterThird:NestCultRelic"]},{"damage_healed":0.0,"max_hp_gain":0.0,"max_hp_loss":0.0,"gold_gain":0.0,"event_name":"The Library","player_choice":"Read","floor":28.0,"gold_loss":0.0,"damage_taken":0.0,"cards_obtained":["Alpha"]},{"damage_healed":0,"gold_gain":0,"player_choice":"Memory 1","damage_taken":0,"max_hp_gain":0,"max_hp_loss":0,"event_name":"SensoryStone","floor":36,"gold_loss":0},{"cards_removed":["Defend_P"],"damage_healed":0,"gold_gain":0,"player_choice":"Removed Skill","damage_taken":0,"max_hp_gain":0,"max_hp_loss":0,"event_name":"Falling","floor":37,"gold_loss":0}],"is_beta":false,"boss_relics":[{"not_picked":["Sozu","Cursed Key"],"picked":"HolyWater"},{"not_picked":["Empty Cage","Runic Dome"],"picked":"Calling Bell"}],"items_purged_floors":[],"is_endless":false,"potions_floor_spawned":[5,6,11,22,35],"killed_by":"3 Darklings","ascension_level":0}}