{"host":"ypzb5vvnu9f3ii1t","time":1613321537,"event":{"mods":["AchievementEnabler","BaseMod","Colored Map","DeckTracker","Keyboard Shortcuts","Minty Spire (QoL Compilation)","Permanent Neow","Quick Restart","SuperFastMode"],"gold_per_floor":[110,126,126,401,326,326,336,356,356,356,387,401,433,451,451,553,553,568,568,568,580,100,133,150,169,195,52,52,52,52,71,71,167,167,181,32,49,49,49,49,66,79,131,131,148,157,192,208,208,208],"floor_reached":51,"language":"KOR","playtime":1685,"items_purged":["Regret","Eruption"],"score":986,"play_id":"d15b317a-bf06-489e-be0d-05b075898a06","local_time":"20210215015217","is_ascension_mode":true,"campfire_choices":[{"data":"Alpha","floor":6.0,"key":"SMITH"},{"data":"Omniscience","floor":10.0,"key":"SMITH"},{"floor":15.0,"key":"REST"},{"data":"Vault","floor":28.0,"key":"SMITH"},{"floor":30.0,"key":"DIG"},{"floor":32.0,"key":"REST"},{"data":"Scrawl","floor":40.0,"key":"SMITH"},{"floor":49,"key":"REST"}],"circlet_count":0,"master_deck":["Strike_P","Strike_P","Strike_P","Strike_P","Defend_P","Defend_P","Defend_P","Defend_P","Vigilance","Alpha+1","PathToVictory","Omniscience+1","DeceiveReality","Vault+1","PathToVictory","Ghostly","Ghostly","Ghostly","Ghostly","Ghostly","MasterReality+1","PathToVictory","Scrawl+1","PathToVictory+1","Ghostly"],"relics":["PureWater","Shovel","Singing Bowl","Question Card","Frozen Eye","Tiny Chest","Eternal Feather","Potion Belt","Membership Card","Molten Egg 2","SlaversCollar","Lee\u0027s Waffle","PreservedInsect","CeramicFish","Sundial","Akabeko"],"acts_visited":["Exordium","TheCity","TheBeyond"],"potions_floor_usage":[50,50,50],"damage_taken":[{"damage":1.0,"enemies":"Cultist","floor":1.0,"turns":3.0},{"damage":0.0,"enemies":"Small Slimes","floor":2.0,"turns":2.0},{"damage":4.0,"enemies":"Jaw Worm","floor":7.0,"turns":3.0},{"damage":2.0,"enemies":"Exordium Wildlife","floor":8.0,"turns":5.0},{"damage":0.0,"enemies":"Lagavulin","floor":11.0,"turns":3.0},{"damage":25.0,"enemies":"3 Louse","floor":12.0,"turns":3.0},{"damage":20.0,"enemies":"Gremlin Nob","floor":13.0,"turns":4.0},{"damage":5.0,"enemies":"Red Slaver","floor":14.0,"turns":4.0},{"damage":26.0,"enemies":"Hexaghost","floor":16.0,"turns":6.0},{"damage":22.0,"enemies":"2 Thieves","floor":18.0,"turns":2.0},{"damage":3.0,"enemies":"Shell Parasite","floor":21.0,"turns":7.0},{"damage":6.0,"enemies":"Slavers","floor":23.0,"turns":5.0},{"damage":9.0,"enemies":"Chosen and Byrds","floor":24.0,"turns":5.0},{"damage":3.0,"enemies":"Cultist and Chosen","floor":25.0,"turns":4.0},{"damage":22.0,"enemies":"Sentry and Sphere","floor":31.0,"turns":5.0},{"damage":21.0,"enemies":"Collector","floor":33.0,"turns":8.0},{"damage":10.0,"enemies":"Orb Walker","floor":35.0,"turns":4.0},{"damage":6.0,"enemies":"3 Darklings","floor":37.0,"turns":5.0},{"damage":7.0,"enemies":"Sphere and 2 Shapes","floor":41.0,"turns":6.0},{"damage":3.0,"enemies":"Maw","floor":42.0,"turns":6.0},{"damage":16.0,"enemies":"Spire Growth","floor":45.0,"turns":7.0},{"damage":22.0,"enemies":"Giant Head","floor":47.0,"turns":7.0},{"damage":11,"enemies":"Writhing Mass","floor":48,"turns":6},{"damage":4,"enemies":"Donu and Deca","floor":50,"turns":5}],"seed_played":"8398799425041254662","potions_obtained":[{"floor":7.0,"key":"BlessingOfTheForge"},{"floor":8.0,"key":"Ancient Potion"},{"floor":12.0,"key":"SpeedPotion"},{"floor":13.0,"key":"Fire Potion"},{"floor":25.0,"key":"SpeedPotion"},{"floor":31.0,"key":"Ancient Potion"},{"floor":41.0,"key":"Strength Potion"},{"floor":42.0,"key":"Explosive Potion"},{"floor":45.0,"key":"FairyPotion"},{"floor":48,"key":"FearPotion"}],"is_trial":false,"path_per_floor":["M","M","?","?","$","R","M","M","T","R","E","M","E","M","R","B",null,"M","?","?","M","$","E","M","M","T","$","R","?","R","M","R","B",null,"M","$","M","$","?","R","M","M","T","T","M","?","E","M","R","B",null],"character_chosen":"WATCHER","items_purchased":["Frozen Eye","DistilledChaos","Tiny Chest","Membership Card","Lee\u0027s Waffle","PreservedInsect"],"campfire_rested":3,"item_purchase_floors":[22,22,22,27,36,36],"current_hp_per_floor":[71,71,71,71,71,71,67,65,65,65,67,42,24,21,44,18,63,41,67,39,38,38,32,25,24,24,24,36,36,45,23,45,24,40,32,54,50,50,52,58,53,50,50,50,36,36,16,7,41,37],"gold":208,"neow_bonus":"ONE_RANDOM_RARE_CARD","is_daily":false,"chose_seed":false,"campfire_upgraded":4,"win_rate":0.0,"timestamp":1613321537,"path_taken":["M","M","?","?","$","R","M","M","T","R","E","M","E","?","R","BOSS","M","?","?","M","$","E","M","M","T","$","R","?","R","?","R","BOSS","M","$","M","$","?","R","M","M","T","?","?","?","E","?","R","BOSS"],"items_purchased_type":["Relic","Potion","Relic","Relic","Relic","Relic"],"build_version":"2020-12-22","purchased_purges":2,"victory":true,"max_hp_per_floor":[72,72,72,72,72,72,72,72,72,72,74,74,76,78,78,78,78,78,78,39,41,41,41,43,45,45,45,45,45,45,45,45,45,45,47,54,56,56,58,58,60,60,60,60,62,62,64,66,66,66],"card_choices":[{"not_picked":["Protect","JustLucky","FlurryOfBlows"],"picked":"SKIP","floor":1.0},{"not_picked":["Tantrum","SashWhip"],"picked":"PathToVictory","floor":2.0},{"not_picked":["JustLucky","FlyingSleeves","Protect"],"picked":"SKIP","floor":7.0},{"not_picked":["ThirdEye","Sanctity"],"picked":"Omniscience","floor":8.0},{"not_picked":["CutThroughFate","Nirvana","LikeWater"],"picked":"Singing Bowl","floor":11.0},{"not_picked":["MentalFortress","Nirvana"],"picked":"DeceiveReality","floor":12.0},{"not_picked":["Weave","Crescendo","Collect"],"picked":"Singing Bowl","floor":13.0},{"not_picked":["ThirdEye","EmptyMind","FlurryOfBlows","SandsOfTime"],"picked":"Singing Bowl","floor":14.0},{"not_picked":["LessonLearned","SpiritShield","MasterReality"],"picked":"Vault","floor":16.0},{"not_picked":["FearNoEvil+1","WheelKick","Crescendo"],"picked":"PathToVictory","floor":18.0},{"not_picked":["Vengeance+1","FlyingSleeves","BattleHymn+1","Consecrate"],"picked":"Singing Bowl","floor":21.0},{"not_picked":["ReachHeaven+1","FollowUp","FearNoEvil"],"picked":"MasterReality","floor":23.0},{"not_picked":["BowlingBash+1","Indignation","Halt+1","LikeWater"],"picked":"Singing Bowl","floor":24.0},{"not_picked":["Protect+1","SashWhip","ForeignInfluence+1","Devotion"],"picked":"Singing Bowl","floor":25.0},{"not_picked":["Meditate","JustLucky+1","Consecrate+1"],"picked":"PathToVictory","floor":31.0},{"not_picked":["MasterReality","Alpha","DevaForm"],"picked":"Scrawl","floor":33.0},{"not_picked":["FlurryOfBlows+1","FollowUp+1","Sanctity+1","Halt"],"picked":"Singing Bowl","floor":35.0},{"not_picked":["Conclude+1","Halt","SashWhip+1","JustLucky+1"],"picked":"Singing Bowl","floor":37.0},{"not_picked":["Impatience","Bandage Up","Blind","Finesse"],"picked":"Singing Bowl","floor":39.0},{"not_picked":["BowlingBash+1","WheelKick+1","ClearTheMind","EmptyFist+1"],"picked":"Singing Bowl","floor":41.0},{"not_picked":["Prostrate+1","Vengeance","Worship"],"picked":"PathToVictory+1","floor":42.0},{"not_picked":["Tantrum+1","Sanctity","JustLucky+1","PathToVictory"],"picked":"Singing Bowl","floor":45.0},{"not_picked":["Fasting2","FollowUp+1","Ragnarok+1","Prostrate"],"picked":"Singing Bowl","floor":47.0},{"not_picked":["Protect+1","Crescendo","CrushJoints+1","Sanctity"],"picked":"Singing Bowl","floor":48}],"player_experience":222160,"relics_obtained":[{"floor":9.0,"key":"Shovel"},{"floor":11.0,"key":"Singing Bowl"},{"floor":13.0,"key":"Question Card"},{"floor":23.0,"key":"Eternal Feather"},{"floor":26.0,"key":"Potion Belt"},{"floor":30.0,"key":"Molten Egg 2"},{"floor":43.0,"key":"CeramicFish"},{"floor":44.0,"key":"Sundial"},{"floor":47.0,"key":"Akabeko"}],"event_choices":[{"damage_healed":0.0,"max_hp_gain":0.0,"max_hp_loss":0.0,"gold_gain":0.0,"event_name":"Shining Light","player_choice":"Ignored","floor":3.0,"gold_loss":0.0,"damage_taken":0.0},{"damage_healed":0.0,"max_hp_gain":0.0,"max_hp_loss":0.0,"gold_gain":275.0,"event_name":"Golden Shrine","player_choice":"Desecrate","floor":4.0,"gold_loss":0.0,"damage_taken":0.0,"cards_obtained":["Regret"]},{"damage_healed":26.0,"max_hp_gain":0.0,"max_hp_loss":0.0,"gold_gain":0.0,"event_name":"The Library","player_choice":"Heal","floor":19.0,"gold_loss":0.0,"damage_taken":0.0},{"damage_healed":0.0,"max_hp_gain":0.0,"max_hp_loss":39.0,"gold_gain":0.0,"event_name":"Ghosts","player_choice":"Became a Ghost","floor":20.0,"gold_loss":0.0,"damage_taken":0.0,"cards_obtained":["Ghostly","Ghostly","Ghostly","Ghostly","Ghostly"]},{"damage_healed":0.0,"max_hp_gain":0.0,"max_hp_loss":0.0,"gold_gain":0.0,"event_name":"Accursed Blacksmith","player_choice":"Forge","floor":29.0,"gold_loss":0.0,"damage_taken":0.0,"cards_upgraded":["MasterReality"]},{"damage_healed":0.0,"max_hp_gain":0.0,"max_hp_loss":0.0,"gold_gain":0.0,"event_name":"SensoryStone","player_choice":"Memory 1","floor":39.0,"gold_loss":0.0,"damage_taken":0.0},{"damage_healed":0.0,"max_hp_gain":0.0,"max_hp_loss":0.0,"gold_gain":0.0,"event_name":"Duplicator","player_choice":"Copied","floor":46.0,"gold_loss":0.0,"damage_taken":0.0,"cards_obtained":["Ghostly"]}],"is_beta":false,"boss_relics":[{"not_picked":["Coffee Dripper","Ectoplasm","Runic Dome"]},{"not_picked":["Tiny House","SacredBark"],"picked":"SlaversCollar"}],"items_purged_floors":[5,22],"is_endless":false,"potions_floor_spawned":[7,8,12,13,14,23,25,31,41,42,45,48],"ascension_level":5}}