{"host":"w7pthw6r6331n954","time":1613344404,"event":{"mods":["AchievementEnabler","Act Like it!","BaseMod","BetterRewards","Colored Map","Colored Powertips","Custom Start","Downfall","Hallownest","Hermit","Jorbs\u0027s Wanderer Trilogy","Minty Spire (QoL Compilation)","Replay The Spire","Shop Mod","StSLib","SuperFastMode"],"gold_per_floor":[117,117,117,129,129,162,162,188,259,224,224,224,224,239,239,359,359,329,428,428,443,443,443,443],"floor_reached":23,"language":"ENG","playtime":1772,"items_purged":[],"score":244,"play_id":"706e8be4-1cb0-444a-a601-956da3904a5f","local_time":"20210214181324","is_ascension_mode":true,"campfire_choices":[{"floor":7,"key":"REST"},{"floor":11,"key":"RECALL"},{"floor":13,"key":"REST"},{"data":"Aggregate","floor":15,"key":"SMITH"}],"circlet_count":0,"master_deck":["Strike_B","Strike_B","Strike_B","Defend_B+1","Defend_B","Defend_B","Zap","Dualcast+1","Go for the Eyes","Mirror Shield","Turbo+1","Lockon","Aggregate+1","Injury","Fusion","Buffer+1","Leap+1","Glacier","Storm+1"],"relics":["Cracked Core","Toy Ornithopter","Art of War","Frozen Egg 2","Golden Idol","Honey Jar"],"acts_visited":["Exordium","TheCity"],"potions_floor_usage":[8,8,16],"damage_taken":[{"damage":6,"enemies":"Jaw Worm","floor":1,"turns":4},{"damage":6,"enemies":"2 Louse","floor":4,"turns":2},{"damage":30,"enemies":"3 Sentries","floor":6,"turns":8},{"damage":10,"enemies":"Replay:BlueRogue","floor":8,"turns":5},{"damage":0,"enemies":"Cultist","floor":14,"turns":2},{"damage":66,"enemies":"Fading Forest","floor":16,"turns":11},{"damage":11,"enemies":"2 Thieves","floor":18,"turns":5},{"damage":0,"enemies":"Spheric Guardian","floor":21,"turns":8},{"damage":66,"enemies":"Slavers","floor":23,"turns":8}],"seed_played":"3486156927819011716","potions_obtained":[{"floor":4,"key":"Strength Potion"},{"floor":6,"key":"ColorlessPotion"},{"floor":8,"key":"Adrenaline Potion"},{"floor":18,"key":"Elixir"}],"is_trial":false,"path_per_floor":["M","$","?","M","?","E","R","E","T","?","R","?","R","M","R","B",null,"M","?","?","M","?","E"],"character_chosen":"DEFECT","items_purchased":[],"campfire_rested":2,"item_purchase_floors":[],"current_hp_per_floor":[76,76,60,54,54,24,48,48,48,68,68,68,82,82,82,32,70,59,59,59,59,59,0,0],"gold":443,"neow_bonus":"TEN_PERCENT_HP_BONUS","is_daily":false,"chose_seed":false,"campfire_upgraded":1,"win_rate":0.0,"timestamp":1613344404,"path_taken":["M","$","?","M","?","E","R","E","T","?","R","?","R","M","R","BOSS","M","?","?","?","?","E"],"items_purchased_type":[],"build_version":"2020-12-22","purchased_purges":0,"victory":false,"max_hp_per_floor":[82,82,82,82,82,82,82,82,82,82,82,82,82,82,82,82,82,82,82,82,82,82,82,82],"card_choices":[{"not_picked":["Redo","Compile Driver"],"picked":"Go for the Eyes","floor":1},{"not_picked":["Steam","Chaos"],"picked":"Mirror Shield","floor":4},{"not_picked":["Cold Snap","Heatsinks"],"picked":"Lockon","floor":6},{"not_picked":["Cold Snap","Stack"],"picked":"Aggregate","floor":8},{"not_picked":["Cold Snap","Conserve Battery"],"picked":"Fusion","floor":14},{"not_picked":["Mirror Shield","Fission"],"picked":"Buffer+1","floor":16},{"not_picked":["Compile Driver","Rebound","Coolheaded"],"picked":"Leap+1","floor":18},{"not_picked":["Barrage+1","Gash","Panic Button+1"],"picked":"Storm+1","floor":21}],"player_experience":1253073,"relics_obtained":[{"floor":6,"key":"Toy Ornithopter"},{"floor":8,"key":"Art of War"},{"floor":9,"key":"Frozen Egg 2"}],"event_choices":[{"damage_healed":0,"gold_gain":0,"player_choice":"Entered Light","damage_taken":16,"max_hp_gain":0,"max_hp_loss":0,"event_name":"Shining Light","floor":3,"gold_loss":0,"cards_upgraded":["Defend_B","Dualcast"]},{"damage_healed":20,"gold_gain":0,"player_choice":"Healed","damage_taken":0,"max_hp_gain":0,"max_hp_loss":0,"event_name":"The Cleric","floor":10,"gold_loss":35},{"damage_healed":0,"gold_gain":0,"player_choice":"Take Wound","damage_taken":0,"relics_obtained":["Golden Idol"],"max_hp_gain":0,"max_hp_loss":0,"event_name":"Golden Idol","floor":12,"gold_loss":0,"cards_obtained":["Injury"]},{"damage_healed":0,"gold_gain":99,"player_choice":"Stole From Cult","damage_taken":0,"max_hp_gain":0,"max_hp_loss":0,"event_name":"Nest","floor":19,"gold_loss":0},{"damage_healed":0,"gold_gain":0,"cards_transformed":["Defend_B"],"player_choice":"Transformed","damage_taken":0,"max_hp_gain":0,"max_hp_loss":0,"event_name":"Transmorgrifier","floor":20,"gold_loss":0,"cards_obtained":["Glacier"]}],"is_beta":false,"boss_relics":[{"not_picked":["Fusion Hammer","Runic Dome"],"picked":"Honey Jar"}],"items_purged_floors":[],"is_endless":false,"potions_floor_spawned":[4,6,8,18],"killed_by":"Slavers","ascension_level":5}}