{"host":"s509oin3ptw7n5v1","time":1613333500,"event":{"mods":["2.2 Compatiblity","AchievementEnabler","BaseMod","Colored Map","Colored Powertips","Highlight Path","Minty Spire (QoL Compilation)","Rare Cards Sparkle","Relic Stats","Spicy Shops","StSLib"],"gold_per_floor":[211,228,244,101,118,118,135,167,190,225,225,225,241,241,241,346,346,336,436,450,450,470,470,470],"floor_reached":23,"language":"ENG","playtime":2375,"items_purged":[],"score":353,"play_id":"0be60d7c-a39c-4737-a1c4-cc1d3bcfcdaa","local_time":"20210214151140","is_ascension_mode":true,"campfire_choices":[{"data":"Static Discharge","floor":6.0,"key":"SMITH"},{"floor":12.0,"key":"REST"},{"floor":15.0,"key":"REST"}],"circlet_count":0,"master_deck":["AscendersBane","Strike_B","Strike_B","Strike_B","Defend_B","Defend_B","Defend_B","Defend_B","Zap","Dualcast","Static Discharge+1","Redo","Double Energy","Storm+1","Leap","Defragment","Hologram","Thunder Strike","Glacier+1","Melter","Coolheaded"],"relics":["Cracked Core","Orichalcum","Anchor","Art of War","Inserter","Bag of Marbles"],"acts_visited":["Exordium","TheCity"],"potions_floor_usage":[18],"damage_taken":[{"damage":2.0,"enemies":"Jaw Worm","floor":1.0,"turns":3.0},{"damage":1.0,"enemies":"Cultist","floor":2.0,"turns":3.0},{"damage":1.0,"enemies":"2 Louse","floor":3.0,"turns":4.0},{"damage":7.0,"enemies":"Looter","floor":5.0,"turns":3.0},{"damage":17.0,"enemies":"Lots of Slimes","floor":7.0,"turns":3.0},{"damage":23.0,"enemies":"Lagavulin","floor":8.0,"turns":5.0},{"damage":0.0,"enemies":"3 Sentries","floor":10.0,"turns":5.0},{"damage":13.0,"enemies":"3 Louse","floor":13.0,"turns":3.0},{"damage":42,"enemies":"The Guardian","floor":16,"turns":9},{"damage":24,"enemies":"2 Thieves","floor":18,"turns":4},{"damage":11,"enemies":"Shell Parasite","floor":20,"turns":7},{"damage":18,"enemies":"Shelled Parasite and Fungi","floor":22,"turns":6},{"damage":15,"enemies":"Book of Stabbing","floor":23,"turns":2}],"seed_played":"3614570063144407280","potions_obtained":[{"floor":1.0,"key":"Explosive Potion"},{"floor":3.0,"key":"Weak Potion"},{"floor":8.0,"key":"EssenceOfSteel"},{"floor":16,"key":"FocusPotion"},{"floor":20,"key":"PotionOfCapacity"}],"is_trial":false,"path_per_floor":["M","M","M","$","M","R","M","E","T","E","?","R","M","?","R","B",null,"M","?","M","?","M","E"],"character_chosen":"DEFECT","items_purchased":["Orichalcum"],"campfire_rested":2,"item_purchase_floors":[4],"current_hp_per_floor":[66,65,64,64,57,57,40,17,17,17,17,39,26,26,48,6,58,34,34,23,23,5,0,0],"gold":470,"neow_bonus":"HUNDRED_GOLD","is_daily":false,"chose_seed":false,"campfire_upgraded":1,"win_rate":0.0,"timestamp":1613333500,"path_taken":["M","M","M","$","M","R","M","E","T","E","?","R","?","?","R","BOSS","M","?","?","?","M","E"],"items_purchased_type":["Relic"],"build_version":"2020-12-22","purchased_purges":0,"victory":false,"max_hp_per_floor":[75,75,75,75,75,75,75,75,75,75,75,75,75,75,75,75,75,75,75,75,75,75,75,75],"relic_stats":{"Inserter":[9],"counters":[13,57],"Art of War":[14],"Orichalcum":[84],"obtain_stats":[{"Anchor":8,"Inserter":17,"Art of War":10,"Bag of Marbles":21,"Orichalcum":4,"Cracked Core":0},{"Anchor":6,"Inserter":9,"Art of War":7,"Bag of Marbles":11,"Orichalcum":3,"Cracked Core":0},{"Anchor":21,"Inserter":38,"Art of War":26,"Bag of Marbles":49,"Orichalcum":10,"Cracked Core":0}]},"card_choices":[{"not_picked":["Consume","Barrage","Gash"],"picked":"SKIP","floor":1.0},{"not_picked":["Force Field","Rip and Tear"],"picked":"Static Discharge","floor":2.0},{"not_picked":["Rip and Tear","Cold Snap"],"picked":"Redo","floor":3.0},{"not_picked":["Auto Shields","Redo"],"picked":"Double Energy","floor":5.0},{"not_picked":["Gash","Amplify","Beam Cell"],"picked":"SKIP","floor":7.0},{"not_picked":["Fusion","Hello World"],"picked":"Storm","floor":8.0},{"not_picked":["Redo","Beam Cell"],"picked":"Leap","floor":10.0},{"not_picked":["Gash","Rebound"],"picked":"Defragment","floor":13.0},{"not_picked":["Rainbow","All For One"],"picked":"Thunder Strike","floor":16},{"not_picked":["Rip and Tear","White Noise"],"picked":"Glacier+1","floor":18},{"not_picked":["Ball Lightning","Compile Driver+1"],"picked":"Melter","floor":20},{"not_picked":["Steam","Beam Cell"],"picked":"Coolheaded","floor":22}],"player_experience":1165122,"relics_obtained":[{"floor":8.0,"key":"Anchor"},{"floor":10.0,"key":"Art of War"}],"event_choices":[{"damage_healed":0.0,"max_hp_gain":0.0,"max_hp_loss":0.0,"gold_gain":0.0,"event_name":"Accursed Blacksmith","player_choice":"Forge","floor":11.0,"gold_loss":0.0,"damage_taken":0.0,"cards_upgraded":["Storm"]},{"damage_healed":0.0,"max_hp_gain":0.0,"max_hp_loss":0.0,"gold_gain":0.0,"cards_transformed":["Strike_B"],"event_name":"Living Wall","player_choice":"Change","floor":14.0,"gold_loss":0.0,"damage_taken":0.0,"cards_obtained":["Hologram"]},{"damage_healed":0,"gold_gain":100,"player_choice":"Pray","damage_taken":0,"max_hp_gain":0,"max_hp_loss":0,"event_name":"Golden Shrine","floor":19,"gold_loss":0},{"damage_healed":0,"gold_gain":0,"player_choice":"Opened","damage_taken":0,"relics_obtained":["Bag of Marbles"],"max_hp_gain":0,"max_hp_loss":0,"event_name":"The Mausoleum","floor":21,"gold_loss":0}],"is_beta":false,"boss_relics":[{"not_picked":["Tiny House","Runic Pyramid"],"picked":"Inserter"}],"items_purged_floors":[],"is_endless":false,"potions_floor_spawned":[1,3,8,16,20],"killed_by":"Book of Stabbing","ascension_level":11}}