{"host":"4qkvkh7pd9qr2mca","time":1613310627,"event":{"mods":["AchievementEnabler","Act Like it!","BaseMod","Colored Map","Colored Powertips","Highlight Path","Minty Spire (QoL Compilation)","Pale of the Ancients","Permanent Neow","Quick Restart","Relic Stats","StSLib","SuperFastMode"],"gold_per_floor":[116,116,135,135,153,153,182,196,196,196,212,212,162,193,193,298,298,316,330,347,361,378,413,425,425,425,451,466,480,508,508,508,508,508],"floor_reached":33,"language":"ENG","playtime":2057,"items_purged":[],"score":391,"play_id":"12df1f14-effb-4474-9d32-a5471bd13065","local_time":"20210214145027","is_ascension_mode":true,"campfire_choices":[{"data":"Eruption","floor":6.0,"key":"SMITH"},{"floor":10.0,"key":"REST"},{"data":"Meditate","floor":12.0,"key":"SMITH"},{"floor":15.0,"key":"REST"},{"floor":25,"key":"REST"},{"data":"LikeWater","floor":32,"key":"SMITH"}],"circlet_count":0,"master_deck":["Strike_P","Strike_P+1","Defend_P","Defend_P","Defend_P","Defend_P","Eruption+1","Vigilance","PathToVictory+1","Tantrum","PathToVictory","Meditate+1","LikeWater+1","EmptyFist","SpiritShield","CurseOfTheBell","EmptyMind+1","DeceiveReality","Wireheading+1","ClearTheMind+1","MentalFortress","ThirdEye","ThirdEye+1","Protect+1","InnerPeace"],"relics":["PureWater","Bag of Preparation","Regal Pillow","Bronze Scales","Sundial","Calling Bell","Akabeko","Question Card","GoldenEye","The Courier","Gambling Chip","Gremlin Horn","Red Mask"],"acts_visited":["Exordium","TheCity"],"potions_floor_usage":[19,30,30],"damage_taken":[{"damage":0.0,"enemies":"Cultist","floor":1.0,"turns":3.0},{"damage":0.0,"enemies":"Small Slimes","floor":3.0,"turns":2.0},{"damage":0.0,"enemies":"2 Louse","floor":5.0,"turns":1.0},{"damage":20.0,"enemies":"Lagavulin","floor":7.0,"turns":5.0},{"damage":0.0,"enemies":"Large Slime","floor":8.0,"turns":3.0},{"damage":0.0,"enemies":"3 Louse","floor":11.0,"turns":1.0},{"damage":32.0,"enemies":"3 Sentries","floor":14.0,"turns":9.0},{"damage":15.0,"enemies":"Slime Boss","floor":16.0,"turns":5.0},{"damage":0,"enemies":"3 Byrds","floor":18,"turns":3},{"damage":3,"enemies":"Spheric Guardian","floor":19,"turns":4},{"damage":3,"enemies":"Snake Plant","floor":20,"turns":3},{"damage":6,"enemies":"Shelled Parasite and Fungi","floor":21,"turns":3},{"damage":10,"enemies":"Centurion and Healer","floor":22,"turns":6},{"damage":9,"enemies":"Gremlin Leader","floor":23,"turns":6},{"damage":0,"enemies":"Chosen and Byrds","floor":24,"turns":3},{"damage":5,"enemies":"Book of Stabbing","floor":27,"turns":6},{"damage":12,"enemies":"Snake Plant","floor":28,"turns":6},{"damage":0,"enemies":"Sentry and Sphere","floor":29,"turns":7},{"damage":0,"enemies":"Masked Bandits","floor":30,"turns":2},{"damage":55,"enemies":"Collector","floor":33,"turns":13}],"seed_played":"-8029770755396195018","potions_obtained":[{"floor":8.0,"key":"FearPotion"},{"floor":14.0,"key":"LiquidMemories"},{"floor":16.0,"key":"BlessingOfTheForge"},{"floor":21,"key":"SkillPotion"},{"floor":27,"key":"Explosive Potion"},{"floor":30,"key":"Ancient Potion"}],"is_trial":false,"path_per_floor":["M","?","M","?","M","R","E","M","T","R","M","R","?","E","R","B",null,"M","M","M","M","M","E","M","R","T","E","M","M","?","?","R","B"],"character_chosen":"WATCHER","items_purchased":[],"campfire_rested":3,"item_purchase_floors":[],"current_hp_per_floor":[65,51,51,44,44,44,24,24,24,60,60,60,60,28,64,49,66,66,63,60,54,44,35,35,71,71,66,54,54,54,54,54,0,0],"gold":508,"neow_bonus":"RANDOM_COMMON_RELIC","is_daily":false,"chose_seed":false,"campfire_upgraded":3,"win_rate":0.0,"timestamp":1613310627,"path_taken":["M","?","M","?","M","R","E","M","T","R","M","R","?","E","R","BOSS","M","M","M","M","M","E","M","R","T","E","M","M","?","?","R","BOSS"],"items_purchased_type":[],"build_version":"2020-12-22","purchased_purges":0,"victory":false,"max_hp_per_floor":[72,72,72,72,72,72,72,72,72,72,72,72,72,72,72,72,72,72,72,72,72,72,72,72,72,72,72,72,72,72,72,72,72,72],"relic_stats":{"Regal Pillow":45,"Gremlin Horn":[7,7],"counters":[20,91],"Sundial":[16],"Bronze Scales":[240],"Gambling Chip":[20],"Bag of Preparation":[40],"Question Card":11,"GoldenEye":[65],"obtain_stats":[{"Regal Pillow":7,"Gremlin Horn":27,"The Courier":23,"Bag of Preparation":0,"Question Card":17,"GoldenEye":17,"Akabeko":17,"Calling Bell":17,"Sundial":14,"Bronze Scales":9,"Gambling Chip":26,"Red Mask":30,"PureWater":0},{"Regal Pillow":4,"Gremlin Horn":16,"The Courier":14,"Bag of Preparation":0,"Question Card":8,"GoldenEye":8,"Akabeko":8,"Calling Bell":8,"Sundial":7,"Bronze Scales":5,"Gambling Chip":15,"Red Mask":19,"PureWater":0},{"Regal Pillow":11,"Gremlin Horn":63,"The Courier":54,"Bag of Preparation":0,"Question Card":29,"GoldenEye":29,"Akabeko":29,"Calling Bell":29,"Sundial":24,"Bronze Scales":14,"Gambling Chip":57,"Red Mask":78,"PureWater":0}]},"card_choices":[{"not_picked":["EmptyFist","Protect"],"picked":"PathToVictory","floor":1.0},{"not_picked":["FlyingSleeves","BowlingBash"],"picked":"Tantrum","floor":3.0},{"not_picked":["Protect","InnerPeace"],"picked":"PathToVictory","floor":5.0},{"not_picked":["Fasting2","SandsOfTime"],"picked":"Meditate","floor":7.0},{"not_picked":["WaveOfTheHand","SignatureMove"],"picked":"LikeWater","floor":8.0},{"not_picked":["WindmillStrike","Ragnarok","FollowUp"],"picked":"SKIP","floor":11.0},{"not_picked":["Crescendo","WheelKick"],"picked":"EmptyFist","floor":14.0},{"not_picked":["LessonLearned","Blasphemy"],"picked":"SpiritShield","floor":16.0},{"not_picked":["EmptyFist+1","SignatureMove","BowlingBash"],"picked":"EmptyMind+1","floor":18},{"not_picked":["TalkToTheHand+1","Tantrum+1","JustLucky+1"],"picked":"DeceiveReality","floor":19},{"not_picked":["Swivel","Consecrate","ClearTheMind"],"picked":"Wireheading+1","floor":20},{"not_picked":["Brilliance","BowlingBash","Protect"],"picked":"ClearTheMind+1","floor":21},{"not_picked":["EmptyFist","Sanctity+1","CarveReality+1"],"picked":"MentalFortress","floor":22},{"not_picked":["Fasting2","Prostrate","ForeignInfluence+1","CutThroughFate+1"],"picked":"SKIP","floor":23},{"not_picked":["Worship+1","BowlingBash","Halt+1"],"picked":"ThirdEye","floor":24},{"not_picked":["BowlingBash","CutThroughFate","Worship"],"picked":"ThirdEye+1","floor":27},{"not_picked":["Perseverance","CrushJoints+1","ClearTheMind"],"picked":"Protect+1","floor":28},{"not_picked":["CrushJoints+1","Evaluate","Weave"],"picked":"InnerPeace","floor":29}],"player_experience":629077,"relics_obtained":[{"floor":7.0,"key":"Regal Pillow"},{"floor":9.0,"key":"Bronze Scales"},{"floor":14.0,"key":"Sundial"},{"floor":17.0,"key":"Akabeko"},{"floor":17.0,"key":"Question Card"},{"floor":17.0,"key":"GoldenEye"},{"floor":23,"key":"The Courier"},{"floor":26,"key":"Gambling Chip"},{"floor":27,"key":"Gremlin Horn"},{"floor":30,"key":"Red Mask"}],"event_choices":[{"damage_healed":0.0,"max_hp_gain":0.0,"max_hp_loss":0.0,"gold_gain":0.0,"event_name":"Shining Light","player_choice":"Entered Light","floor":2.0,"gold_loss":0.0,"damage_taken":14.0,"cards_upgraded":["PathToVictory","Strike_P"]},{"cards_removed":["Strike_P"],"damage_healed":0.0,"max_hp_gain":0.0,"max_hp_loss":0.0,"gold_gain":0.0,"event_name":"Golden Wing","player_choice":"Card Removal","floor":4.0,"gold_loss":0.0,"damage_taken":7.0},{"cards_removed":["Strike_P"],"damage_healed":0.0,"max_hp_gain":0.0,"max_hp_loss":0.0,"gold_gain":0.0,"event_name":"The Cleric","player_choice":"Card Removal","floor":13.0,"gold_loss":50.0,"damage_taken":0.0},{"damage_healed":0,"gold_gain":0,"player_choice":"Fought Bandits","damage_taken":0,"max_hp_gain":0,"max_hp_loss":0,"event_name":"Masked Bandits","floor":30,"gold_loss":0},{"damage_healed":0,"gold_gain":0,"player_choice":"Ignored","damage_taken":0,"max_hp_gain":0,"max_hp_loss":0,"event_name":"Vampires","floor":31,"gold_loss":0}],"is_beta":false,"boss_relics":[{"not_picked":["Fusion Hammer","HolyWater"],"picked":"Calling Bell"}],"items_purged_floors":[],"is_endless":false,"potions_floor_spawned":[8,14,16,18,21,27,28,30],"killed_by":"Collector","ascension_level":6}}