{"host":"zs3tguvuxkh90jf4","time":1613337862,"event":{"mods":["AchievementEnabler","BaseMod","Better Silent Start","Better-Laid Plans","BetterRewards","Block Reminder","Colored Map","Colored Powertips","Gold Saver","Minty Spire (QoL Compilation)","Shop Mod","StSLib","Transform Curses"],"gold_per_floor":[2599,2564,2564,2564,2582,2582,2613,1848,1894,1922,1935,1935,1954,1973,1973,2051,2051,3078,3078,3078,1923,1938,1963,1963,1980,1980,1458,1458,859,872,906,906,985,985,1004,529,580,37,37,68,82,107,107,107,0,0,0,11,11,11],"floor_reached":51,"language":"ENG","playtime":2442,"items_purged":["Strike_B","Strike_B","Defend_B","Defend_B","Strike_B","Defend_B","Defend_B"],"score":1871,"play_id":"dd60907e-5fff-4be3-bec3-baf6820339f6","local_time":"20210214132422","is_ascension_mode":true,"campfire_choices":[{"data":"Dualcast","floor":6.0,"key":"SMITH"},{"floor":12.0,"key":"REST"},{"floor":15.0,"key":"REST"},{"floor":24,"key":"REST"},{"data":"Storm","floor":32,"key":"SMITH"},{"floor":44,"key":"REST"},{"data":"Double Energy","floor":46,"key":"SMITH"},{"data":"Reinforced Body","floor":49,"key":"SMITH"}],"circlet_count":1,"master_deck":["AscendersBane","Zap","Dualcast+1","Static Discharge","Ball Lightning","Trip","Redo","Aggregate+1","Sweeping Beam","Capacitor","Coolheaded","Leap","Seek","Coolheaded+1","Steam","Electrodynamics","Self Repair","Buffer","Thunder Strike","Creative AI","Hologram","Conserve Battery","Go for the Eyes+1","Reinforced Body+1","Storm+1","Stack","Genetic Algorithm","Melter","Bandage Up","Chaos","Echo Form","Chill+1","Double Energy+1","Glacier","Scrape+1","Cold Snap+1","Stack+1"],"relics":["Cracked Core","Blood Vial","Medical Kit","MutagenicStrength","MerchantsRug","Shuriken","Anchor","Bronze Scales","Sling","Bag of Marbles","Kunai","Philosopher\u0027s Stone","Circlet","Potion Belt","Gremlin Horn","HandDrill","War Paint","Centennial Puzzle","Membership Card","Pen Nib","Ornamental Fan","Chemical X","Bottled Lightning","Boot","Orichalcum","Nuclear Battery","Bottled Flame","ClockworkSouvenir","Dream Catcher","FossilizedHelix","Matryoshka","Du-Vu Doll","Runic Capacitor","Symbiotic Virus","Dead Branch","Mummified Hand","Blue Candle","Red Mask","Toy Ornithopter","Ancient Tea Set"],"acts_visited":["Exordium","TheCity","TheBeyond"],"potions_floor_usage":[23,23,25,25,36,37,37,41,42],"damage_taken":[{"damage":12.0,"enemies":"Jaw Worm","floor":1.0,"turns":3.0},{"damage":2.0,"enemies":"Small Slimes","floor":5.0,"turns":3.0},{"damage":20.0,"enemies":"Lagavulin","floor":7.0,"turns":6.0},{"damage":11.0,"enemies":"3 Sentries","floor":10.0,"turns":4.0},{"damage":0.0,"enemies":"2 Louse","floor":11.0,"turns":2.0},{"damage":0.0,"enemies":"Red Slaver","floor":13.0,"turns":2.0},{"damage":27.0,"enemies":"Exordium Wildlife","floor":14.0,"turns":4.0},{"damage":15.0,"enemies":"Hexaghost","floor":16.0,"turns":9.0},{"damage":6.0,"enemies":"2 Thieves","floor":18.0,"turns":2.0},{"damage":21,"enemies":"Shell Parasite","floor":22,"turns":7},{"damage":31,"enemies":"Slavers","floor":23,"turns":4},{"damage":18,"enemies":"Snake Plant","floor":25,"turns":4},{"damage":9,"enemies":"3 Cultists","floor":30,"turns":4},{"damage":0,"enemies":"Gremlin Leader","floor":31,"turns":5},{"damage":9,"enemies":"Automaton","floor":33,"turns":6},{"damage":0,"enemies":"3 Shapes","floor":35,"turns":3},{"damage":18,"enemies":"2 Orb Walkers","floor":37,"turns":4},{"damage":57,"enemies":"Reptomancer","floor":40,"turns":5},{"damage":0,"enemies":"Orb Walker","floor":41,"turns":4},{"damage":0,"enemies":"Mind Bloom Boss Battle","floor":42,"turns":3},{"damage":0,"enemies":"Jaw Worm Horde","floor":48,"turns":2},{"damage":1,"enemies":"Donu and Deca","floor":50,"turns":7}],"seed_played":"-6712323107314011053","potions_obtained":[{"floor":1.0,"key":"FearPotion"},{"floor":5.0,"key":"Fire Potion"},{"floor":7.0,"key":"Block Potion"},{"floor":13.0,"key":"PotionOfCapacity"},{"floor":16.0,"key":"DuplicationPotion"},{"floor":23,"key":"EntropicBrew"},{"floor":25,"key":"Fire Potion"},{"floor":33,"key":"DistilledChaos"},{"floor":40,"key":"DistilledChaos"}],"is_trial":false,"path_per_floor":["M","?","?","?","M","R","E","$","T","E","M","R","M","M","R","B",null,"M","?","?","$","M","E","R","M","T","$","?","$","M","E","R","B",null,"M","$","?","$","?","E","M","?","T","R","?","R","T","M","R","B",null],"character_chosen":"DEFECT","items_purchased":["Blood Vial","Medical Kit","Static Discharge","Ball Lightning","MerchantsRug","Anchor","Bronze Scales","Sling","Capacitor","Coolheaded","Leap","Potion Belt","Gremlin Horn","HandDrill","Thunder Strike","Creative AI","Hologram","Conserve Battery","Energy Potion","Membership Card","Pen Nib","Ornamental Fan","Reinforced Body","Energy Potion","Chemical X","Bottled Lightning","Boot","Storm","Stack","Genetic Algorithm","Melter","Bandage Up","DistilledChaos","Bottled Flame","Fruit Juice","Double Energy","ClockworkSouvenir","Dream Catcher","Matryoshka","Du-Vu Doll","Runic Capacitor","Glacier"],"campfire_rested":4,"item_purchase_floors":[0,0,0,0,0,8,8,8,8,8,8,21,21,21,21,21,21,21,21,27,27,27,27,27,29,29,29,29,29,29,29,29,29,36,36,36,36,36,38,38,38,38],"current_hp_per_floor":[40,57,50,50,50,50,32,32,32,23,25,46,48,23,44,31,61,57,57,57,57,45,23,44,35,35,35,81,81,81,81,81,76,80,81,86,75,75,75,31,44,50,50,75,75,75,75,84,84,86],"gold":11,"neow_bonus":"","is_daily":false,"chose_seed":false,"campfire_upgraded":4,"win_rate":0.0,"timestamp":1613337862,"path_taken":["M","?","?","?","M","R","E","$","T","E","M","R","M","M","R","BOSS","M","?","?","$","M","E","R","?","T","$","?","$","M","E","R","BOSS","M","$","?","$","?","E","M","?","T","R","?","R","?","M","R","BOSS"],"items_purchased_type":["Relic","Relic","Card","Card","Relic","Relic","Relic","Relic","Card","Card","Card","Relic","Relic","Relic","Card","Card","Card","Card","Potion","Relic","Relic","Relic","Card","Potion","Relic","Relic","Relic","Card","Card","Card","Card","Card","Potion","Relic","Potion","Card","Relic","Relic","Relic","Relic","Relic","Card"],"build_version":"2020-12-22","purchased_purges":7,"victory":true,"max_hp_per_floor":[71,71,71,71,71,71,71,71,71,71,71,71,71,71,71,71,71,71,71,71,71,71,71,71,71,71,71,81,81,81,81,81,81,81,81,86,86,86,86,86,86,86,86,86,86,86,86,86,86,86],"card_choices":[{"not_picked":["Static Discharge","Hello World"],"picked":"Redo","floor":1.0},{"not_picked":["Turbo","Go for the Eyes"],"picked":"Aggregate","floor":5.0},{"not_picked":["Streamline","Redo"],"picked":"Sweeping Beam","floor":7.0},{"not_picked":["Chill","Streamline"],"picked":"Seek","floor":10.0},{"not_picked":["Go for the Eyes","Rip and Tear","Barrage"],"picked":"SKIP","floor":11.0},{"not_picked":["Rebound","Blizzard"],"picked":"Coolheaded","floor":13.0},{"not_picked":["Scrape","Reprogram"],"picked":"Steam","floor":14.0},{"not_picked":["Machine Learning","Echo Form"],"picked":"Electrodynamics","floor":16.0},{"not_picked":["Rebound","Hologram"],"picked":"Self Repair","floor":18},{"not_picked":["Conserve Battery","Sunder","Rebound"],"picked":"SKIP","floor":22},{"not_picked":["Auto Shields","Rip and Tear"],"picked":"Electrodynamics","floor":23},{"not_picked":["Sweeping Beam","Rebound"],"picked":"Go for the Eyes+1","floor":25},{"not_picked":["Go for the Eyes","Melter"],"picked":"Chaos","floor":30},{"not_picked":["Conserve Battery","Stack","Machine Learning"],"picked":"SKIP","floor":31},{"not_picked":["Fission","Thunder Strike"],"picked":"Echo Form","floor":33},{"not_picked":["Sweeping Beam","Cold Snap"],"picked":"Chill+1","floor":35},{"not_picked":["Redo","Recycle"],"picked":"Scrape+1","floor":40},{"not_picked":["Barrage+1","Gash"],"picked":"Cold Snap+1","floor":41},{"not_picked":["Go for the Eyes","Ball Lightning"],"picked":"Stack+1","floor":44},{"not_picked":["Heatsinks","Conserve Battery","Sunder+1"],"picked":"SKIP","floor":48}],"player_experience":571664,"relics_obtained":[{"floor":7.0,"key":"Shuriken"},{"floor":9.0,"key":"Bag of Marbles"},{"floor":10.0,"key":"Kunai"},{"floor":23,"key":"War Paint"},{"floor":26,"key":"Centennial Puzzle"},{"floor":31,"key":"Orichalcum"},{"floor":37,"key":"FossilizedHelix"},{"floor":40,"key":"Symbiotic Virus"},{"floor":42,"key":"Dead Branch"},{"floor":43,"key":"Mummified Hand"},{"floor":43,"key":"Blue Candle"},{"floor":47,"key":"Toy Ornithopter"},{"floor":47,"key":"Ancient Tea Set"}],"event_choices":[{"damage_healed":17.0,"max_hp_gain":0.0,"max_hp_loss":0.0,"gold_gain":0.0,"event_name":"The Cleric","player_choice":"Healed","floor":2.0,"gold_loss":35.0,"damage_taken":0.0},{"cards_removed":["Strike_B"],"damage_healed":0.0,"max_hp_gain":0.0,"max_hp_loss":0.0,"gold_gain":0.0,"event_name":"Golden Wing","player_choice":"Card Removal","floor":3.0,"gold_loss":0.0,"damage_taken":7.0},{"damage_healed":0.0,"max_hp_gain":0.0,"max_hp_loss":0.0,"gold_gain":0.0,"event_name":"Liars Game","player_choice":"Ignored","floor":4.0,"gold_loss":0.0,"damage_taken":0.0},{"damage_healed":0,"gold_gain":0,"player_choice":"Inject Mutagens","damage_taken":0,"relics_obtained":["Circlet"],"max_hp_gain":0,"max_hp_loss":0,"event_name":"Drug Dealer","floor":19,"gold_loss":0},{"damage_healed":0,"gold_gain":0,"player_choice":"1 cards matched","damage_taken":0,"max_hp_gain":0,"max_hp_loss":0,"event_name":"Match and Keep!","floor":20,"gold_loss":0,"cards_obtained":["Buffer"]},{"cards_removed":["Electrodynamics"],"damage_healed":36,"gold_gain":0,"player_choice":"Offered Rare","damage_taken":0,"max_hp_gain":10,"max_hp_loss":0,"event_name":"Bonfire Elementals","floor":28,"gold_loss":0},{"damage_healed":0,"gold_gain":0,"player_choice":"Fight","damage_taken":0,"max_hp_gain":0,"max_hp_loss":0,"event_name":"Mysterious Sphere","floor":37,"gold_loss":0},{"damage_healed":0,"gold_gain":0,"player_choice":"Memory 1","damage_taken":0,"max_hp_gain":0,"max_hp_loss":0,"event_name":"SensoryStone","floor":39,"gold_loss":0},{"damage_healed":0,"gold_gain":0,"player_choice":"Fight","damage_taken":0,"max_hp_gain":0,"max_hp_loss":0,"event_name":"MindBloom","floor":42,"gold_loss":0},{"damage_healed":0,"gold_gain":0,"player_choice":"Paid","damage_taken":0,"relics_obtained":["Red Mask"],"max_hp_gain":0,"max_hp_loss":0,"event_name":"Tomb of Lord Red Mask","floor":45,"gold_loss":107}],"is_beta":false,"boss_relics":[{"not_picked":["Busted Crown","Velvet Choker"],"picked":"Philosopher\u0027s Stone"},{"not_picked":["SacredBark","FrozenCore"],"picked":"Nuclear Battery"}],"items_purged_floors":[0,8,21,27,29,36,38],"is_endless":false,"potions_floor_spawned":[1,5,7,13,16,23,25,33,40],"ascension_level":17}}