{"host":"nsc6ozq3atyrdr3m","time":1613327558,"event":{"mods":["BaseMod","Colored Map","Minty Spire (QoL Compilation)"],"gold_per_floor":[117,78,78,89,89,122,122,197,249,249,263,263,150,182,182,285,285,296,296,313,20,20,55,69,69,96,96,96,129,142,11,11,106,106,118,118,135,135,135],"floor_reached":38,"language":"FRA","playtime":1010,"items_purged":["Regret"],"score":532,"play_id":"6fb6362e-8e77-4bb1-8c7d-8884a45cc702","local_time":"20210214193238","is_ascension_mode":true,"campfire_choices":[{"data":"Storm","floor":7,"key":"SMITH"},{"data":"Capacitor","floor":10,"key":"SMITH"},{"data":"Hello World","floor":12,"key":"SMITH"},{"data":"Machine Learning","floor":15,"key":"SMITH"},{"floor":25,"key":"REST"},{"floor":27,"key":"REST"},{"floor":32,"key":"REST"}],"circlet_count":0,"master_deck":["Strike_B+1","Defend_B","Defend_B","Defend_B","Defend_B","Zap","Dualcast","Conserve Battery","Storm+1","Capacitor+1","Tempest","Hello World+1","Loop","Machine Learning+1","Rainbow","Hologram","Go for the Eyes+1","Conserve Battery","Defragment","Reboot","Stack+1","Static Discharge+1","Buffer","BootSequence","Heatsinks"],"relics":["Cracked Core","NeowsBlessing","WingedGreaves","InkBottle","Vajra","Regal Pillow","Empty Cage","DataDisk","Lee\u0027s Waffle","Whetstone","Dream Catcher","Orichalcum","Sozu"],"acts_visited":["Exordium","TheCity","TheBeyond"],"potions_floor_usage":[20,23,23,24,29,33,33],"damage_taken":[{"damage":0,"enemies":"2 Louse","floor":1,"turns":1},{"damage":0,"enemies":"Cultist","floor":4,"turns":1},{"damage":0,"enemies":"Lagavulin","floor":6,"turns":1},{"damage":8,"enemies":"Small Slimes","floor":11,"turns":4},{"damage":11,"enemies":"Gremlin Nob","floor":14,"turns":3},{"damage":6,"enemies":"The Guardian","floor":16,"turns":9},{"damage":19,"enemies":"Spheric Guardian","floor":18,"turns":4},{"damage":37,"enemies":"2 Thieves","floor":20,"turns":5},{"damage":49,"enemies":"Gremlin Leader","floor":23,"turns":6},{"damage":13,"enemies":"Snake Plant","floor":24,"turns":4},{"damage":59,"enemies":"Slavers","floor":29,"turns":5},{"damage":18,"enemies":"Centurion and Healer","floor":30,"turns":7},{"damage":35,"enemies":"Automaton","floor":33,"turns":8},{"damage":10,"enemies":"Orb Walker","floor":35,"turns":3},{"damage":26,"enemies":"3 Shapes","floor":37,"turns":3},{"damage":51,"enemies":"2 Orb Walkers","floor":38,"turns":4}],"seed_played":"-6113328121181697011","potions_obtained":[{"floor":6,"key":"Explosive Potion"},{"floor":11,"key":"SkillPotion"},{"floor":14,"key":"Ancient Potion"},{"floor":20,"key":"Fire Potion"},{"floor":23,"key":"SpeedPotion"},{"floor":24,"key":"DistilledChaos"},{"floor":29,"key":"EssenceOfDarkness"}],"is_trial":false,"path_per_floor":["M","$","?","M","?","E","R","?","T","R","M","R","$","E","R","B",null,"M","$","M","$","?","E","M","R","T","R","?","E","M","$","R","B",null,"M","$","M","?"],"character_chosen":"DEFECT","items_purchased":["Storm","Loop","DataDisk","Lee\u0027s Waffle","Buffer","Dexterity Potion"],"campfire_rested":3,"item_purchase_floors":[2,13,21,21,31,31],"current_hp_per_floor":[75,75,68,68,68,68,68,61,61,61,53,53,53,42,42,36,75,56,56,19,82,66,17,4,45,45,86,86,27,9,9,50,15,87,77,77,51,0,0],"gold":135,"neow_bonus":"THREE_ENEMY_KILL","is_daily":false,"chose_seed":false,"campfire_upgraded":4,"win_rate":0.0,"timestamp":1613327558,"path_taken":["M","$","?","M","?","E","R","?","T","R","?","R","$","E","R","BOSS","M","$","M","$","?","E","M","R","T","R","?","E","M","$","R","BOSS","M","?","M","?"],"items_purchased_type":["Card","Card","Relic","Relic","Card","Potion"],"build_version":"2020-12-22","purchased_purges":1,"victory":false,"max_hp_per_floor":[75,75,75,75,75,75,75,75,75,75,75,75,75,75,75,75,75,75,75,75,82,87,87,87,87,87,87,87,87,87,87,87,87,87,87,87,87,87,87],"card_choices":[{"not_picked":["Rebound","Doom and Gloom"],"picked":"Conserve Battery","floor":1},{"not_picked":["Darkness","Steam"],"picked":"Capacitor","floor":4},{"not_picked":["Barrage","All For One"],"picked":"Tempest","floor":6},{"not_picked":["Sweeping Beam","Barrage"],"picked":"Hello World","floor":11},{"not_picked":["Turbo","Beam Cell"],"picked":"Machine Learning","floor":14},{"not_picked":["Fission","Meteor Strike"],"picked":"Rainbow","floor":16},{"not_picked":["Stack","Streamline","Barrage"],"picked":"SKIP","floor":18},{"not_picked":["All For One","Redo"],"picked":"Hologram","floor":20},{"not_picked":["Ball Lightning","Sweeping Beam"],"picked":"Go for the Eyes+1","floor":23},{"not_picked":["Coolheaded","Go for the Eyes"],"picked":"Conserve Battery","floor":24},{"not_picked":["Go for the Eyes+1","Coolheaded"],"picked":"Stack+1","floor":29},{"not_picked":["Coolheaded","Ball Lightning"],"picked":"Static Discharge+1","floor":30},{"not_picked":["Redo","Beam Cell"],"picked":"BootSequence","floor":32},{"not_picked":["Ball Lightning+1","Go for the Eyes+1"],"picked":"Heatsinks","floor":35},{"not_picked":["Rebound","Compile Driver+1","Gash+1"],"picked":"SKIP","floor":37}],"player_experience":416040,"relics_obtained":[{"floor":6,"key":"InkBottle"},{"floor":9,"key":"Vajra"},{"floor":14,"key":"Regal Pillow"},{"floor":23,"key":"Whetstone"},{"floor":26,"key":"Dream Catcher"},{"floor":29,"key":"Orichalcum"}],"event_choices":[{"cards_removed":["Strike_B"],"damage_healed":0,"gold_gain":0,"player_choice":"Card Removal","damage_taken":7,"max_hp_gain":0,"max_hp_loss":0,"event_name":"Golden Wing","floor":3,"gold_loss":0},{"damage_healed":0,"gold_gain":0,"player_choice":"Box","damage_taken":0,"relics_obtained":["WingedGreaves"],"max_hp_gain":0,"max_hp_loss":0,"event_name":"Big Fish","floor":5,"gold_loss":0,"cards_obtained":["Regret"]},{"damage_healed":0,"gold_gain":75,"player_choice":"Touch","damage_taken":7,"max_hp_gain":0,"max_hp_loss":0,"event_name":"FaceTrader","floor":8,"gold_loss":0},{"damage_healed":0,"gold_gain":0,"player_choice":"Shed Blood","damage_taken":21,"max_hp_gain":5,"max_hp_loss":0,"event_name":"Forgotten Altar","floor":22,"gold_loss":0},{"damage_healed":0,"gold_gain":0,"player_choice":"2 cards matched","damage_taken":0,"max_hp_gain":0,"max_hp_loss":0,"event_name":"Match and Keep!","floor":28,"gold_loss":0,"cards_obtained":["Defragment","Reboot"]},{"damage_healed":0,"gold_gain":0,"player_choice":"Fight","damage_taken":0,"max_hp_gain":0,"max_hp_loss":0,"event_name":"Mysterious Sphere","floor":38,"gold_loss":0}],"is_beta":false,"boss_relics":[{"not_picked":["SlaversCollar","Snecko Eye"],"picked":"Empty Cage"},{"not_picked":["Fusion Hammer","Black Star"],"picked":"Sozu"}],"items_purged_floors":[13],"is_endless":false,"potions_floor_spawned":[6,11,14,20,23,24,29],"killed_by":"2 Orb Walkers","ascension_level":4}}