{"host":"y27lpgkuecypkeb8","time":1613332551,"event":{"mods":["AchievementEnabler","Aspiration","BaseMod","Colored Map","Colored Powertips","Conspire","DeckTracker","GifTheSpireLib","Highlight Path","Hubris","Infinite Spire","Minty Spire (QoL Compilation)","Permanent Neow","Rare Cards Sparkle","Relic Sorter","Replay The Spire","Spicy Shops","StSLib","Stuff the Spire","Together in Spire"],"gold_per_floor":[117,129,49,49,0,0,18,18,18,18,31,45,145,157,157,253,253,249,262,270,270],"floor_reached":20,"language":"ENG","playtime":1623,"items_purged":["hubris:Sloth"],"score":116,"play_id":"25c0da78-b934-49ac-bf9d-0124a9c4b96b","local_time":"20210215035551","is_ascension_mode":false,"campfire_choices":[{"data":"Fluid Movement","floor":6,"key":"SMITH"},{"data":"Terror","floor":15,"key":"SMITH"}],"circlet_count":0,"master_deck":["Strike_G","Strike_G","Strike_G","Strike_G","Strike_G","Defend_G","Defend_G","Defend_G","Defend_G","Defend_G","Survivor","Neutralize","Dagger Spray","Backflip","Underhanded Strike","Fluid Movement+1","Terror+1","Dagger Spray","infinitespire:Neurotoxin","Fluid Movement+1","Dodge and Roll"],"relics":["Ring of the Snake","aspiration:DSix","ReplayTheSpireMod:CursedCoin","aspiration:BabyByrd","SlaversCollar"],"acts_visited":["Exordium","TheCity"],"potions_floor_usage":[20,20],"damage_taken":[{"damage":0,"enemies":"Small Slimes","floor":1,"turns":2},{"damage":1,"enemies":"Jaw Worm","floor":2,"turns":3},{"damage":0,"enemies":"Cultist","floor":7,"turns":1},{"damage":0,"enemies":"Blue Slaver","floor":11,"turns":1},{"damage":0,"enemies":"2 Fungi Beasts","floor":12,"turns":1},{"damage":0,"enemies":"Looter","floor":14,"turns":1},{"damage":35,"enemies":"The Guardian","floor":16,"turns":8},{"damage":10,"enemies":"2 Thieves","floor":18,"turns":2},{"damage":0,"enemies":"3 Byrds","floor":19,"turns":3},{"damage":63,"enemies":"conspire:MimicChest","floor":20,"turns":11}],"seed_played":"-8667361028751699875","potions_obtained":[{"floor":11,"key":"Dexterity Potion"},{"floor":16,"key":"LiquidBronze"}],"is_trial":false,"path_per_floor":["M","M","$","?","$","R","M","?","T","?","M","M","?","M","R","B",null,"M","M","?"],"character_chosen":"THE_SILENT","items_purchased":["Underhanded Strike","ReplayTheSpireMod:CursedCoin","Fluid Movement"],"campfire_rested":0,"item_purchase_floors":[3,5,5],"current_hp_per_floor":[70,69,69,69,69,69,69,69,69,69,69,69,69,69,69,34,70,60,60,0,0],"gold":270,"neow_bonus":"DSIX","is_daily":false,"chose_seed":false,"campfire_upgraded":2,"win_rate":0.0,"timestamp":1613332551,"path_taken":["M","M","$","?","$","R","M","?","T","?","M","?","?","M","R","BOSS","M","?","?"],"items_purchased_type":["Card","Relic","Card"],"build_version":"2020-12-22","purchased_purges":1,"victory":false,"max_hp_per_floor":[70,70,70,70,70,70,70,70,70,70,70,70,70,70,70,70,70,70,70,70,70],"card_choices":[{"not_picked":["Reflex","StuffTheSpire:ClusterCrunch"],"picked":"Dagger Spray","floor":1},{"not_picked":["StuffTheSpire:Incantation","Endless Agony"],"picked":"Backflip","floor":2},{"not_picked":["ReplayTheSpireMod:Scrap Shanks","Hidden Blade"],"picked":"Terror","floor":7},{"not_picked":["Backflip","Flechettes","ReplayTheSpireMod:The Works"],"picked":"SKIP","floor":11},{"not_picked":["StuffTheSpire:BumpUp","Slice","hubris:SlightOfHand"],"picked":"SKIP","floor":12},{"not_picked":["hubris:SlightOfHand","Atom Bomb"],"picked":"Dagger Spray","floor":14},{"not_picked":["aspiration:Lunge","Adrenaline"],"picked":"infinitespire:Neurotoxin","floor":16},{"not_picked":["StuffTheSpire:Fury","Endless Agony"],"picked":"Fluid Movement+1","floor":18},{"not_picked":["StuffTheSpire:Fury","Reflex"],"picked":"Dodge and Roll","floor":19}],"player_experience":25120,"relics_obtained":[],"event_choices":[{"damage_healed":0,"gold_gain":0,"player_choice":"Ignored","damage_taken":0,"max_hp_gain":0,"max_hp_loss":0,"event_name":"Liars Game","floor":4,"gold_loss":0},{"damage_healed":0,"gold_gain":100,"player_choice":"Pray","damage_taken":0,"max_hp_gain":0,"max_hp_loss":0,"event_name":"Golden Shrine","floor":13,"gold_loss":0}],"is_beta":false,"boss_relics":[{"not_picked":["Empty Cage","StuffTheSpire:RunicHypercube"],"picked":"SlaversCollar"}],"items_purged_floors":[5],"is_endless":false,"potions_floor_spawned":[11,16],"killed_by":"conspire:MimicChest","ascension_level":0}}