{"host":"ln8zowmpyx5bxamj","time":1613311222,"event":{"mods":["Act Like it!","BaseMod","CapriCore","Colored Map","Conspire","Gensokyo","GifTheSpireLib","Hallownest","Hubris","Koishi","KomeijiMod","Marisa????????","Minty Spire (QoL Compilation)","Permanent Neow","Prisma Mod","Replay The Spire","StSLib","The Immortal","Uncapped","Yuyuko"],"gold_per_floor":[119,139,139,15,32,64,64,78,78,132,185,185,238,267,267,380,380,399,113,130,130,159,201,54,109,109,109,137,137],"floor_reached":28,"language":"ENG","playtime":3126,"items_purged":[],"score":318,"play_id":"3255541c-337c-4ea4-885f-0b24356c7fb0","local_time":"20210214080022","is_ascension_mode":true,"campfire_choices":[{"data":"Snow","floor":7,"key":"SMITH"},{"data":"Snow","floor":12,"key":"SMITH"},{"data":"Serene Spring","floor":15,"key":"SMITH"},{"floor":27,"key":"REST"}],"circlet_count":0,"master_deck":["Fantasy Butterflies","Fantasy Butterflies","Fantasy Butterflies","Fantasy Butterflies","Fantasy Butterflies","Dreamy Sakura","Dreamy Sakura","Dreamy Sakura","Dreamy Sakura","Dreamy Sakura","Deathly Ground","Faramita\u0027s Temptation","Reverse The Screen","Bloom","Snow+1","Snow+1","Triple Snow","Serene Spring+1","Death Dancing","Butterflies Rainbow","Mirror of Mind","AbeCurse","Phantom Butterflies","Unreal","Butterflies Rainbow","The Forgotten Winter","Unreal+1","Full Inky Sakura","Postpone Bloom"],"relics":["Coronal","Yuyuko\u0027s fan","Bird Faced Urn","Chameleon Ring","Blue Candle","Replay:Bandana","Lantern","Replay:Rubber Ducky","Abe\u0027s Treasure","Sling","Replay:Mystery Machine","Juzu Bracelet","hubris:Metronome"],"acts_visited":["Exordium","TheCity"],"potions_floor_usage":[10,10,11,16,20,20,22,23,23,25,28,28],"damage_taken":[{"damage":24,"enemies":"Jaw Worm","floor":1,"turns":3},{"damage":14,"enemies":"Cultist","floor":2,"turns":4},{"damage":16,"enemies":"2 Louse","floor":5,"turns":4},{"damage":65,"enemies":"Replay:BlueRogue","floor":6,"turns":8},{"damage":40,"enemies":"Gremlin Gang","floor":8,"turns":6},{"damage":45,"enemies":"Gremlin Nob","floor":10,"turns":6},{"damage":25,"enemies":"Exordium Wildlife","floor":11,"turns":6},{"damage":38,"enemies":"Lagavulin","floor":13,"turns":7},{"damage":7,"enemies":"Looter","floor":14,"turns":4},{"damage":59,"enemies":"Hexaghost","floor":16,"turns":14},{"damage":27,"enemies":"Spheric Guardian","floor":18,"turns":3},{"damage":14,"enemies":"2 Thieves","floor":20,"turns":5},{"damage":39,"enemies":"Centurion and Healer","floor":22,"turns":12},{"damage":33,"enemies":"Book of Stabbing","floor":23,"turns":6},{"damage":27,"enemies":"Slavers","floor":25,"turns":7},{"damage":29,"enemies":"Shelled Parasite and Fungi","floor":28,"turns":3}],"seed_played":"8602931597314690127","potions_obtained":[{"floor":5,"key":"Keine"},{"floor":6,"key":"Reflective Coating"},{"floor":10,"key":"DistilledChaos"},{"floor":13,"key":"Turbid Wine"},{"floor":14,"key":"Flashbang"},{"floor":16,"key":"Turbid Wine"},{"floor":20,"key":"Turbid Wine"},{"floor":22,"key":"Turbid Wine"},{"floor":22,"key":"FearPotion"},{"floor":23,"key":"Turbid Wine"},{"floor":25,"key":"Turbid Wine"},{"floor":25,"key":"Turbid Wine"}],"is_trial":false,"path_per_floor":["M","M","$","?","M","E","R","M","T","E","M","R","E","M","R_BF","B",null,"M","$","M","?","M","E","$","E","T","R","M"],"character_chosen":"YUYOKO","items_purchased":["Sling","Phantom Butterflies","Unreal","Full Inky Sakura"],"campfire_rested":1,"item_purchase_floors":[19,19,19,24],"current_hp_per_floor":[25,22,22,22,32,22,22,22,22,28,30,30,23,32,32,18,36,10,10,18,18,24,15,15,8,8,18,0,0],"gold":137,"neow_bonus":"ONE_RARE_RELIC","is_daily":false,"chose_seed":false,"campfire_upgraded":3,"win_rate":0.0,"timestamp":1613311222,"path_taken":["M","M","$","?","M","E","R","M","T","E","?","R","E","M","R_BF","BOSS","M","$","M","?","?","E","$","E","T","R","M"],"items_purchased_type":["Relic","Card","Card","Card"],"build_version":"2020-12-22","purchased_purges":0,"victory":false,"max_hp_per_floor":[36,36,36,36,36,36,36,36,36,36,36,36,36,36,36,36,36,36,36,36,36,36,36,36,36,36,36,36,36],"card_choices":[{"not_picked":["Sweet of Phantom","All Wander"],"picked":"Reverse The Screen","floor":1},{"not_picked":["Final of Final","Gauzy Sakura"],"picked":"Bloom","floor":2},{"not_picked":["Final of Final","Childlike"],"picked":"Snow","floor":5},{"not_picked":["Stifle","Final of Final"],"picked":"Snow","floor":6},{"not_picked":["Sweet of Phantom","Ghostdom Sakura"],"picked":"Triple Snow","floor":8},{"not_picked":["Final of Final","Dying Sakura"],"picked":"Serene Spring","floor":10},{"not_picked":["Wandering Soul","Song of Papilio"],"picked":"Death Dancing","floor":11},{"not_picked":["Ghost Spot","Reverse The Screen","Dancing Butterflies"],"picked":"SKIP","floor":13},{"not_picked":["Ghostdom Sakura","Elegance"],"picked":"Butterflies Rainbow","floor":14},{"not_picked":["Ticket to Heaven","Explore Ghostdom"],"picked":"Mirror of Mind","floor":16},{"not_picked":["Dancing Soul","Dark Wind+1","Song of Papilio"],"picked":"SKIP","floor":18},{"not_picked":["Immigrant Phantom+1","Become Phantom","Fondling of Papilio"],"picked":"SKIP","floor":20},{"not_picked":["Linger over Flower+1","All Wander+1"],"picked":"The Forgotten Winter","floor":22},{"not_picked":["Bury in The Template","Gather the Spring"],"picked":"Unreal+1","floor":23},{"not_picked":["Ghostdom Sakura+1","Gauzy Sakura"],"picked":"Postpone Bloom","floor":25}],"player_experience":715790,"relics_obtained":[{"floor":6,"key":"Blue Candle"},{"floor":9,"key":"Replay:Bandana"},{"floor":10,"key":"Lantern"},{"floor":13,"key":"Replay:Rubber Ducky"},{"floor":23,"key":"Replay:Mystery Machine"},{"floor":25,"key":"Juzu Bracelet"},{"floor":26,"key":"hubris:Metronome"}],"event_choices":[{"damage_healed":0,"gold_gain":0,"player_choice":"Paid Gold","damage_taken":0,"relics_obtained":["Chameleon Ring"],"max_hp_gain":0,"max_hp_loss":0,"event_name":"WeMeetAgain","floor":4,"gold_loss":124},{"damage_healed":0,"gold_gain":0,"player_choice":"Copied","damage_taken":0,"max_hp_gain":0,"max_hp_loss":0,"event_name":"Duplicator","floor":21,"gold_loss":0,"cards_obtained":["Butterflies Rainbow"]}],"is_beta":false,"boss_relics":[{"not_picked":["Ring of Chaos","Replay:Bronze Core"],"picked":"Abe\u0027s Treasure"}],"items_purged_floors":[],"is_endless":false,"potions_floor_spawned":[5,6,10,13,14,22,25],"killed_by":"Shelled Parasite and Fungi","ascension_level":1}}