{"host":"ucgrft0m53zzt06v","time":1613308326,"event":{"mods":["BaseMod","Colored Map","Colored Powertips","Conspire","HololiveMod","KinomotoSakuraMod(木之本樱)","Lobotomy","Minty Spire (QoL Compilation)","Quick Restart","Replay The Spire","Shop Mod","Spicy Shops","StSLib","Td1madao Mod","The Senshi","Waifu the Spire","WarShipGirlsR/战舰少女R mod","【遗物卡牌】REMEMod"],"gold_per_floor":[78,5,5,21,35,35,35,35,35,35,70,80,99,114,114,191,241,256,13,13,30,47,47,57,57,57,57,57],"floor_reached":27,"language":"ZHS","playtime":1151,"items_purged":["conspire:Blindness"],"score":533,"play_id":"0854890f-7657-46b5-992d-9c8f1a1cc449","local_time":"20210214211206","is_ascension_mode":true,"campfire_choices":[{"data":"Hololive_Trident","floor":6,"key":"SMITH"},{"data":"Hololive_OvertimeWork","floor":15,"key":"SMITH"},{"floor":23,"key":"RECALL"}],"circlet_count":0,"master_deck":["AscendersBane","Hololive_Strike","Hololive_Strike+1","Hololive_Strike","Hololive_Defend","Hololive_Defend","Hololive_Defend","Hololive_Defend","Hololive_LuckPotion","Hololive_Trident+1","Double Energy+1","Hololive_FlyingPonyTail","Hololive_FlyingPonyTail","Hololive_OvertimeWork+1","Hololive_CocoNews","Hololive_StarCraft","Hololive_FlyingPonyTail","Hololive_Yoholoon","Normality","Hololive_StrengthChampion+1"],"relics":["Hololive_TheStar","Hololive_Peko","REME_ComplimentaryCards","NeowsBlessing","theSenshi:SailorFukuRelic","Replay:Baseball","Regal Pillow","Replay:Grab Bag","Coffee Dripper","Fusion Hammer","Tiny House","MerchantsRug","ReplayTheSpireMod:CursedCoin","Matryoshka","ReplayTheSpireMod:Ring of Collecting","Ring of Fury","Eternal Feather","Ring of Hypnosis","conspire:InfiniteJournal"],"acts_visited":["Exordium","TheCity"],"potions_floor_usage":[],"damage_taken":[{"damage":0,"enemies":"Jaw Worm","floor":1,"turns":1},{"damage":0,"enemies":"Cultist","floor":4,"turns":1},{"damage":0,"enemies":"2 Louse","floor":5,"turns":1},{"damage":0,"enemies":"Gremlin Nob","floor":11,"turns":3},{"damage":0,"enemies":"Large Slime","floor":12,"turns":5},{"damage":11,"enemies":"Exordium Thugs","floor":13,"turns":5},{"damage":0,"enemies":"Exordium Wildlife","floor":14,"turns":3},{"damage":0,"enemies":"Hexaghost","floor":16,"turns":7},{"damage":2,"enemies":"3 Byrds","floor":18,"turns":4},{"damage":11,"enemies":"Shell Parasite","floor":21,"turns":4},{"damage":0,"enemies":"Cultist and Chosen","floor":22,"turns":5},{"damage":3,"enemies":"Chosen and Byrds","floor":24,"turns":5},{"damage":20,"enemies":"Snecko","floor":27,"turns":3}],"seed_played":"-427772423202983589","potions_obtained":[{"floor":4,"key":"PowerPotion"},{"floor":11,"key":"Toxic Potion"},{"floor":17,"key":"Reflective Coating"}],"is_trial":false,"path_per_floor":["M","$","?","M","M","R","?","?","T","$","E","M","M","M","R","B",null,"M","$","?","M","M","R","M","R","T","M"],"character_chosen":"Hololive_HololiveCharacter","items_purchased":["theSenshi:SailorFukuRelic","MerchantsRug","Hololive_Yoholoon","ReplayTheSpireMod:CursedCoin","Matryoshka"],"campfire_rested":0,"item_purchase_floors":[2,19,19,19,19],"current_hp_per_floor":[27,27,27,27,27,27,27,27,27,27,27,27,16,16,16,16,32,30,30,30,19,19,19,16,16,16,0,0],"gold":57,"neow_bonus":"THREE_ENEMY_KILL","is_daily":false,"chose_seed":false,"campfire_upgraded":2,"win_rate":0.0,"timestamp":1613308326,"path_taken":["M","$","?","?","M","R","?","?","T","$","E","M","?","M","R","BOSS","M","$","?","M","M","R","M","R","T","M"],"items_purchased_type":["Relic","Relic","Card","Relic","Relic"],"build_version":"2020-12-22","purchased_purges":1,"victory":false,"max_hp_per_floor":[30,30,30,30,30,30,30,30,30,30,30,30,30,30,30,30,35,35,35,35,35,35,35,35,35,35,35,35],"card_choices":[{"not_picked":["Hololive_Trident","Hololive_StrengthChampion","Hololive_Rebound","Hololive_Teleport"],"picked":"SKIP","floor":1},{"not_picked":["Hololive_RevenueBasedLive","Hololive_StrengthChampion","Hololive_HuntDinosaur"],"picked":"Hololive_FlyingPonyTail","floor":4},{"not_picked":["Hololive_Breathe","Hololive_CallYukihanaLamy","Hololive_Psychosis","Hololive_StrengthChampion"],"picked":"SKIP","floor":5},{"not_picked":["Hololive_CallTsunomakiWatame","Hololive_CallAyundaRisu","Hololive_CallHimemoriLuna","Hololive_CallOzoraSubaru"],"picked":"SKIP","floor":11},{"not_picked":["Hololive_CallYogiri","Hololive_RevenueBasedLive","Hololive_Sequa"],"picked":"Hololive_FlyingPonyTail","floor":12},{"not_picked":["Hololive_CallMoonaHoshinova","Hololive_HuntDinosaur","Hololive_CallShirakamiFubuki"],"picked":"Hololive_OvertimeWork","floor":13},{"not_picked":["Hololive_CallTsunomakiWatame","Hololive_StrengthChampion","Hololive_MaximGun"],"picked":"Hololive_CocoNews","floor":14},{"not_picked":["Hololive_Thief","Hololive_DDD","Hololive_ScarfAndHalo"],"picked":"Hololive_StarCraft","floor":16},{"not_picked":["Hololive_HuntDinosaur","Hololive_BringToTrial","Hololive_OvertimeWork"],"picked":"Hololive_FlyingPonyTail","floor":17},{"not_picked":["Hololive_Psychosis+1","Hololive_CallHoushouMarine+1","Hololive_HuntDinosaur","Hololive_OvertimeWork"],"picked":"SKIP","floor":18},{"not_picked":["Hololive_StrengthChampion","Hololive_SummonFox","Hololive_Breathe","Hololive_SoulCatcher"],"picked":"SKIP","floor":21},{"not_picked":["Hololive_RevenueBasedLive+1","Hololive_CallNakiriAyame","Hololive_Trident","Hololive_Sequa"],"picked":"SKIP","floor":22},{"not_picked":["Hololive_HuntDinosaur+1","Hololive_CallMomosuzuNene","Hololive_Trident"],"picked":"Hololive_StrengthChampion+1","floor":24}],"player_experience":251733,"relics_obtained":[{"floor":9,"key":"Replay:Baseball"},{"floor":11,"key":"Regal Pillow"},{"floor":20,"key":"ReplayTheSpireMod:Ring of Collecting"},{"floor":20,"key":"Ring of Fury"},{"floor":26,"key":"Eternal Feather"},{"floor":26,"key":"Ring of Hypnosis"},{"floor":26,"key":"conspire:InfiniteJournal"}],"event_choices":[{"damage_healed":0,"gold_gain":0,"player_choice":"Upgraded","damage_taken":0,"max_hp_gain":0,"max_hp_loss":0,"event_name":"Upgrade Shrine","floor":3,"gold_loss":0,"cards_upgraded":["Double Energy"]},{"damage_healed":0,"gold_gain":0,"player_choice":"Leave","damage_taken":0,"max_hp_gain":0,"max_hp_loss":0,"event_name":"The Cleric","floor":7,"gold_loss":0}],"is_beta":false,"boss_relics":[{"not_picked":["Runic Pyramid","SacredBark"],"picked":"Replay:Grab Bag"},{"not_picked":["Runic Dome","ChewingGum"],"picked":"Coffee Dripper"},{"not_picked":["Sozu","Velvet Choker"],"picked":"Fusion Hammer"},{"not_picked":["Astrolabe","conspire:SpecialSausage"],"picked":"Tiny House"}],"items_purged_floors":[19],"is_endless":false,"potions_floor_spawned":[4,11,16,21],"killed_by":"Snecko","ascension_level":15}}