{"host":"gh98ee7752e7cjcc","time":1613341650,"event":{"mods":["AchievementEnabler","Act Like it!","Arknights","BaseMod","Colored Powertips","Duelist Mod","Infinite Spire","Minty Spire (QoL Compilation)","Quick Restart","Reliquary","Replay The Spire","StSLib","SuperFastMode","The Hierophant"],"gold_per_floor":[145,145,145,164,177,192,192,224,224,224,257,267,113,132,132,233,233,246,246,90,107,107,107,124,124,151,164,164,181,181,214,214,313,413,429,448,464,474,88,116,116,116],"floor_reached":41,"language":"ENG","playtime":1761,"items_purged":["theDuelist:CastleWalls"],"score":605,"play_id":"546fbf22-54ab-445e-a57d-9c3705afdb43","local_time":"20210214172730","is_ascension_mode":false,"campfire_choices":[{"data":"theDuelist:RainbowMagician","floor":7.0,"key":"SMITH"},{"data":"theDuelist:Yami","floor":10.0,"key":"SMITH"},{"data":"theDuelist:SwordsBurning","floor":15.0,"key":"SMITH"},{"floor":23.0,"key":"REST"},{"data":"theDuelist:OrbMetronome","floor":25.0,"key":"SMITH"},{"data":"theDuelist:IceQueen","floor":28.0,"key":"SMITH"},{"floor":32.0,"key":"REST"}],"circlet_count":0,"master_deck":["theDuelist:BloodSparks+1","theDuelist:CastleWalls","theDuelist:DarkMagician","theDuelist:MysticalElf","theDuelist:MysticalElf","theDuelist:NeoMagic","theDuelist:NeoMagic","theDuelist:Sparks","theDuelist:Sparks","theDuelist:IceQueen+1","theDuelist:RainbowMagician+1","theDuelist:LordD","theDuelist:InvitationDarkSleep","theDuelist:BlizzardPrincess+1","theDuelist:Yami+1","theDuelist:PurplePainOni","theDuelist:StatueAnguishPattern","theDuelist:SwordsBurning+1","theDuelist:PurplePainOni","theDuelist:IrisEarthMother+1","CurseOfTheBell","theDuelist:OrbMetronome+1","theDuelist:SangaWater+1","theDuelist:Yami+1","theDuelist:RainbowMagician+1","theDuelist:IrisEarthMother+1","theDuelist:ExodiaRL+1","theDuelist:YamiForm+1","theDuelist:IrisEarthMother"],"relics":["theDuelist:MillenniumPuzzle","theDuelist:CardPoolRelic","theDuelist:CardPoolBasicRelic","theDuelist:BoosterPackPoolRelic","theDuelist:CardPoolAddRelic","theDuelist:CardPoolMinusRelic","theDuelist:CardPoolSaveRelic","theDuelist:CardPoolOptionsRelic","theDuelist:SpellcasterOrb","theDuelist:CursedHealer","Molten Egg 2","reliquary:TuningFork","White Beast Statue","Calling Bell","infinitespire:Satchel","Frozen Egg 2","Durian","Guide Book","Enchiridion","reliquary:Stiletto","theDuelist:StoneExxod","Replay:Wanted Poster","theDuelist:CardRewardRelicI","Oddly Smooth Stone","Tingsha"],"acts_visited":["Exordium","TheCity","TheBeyond"],"potions_floor_usage":[41],"damage_taken":[{"damage":0.0,"enemies":"2 Louse","floor":1.0,"turns":5.0},{"damage":0.0,"enemies":"Small Slimes","floor":4.0,"turns":4.0},{"damage":0.0,"enemies":"Cultist","floor":5.0,"turns":4.0},{"damage":0.0,"enemies":"Exordium Thugs","floor":6.0,"turns":5.0},{"damage":10.0,"enemies":"3 Sentries","floor":8.0,"turns":6.0},{"damage":0.0,"enemies":"Replay:BlueRogue","floor":11.0,"turns":5.0},{"damage":4.0,"enemies":"Looter","floor":12.0,"turns":4.0},{"damage":11.0,"enemies":"Large Slime","floor":14.0,"turns":5.0},{"damage":25.0,"enemies":"Slime Boss","floor":16.0,"turns":6.0},{"damage":0.0,"enemies":"Chosen","floor":18.0,"turns":4.0},{"damage":50.0,"enemies":"3 Byrds","floor":21.0,"turns":6.0},{"damage":4.0,"enemies":"Centurion and Healer","floor":24.0,"turns":5.0},{"damage":1.0,"enemies":"3 Cultists","floor":27.0,"turns":5.0},{"damage":17.0,"enemies":"Sentry and Sphere","floor":29.0,"turns":3.0},{"damage":24.0,"enemies":"Slavers","floor":31.0,"turns":4.0},{"damage":25.0,"enemies":"Collector","floor":33.0,"turns":6.0},{"damage":30.0,"enemies":"3 Darklings","floor":35.0,"turns":4.0},{"damage":6.0,"enemies":"3 Shapes","floor":36.0,"turns":4.0},{"damage":22.0,"enemies":"Sphere and 2 Shapes","floor":37.0,"turns":3.0},{"damage":38.0,"enemies":"Jaw Worm Horde","floor":38.0,"turns":3.0},{"damage":0.0,"enemies":"R_Hoarder","floor":40.0,"turns":5.0},{"damage":19,"enemies":"Writhing Mass","floor":41,"turns":1}],"seed_played":"-6253668679223945274","potions_obtained":[{"floor":1.0,"key":"SkillPotion"},{"floor":5.0,"key":"Swift Potion"},{"floor":12.0,"key":"Energy Potion"},{"floor":16.0,"key":"Languid Potion"},{"floor":18.0,"key":"theDuelist:SealedPackE"},{"floor":21.0,"key":"theDuelist:BigOrbBottle"},{"floor":29.0,"key":"theDuelist:OrbBottle"},{"floor":31.0,"key":"theDuelist:CoolBottle"},{"floor":33.0,"key":"theDuelist:ExtraOrbsBottle"},{"floor":35.0,"key":"theDuelist:FireBottle"},{"floor":36.0,"key":"theDuelist:FireBottle"},{"floor":38.0,"key":"AttackPotion"},{"floor":40.0,"key":"infinitespire:BlackPotion"}],"is_trial":false,"path_per_floor":["M","?","?","M","M","M","R","E","T","R","E","M","$","M","R","B",null,"M","?","$","M","?","R","M","R","T","M","R","M","?","E","R","B",null,"M","M","M","M","$","E","M"],"character_chosen":"THE_DUELIST","items_purchased":["theDuelist:SwordsBurning","Guide Book","theDuelist:CardRewardRelicI","Oddly Smooth Stone"],"campfire_rested":2,"item_purchase_floors":[13,20,39,39],"current_hp_per_floor":[84,78,84,88,88,92,92,86,86,86,86,82,82,71,71,46,101,101,101,101,55,39,70,66,66,66,65,65,48,48,28,60,35,109,79,73,51,17,17,17,0,0],"gold":116,"neow_bonus":"ONE_RANDOM_RARE_CARD","is_daily":false,"chose_seed":false,"campfire_upgraded":5,"win_rate":0.0,"timestamp":1613341650,"path_taken":["M","?","?","M","M","M","R","E","T","R","E","?","$","M","R","BOSS","M","?","$","M","?","R","M","R","T","M","R","M","?","E","R","BOSS","M","?","M","M","$","E","M"],"items_purchased_type":["Card","Relic","Relic","Relic"],"build_version":"2020-12-22","purchased_purges":1,"victory":false,"max_hp_per_floor":[84,84,84,88,88,92,92,96,96,96,96,96,96,96,96,96,101,101,101,101,105,105,105,105,105,105,105,105,105,105,109,109,109,109,109,109,109,113,113,113,113,113],"card_choices":[{"not_picked":["theDuelist:DummyGolem","theDuelist:MillenniumGolem","theDuelist:PotForbidden","theDuelist:RainbowOverdragon"],"picked":"theDuelist:RainbowMagician","floor":1.0},{"not_picked":["theDuelist:SpellShatteringArrow","theDuelist:SangaThunder","theDuelist:FlyingSaucer","theDuelist:VoidExpansion"],"picked":"theDuelist:LordD","floor":4.0},{"not_picked":["theDuelist:SpellShatteringArrow","theDuelist:ThousandEyesIdol","theDuelist:BlueDragonSummoner","theDuelist:PowerKaishin"],"picked":"theDuelist:InvitationDarkSleep","floor":5.0},{"not_picked":["theDuelist:BlizzardWarrior","theDuelist:SangaThunder","theDuelist:InjectionFairy","theDuelist:DarkMagician"],"picked":"theDuelist:BlizzardPrincess","floor":6.0},{"not_picked":["theDuelist:MagiciansRobe","theDuelist:TimeWizard","theDuelist:WonderWand"],"picked":"theDuelist:Yami","floor":8.0},{"not_picked":["theDuelist:Sangan+1","theDuelist:GilfordLegend+1","theDuelist:FeatherPho","theDuelist:BattleOx+1"],"picked":"theDuelist:PurplePainOni","floor":11.0},{"not_picked":["theDuelist:BlizzardWarrior+1","theDuelist:WhiteMagicalHat","theDuelist:DarkMagicianGirl","theDuelist:CrystalWingDragon"],"picked":"theDuelist:StatueAnguishPattern","floor":12.0},{"not_picked":["theDuelist:CrystalWingDragon","theDuelist:BlueBloodedOni","theDuelist:GreyGreedOni","theDuelist:RedHeadedOni"],"picked":"theDuelist:PurplePainOni","floor":14.0},{"not_picked":["theDuelist:QueenDragunDjinn","theDuelist:SwordsRevealing","theDuelist:SwordsBurning","theDuelist:SangaWater+1"],"picked":"theDuelist:IrisEarthMother","floor":16.0},{"not_picked":["theDuelist:Mudora+1","theDuelist:GiantTrapHole","theDuelist:GreyGreedOni","theDuelist:PotDichotomy","theDuelist:WingedKuribohLv9"],"picked":"SKIP","floor":18.0},{"not_picked":["theDuelist:RainbowMagician+1","theDuelist:DarkPaladin+1","theDuelist:ThousandEyesRestrict"],"picked":"SKIP","floor":21.0},{"not_picked":["theDuelist:Sangan+1","theDuelist:ForbiddenChalice","theDuelist:RainbowJar+1","theDuelist:TheCreator+1"],"picked":"theDuelist:OrbMetronome","floor":24.0},{"not_picked":["theDuelist:Wildfire+1","theDuelist:DarkPaladin+1"],"picked":"theDuelist:SangaWater+1","floor":27.0},{"not_picked":["theDuelist:AltarTribute","theDuelist:FairyBox","theDuelist:Graverobber","theDuelist:IcyCrevasse","theDuelist:BadReaction+1"],"picked":"SKIP","floor":29.0},{"not_picked":["theDuelist:SpellShatteringArrow+1","theDuelist:InfernoFireBlast+1","theDuelist:ContractExodia","theDuelist:GiantTrunade"],"picked":"theDuelist:Yami+1","floor":31.0},{"not_picked":["theDuelist:RainbowDarkDragon","theDuelist:IrisEarthMother","theDuelist:RainbowKuriboh","theDuelist:RainbowOverdragon+1"],"picked":"theDuelist:RainbowMagician+1","floor":33.0},{"not_picked":["theDuelist:RainbowDarkDragon","theDuelist:RainbowMagician+1","theDuelist:RainbowKuriboh+1","theDuelist:RainbowOverdragon+1"],"picked":"theDuelist:IrisEarthMother+1","floor":35.0},{"not_picked":["theDuelist:InfernoFireBlast+1","theDuelist:IcyCrevasse","theDuelist:AlienTelepath+1","theDuelist:SangaEarth+1","theDuelist:WitchBlackRose+1"],"picked":"SKIP","floor":36.0},{"not_picked":["theDuelist:SangaThunder+1","theDuelist:DarkMagician+1","theDuelist:GeminiElf+1","theDuelist:CosmoBrain"],"picked":"theDuelist:ExodiaRL+1","floor":37.0},{"not_picked":["theDuelist:AttackTheMoon+1","theDuelist:BlueBloodedOni","theDuelist:ObeliskTormentor+1","theDuelist:PotGenerosity+1"],"picked":"theDuelist:YamiForm+1","floor":38.0},{"not_picked":["theDuelist:CrystalWingDragon","theDuelist:RainbowDarkDragon","theDuelist:RainbowMagician+1","theDuelist:QueenDragunDjinn+1"],"picked":"theDuelist:IrisEarthMother","floor":40.0}],"player_experience":176808,"relics_obtained":[{"floor":8.0,"key":"Molten Egg 2"},{"floor":9.0,"key":"reliquary:TuningFork"},{"floor":11.0,"key":"White Beast Statue"},{"floor":17.0,"key":"infinitespire:Satchel"},{"floor":17.0,"key":"Frozen Egg 2"},{"floor":17.0,"key":"Durian"},{"floor":22.0,"key":"Enchiridion"},{"floor":26.0,"key":"reliquary:Stiletto"},{"floor":31.0,"key":"theDuelist:StoneExxod"},{"floor":40.0,"key":"Tingsha"}],"event_choices":[{"damage_healed":0.0,"max_hp_gain":0.0,"max_hp_loss":0.0,"gold_gain":0.0,"event_name":"Aknamkanon\u0027s Tomb","player_choice":"Dig - random Duelist relic","duelist":true,"floor":2.0,"gold_loss":0.0,"damage_taken":0.0},{"damage_healed":0.0,"max_hp_gain":0.0,"max_hp_loss":0.0,"gold_gain":0.0,"event_name":"Tomb of the Nameless","player_choice":"Succumb - +25HP/Cursed Relic","duelist":true,"floor":3.0,"gold_loss":0.0,"damage_taken":0.0},{"damage_healed":0.0,"max_hp_gain":0.0,"max_hp_loss":0.0,"gold_gain":0.0,"event_name":"Vampires","player_choice":"Ignored","floor":19.0,"gold_loss":0.0,"damage_taken":0.0},{"damage_healed":0.0,"max_hp_gain":0.0,"max_hp_loss":0.0,"gold_gain":0.0,"event_name":"Cursed Tome","player_choice":"Obtained Book","floor":22.0,"gold_loss":0.0,"damage_taken":16.0},{"damage_healed":0.0,"max_hp_gain":0.0,"max_hp_loss":0.0,"gold_gain":0.0,"event_name":"Accursed Blacksmith","player_choice":"Forge","floor":30.0,"gold_loss":0.0,"damage_taken":0.0,"cards_upgraded":["theDuelist:BlizzardPrincess"]}],"is_beta":false,"boss_relics":[{"not_picked":["Runic Dome","Replay:Grab Bag"],"picked":"Calling Bell"},{"not_picked":["Mark of Pain","Ooze Armor"],"picked":"Replay:Wanted Poster"}],"items_purged_floors":[13],"is_endless":false,"potions_floor_spawned":[1,5,12,14,16,18,21,24,27,29,31,33,35,36,37,38,40],"killed_by":"Writhing Mass","ascension_level":0}}