{"host":"fauqrvll5t0ss0vm","time":1613297512,"event":{"mods":["2.2 Compatiblity","Act Like it!","Aspiration","Bard","BaseMod","Beaked The Cultist","Better Altar","Better Match","Better Note","Better Sensory Stone","Better Skull","Better Third Choice","Better Vampires","Card Filter","Clockwork Mod","Colored Map","Conspire","Displayed Cursed Tome","Downfall","Emptier Cage","Energized Spire","Friendly Minions","GifTheSpireLib","Glutton Mod","Gremlin Mod","Gremlin Skip","Halation","Hermit","Highlight Path","Hubris","Jorbs\u0027s Wanderer Trilogy","Mad Scientist","Marked Mod","Minty Spire (QoL Compilation)","Permanent Neow","Random Character Button","Relic Filter","Reorder Act Four","Replay The Spire","Shop Mod","Somnambulant","Spikes Relics","StSLib","Stuff the Spire","SuperFastMode","The Construct","The Cursed","The Disciple","The Elementalist","The Judge","The Juggle","The Mystic","The Runesmith","The Sage","The Servant 0.9.4","The Valiant","Trackpad","Uncapped"],"gold_per_floor":[213,13,26,26,42,42,69,80,80,115,115,115,127,145,145,219,219,232,232,247,75,91,91,107,107,132,142,142,142,172,191,241,318,318,333,379,379,399,76,105,105,105,105,105,116,133,164,56,56,56,56,56,56,56,56,56],"floor_reached":55,"language":"ENG","playtime":12543,"items_purged":["Defend_G"],"score":2124,"play_id":"50165b72-5917-4830-9cec-afcb6fe239bc","local_time":"20210214111152","is_ascension_mode":true,"campfire_choices":[{"data":"Catalyst","floor":6.0,"key":"SMITH"},{"data":"Bane","floor":12.0,"key":"SMITH"},{"data":"Terror","floor":15.0,"key":"SMITH"},{"data":"Pot Of Greed","floor":23.0,"key":"SMITH"},{"data":"Pot Of Greed","floor":25.0,"key":"SMITH"},{"floor":28.0,"key":"REST"},{"data":"Night Terror","floor":41.0,"key":"SMITH"},{"floor":44.0,"key":"RECALL"},{"data":"Burst","floor":54,"key":"SMITH"}],"circlet_count":0,"master_deck":["AscendersBane","Strike_G","Strike_G","Strike_G","Strike_G","Defend_G","Defend_G","Defend_G","Defend_G","Survivor","Neutralize","PiercingWail","conspire:PoisonWeapons+1","Predator","Hidden Blade","Catalyst+1","Flechettes","Bane+1","Flying Knee","Backflip","Terror+1","Night Terror+1","Hidden Blade","Tools of the Trade+1","StuffTheSpire:Sprint","Pot Of Greed+1","Pot Of Greed+1","Pot Of Greed+1","Deflect+1","Quick Slash+1","Burst+1","Prepared","After Image","Outmaneuver+1","Acrobatics","Dodge and Roll","StuffTheSpire:DoubleShiv+1","Backflip","Hidden Blade+1","Pot Of Greed","Finesse"],"relics":["Ring of the Snake","trackpad:CultistFigurine","trackpad:PetRock","Paper Crane","energizedSpire:DeadBattery","Grinning Jar","trackpad:Compendium","BicycleWheel","trackpad:AncestralArmaments","Archangels Feather","Replay:Bottled Flurry","StuffTheSpire:Tea","trackpad:Mousetrap"],"acts_visited":["Exordium","TheCity","TheBeyond","TheEnding"],"potions_floor_usage":[],"damage_taken":[{"damage":2.0,"enemies":"2 Louse","floor":1.0,"turns":3.0},{"damage":0.0,"enemies":"Jaw Worm","floor":3.0,"turns":4.0},{"damage":0.0,"enemies":"Small Slimes","floor":5.0,"turns":3.0},{"damage":0.0,"enemies":"Gremlin Nob","floor":7.0,"turns":2.0},{"damage":0.0,"enemies":"Looter","floor":8.0,"turns":4.0},{"damage":7.0,"enemies":"Lagavulin","floor":10.0,"turns":3.0},{"damage":4.0,"enemies":"Red Slaver","floor":13.0,"turns":3.0},{"damage":0.0,"enemies":"Gremlin Gang","floor":14.0,"turns":3.0},{"damage":0.0,"enemies":"The Guardian","floor":16.0,"turns":4.0},{"damage":11.0,"enemies":"Spheric Guardian","floor":18.0,"turns":3.0},{"damage":11.0,"enemies":"2 Thieves","floor":20.0,"turns":4.0},{"damage":8.0,"enemies":"Cultist and Chosen","floor":22.0,"turns":6.0},{"damage":2.0,"enemies":"3 Cultists","floor":24.0,"turns":5.0},{"damage":9.0,"enemies":"Centurion and Healer","floor":27.0,"turns":5.0},{"damage":11.0,"enemies":"Slavers","floor":30.0,"turns":4.0},{"damage":0.0,"enemies":"Snake Plant","floor":31.0,"turns":3.0},{"damage":18.0,"enemies":"conspire:MysteriousRune","floor":33.0,"turns":6.0},{"damage":0.0,"enemies":"3 Shapes","floor":35.0,"turns":3.0},{"damage":29.0,"enemies":"2 Orb Walkers","floor":36.0,"turns":4.0},{"damage":0.0,"enemies":"Orb Walker","floor":38.0,"turns":2.0},{"damage":3.0,"enemies":"Giant Head","floor":40.0,"turns":5.0},{"damage":13.0,"enemies":"Reptomancer","floor":42.0,"turns":2.0},{"damage":18.0,"enemies":"Jaw Worm Horde","floor":45.0,"turns":4.0},{"damage":12.0,"enemies":"Maw","floor":46.0,"turns":6.0},{"damage":25.0,"enemies":"Nemesis","floor":47.0,"turns":4.0},{"damage":8.0,"enemies":"hubris:GrandSnecko","floor":50.0,"turns":3.0},{"damage":42,"enemies":"Time Eater","floor":51,"turns":5},{"damage":69,"enemies":"Shield and Spear","floor":55,"turns":5}],"seed_played":"6055722377846696419","potions_obtained":[{"floor":5.0,"key":"champ:CounterPotion"},{"floor":7.0,"key":"ColorlessPotion"},{"floor":24.0,"key":"Dexterity Potion"},{"floor":27.0,"key":"ColorlessPotion"},{"floor":30.0,"key":"Swift Potion"},{"floor":33.0,"key":"SmokeBomb"},{"floor":46.0,"key":"Swift Potion"},{"floor":49.0,"key":"Death Potion"},{"floor":49.0,"key":"Regen Potion"}],"is_trial":false,"path_per_floor":["M","$","M","?","M","R","E","M","T","E","?","R","M","M","R_BF","B",null,"M","?","M","$","M","R","M","R","T","M","R","?","E","M","R_BF","B",null,"M","?","?","M","$","E","R","E","T","R","M","M","E","$","R_BF","B","B",null,"$","R","E"],"character_chosen":"THE_SILENT","items_purchased":["conspire:PoisonWeapons","Predator","Grinning Jar","Archangels Feather","Finesse"],"campfire_rested":1,"item_purchase_floors":[2,2,21,39,48],"current_hp_per_floor":[57,57,57,57,57,57,57,57,57,50,50,50,46,46,46,46,61,50,50,39,39,31,31,29,29,29,20,39,39,28,28,28,10,52,52,43,39,39,39,52,52,51,51,51,48,54,41,41,41,65,24,56,56,56,0,0],"gold":56,"neow_bonus":"HUNDRED_GOLD","is_daily":false,"chose_seed":false,"campfire_upgraded":7,"win_rate":0.0,"timestamp":1613297512,"path_taken":["M","$","M","?","M","R","E","M","T","E","?","R","M","M","R_BF","BOSS","M","?","M","$","M","R","M","R","T","M","R","?","E","?","R_BF","BOSS","M","?","?","M","$","E","R","E","T","R","M","M","E","$","R_BF","BOSS","BOSS","$","R","E"],"items_purchased_type":["Card","Card","Relic","Relic","Card"],"build_version":"2020-12-22","purchased_purges":1,"victory":false,"max_hp_per_floor":[66,66,66,66,66,66,66,66,66,66,66,66,66,66,66,66,66,66,66,66,66,66,66,66,66,66,66,66,66,66,66,66,66,66,66,66,66,66,66,66,66,66,66,66,66,66,66,66,66,66,66,66,66,66,66,66],"card_choices":[{"not_picked":["Prepared","Escape Plan"],"picked":"PiercingWail","floor":1.0},{"not_picked":["Underhanded Strike","Acrobatics"],"picked":"Hidden Blade","floor":3.0},{"not_picked":["Sneak Up","ReplayTheSpireMod:The Works"],"picked":"Catalyst","floor":5.0},{"not_picked":["Acrobatics","Tactician"],"picked":"Flechettes","floor":7.0},{"not_picked":["StuffTheSpire:ReptileScales","Underhanded Strike"],"picked":"Bane","floor":8.0},{"not_picked":["Flechettes","Dash"],"picked":"Flying Knee","floor":10.0},{"not_picked":["PiercingWail","StuffTheSpire:Python"],"picked":"Backflip","floor":13.0},{"not_picked":["StuffTheSpire:ReptileScales","Poisoned Stab"],"picked":"Terror","floor":14.0},{"not_picked":["Bullet Time","Tools of the Trade"],"picked":"Night Terror","floor":16.0},{"not_picked":["StuffTheSpire:MirrorStance","StuffTheSpire:BrimstoneBlast+1"],"picked":"Hidden Blade","floor":18.0},{"not_picked":["Bane","Blade Dance"],"picked":"StuffTheSpire:Sprint","floor":20.0},{"not_picked":["Flying Knee","Blade Dance+1"],"picked":"Deflect+1","floor":22.0},{"not_picked":["Toxin Wave","Draining Mist","StuffTheSpire:Injection"],"picked":"SKIP","floor":24.0},{"not_picked":["Hidden Blade","Outmaneuver"],"picked":"Quick Slash+1","floor":27.0},{"not_picked":["hubris:Sniper","Poisoned Stab"],"picked":"Burst","floor":30.0},{"not_picked":["Terror","StuffTheSpire:BumpUp"],"picked":"Prepared","floor":31.0},{"not_picked":["Night Terror","ReplayTheSpireMod:From All Sides"],"picked":"After Image","floor":33.0},{"not_picked":["conspire:DoublingDagger","Cloak And Dagger+1"],"picked":"Outmaneuver+1","floor":35.0},{"not_picked":["Dagger Spray","StuffTheSpire:Incantation"],"picked":"Acrobatics","floor":36.0},{"not_picked":["ReplayTheSpireMod:Exploit Weakness","Dodge and Roll","ReplayTheSpireMod:Scrap Shanks"],"picked":"SKIP","floor":38.0},{"not_picked":["ReplayTheSpireMod:Exploit Weakness","ReplayTheSpireMod:Scrap Shanks"],"picked":"Dodge and Roll","floor":38.0},{"not_picked":["StuffTheSpire:Injection","conspire:DoublingDagger+1","Dagger Throw"],"picked":"SKIP","floor":40.0},{"not_picked":["Heel Hook","Blade Dance"],"picked":"StuffTheSpire:DoubleShiv+1","floor":45.0},{"not_picked":["StuffTheSpire:BrimstoneBlast","ReplayTheSpireMod:The Works"],"picked":"Backflip","floor":46.0},{"not_picked":["conspire:DoublingDagger+1","Predator+1"],"picked":"Hidden Blade+1","floor":47.0}],"player_experience":7473667,"relics_obtained":[{"floor":7.0,"key":"trackpad:CultistFigurine"},{"floor":9.0,"key":"trackpad:PetRock"},{"floor":10.0,"key":"Paper Crane"},{"floor":30.0,"key":"trackpad:Compendium"},{"floor":36.0,"key":"trackpad:AncestralArmaments"},{"floor":40.0,"key":"Replay:Bottled Flurry"},{"floor":43.0,"key":"StuffTheSpire:Tea"},{"floor":47.0,"key":"trackpad:Mousetrap"}],"event_choices":[{"cards_removed":["Terror"],"damage_healed":0.0,"max_hp_gain":0.0,"max_hp_loss":0.0,"gold_gain":0.0,"event_name":"betterNote:BetterNote","player_choice":"Take \u0026 Give","floor":19.0,"gold_loss":0.0,"damage_taken":0.0,"cards_obtained":["Tools of the Trade"]},{"damage_healed":0.0,"max_hp_gain":0.0,"max_hp_loss":0.0,"gold_gain":0.0,"event_name":"Accursed Blacksmith","player_choice":"Forge","floor":29.0,"gold_loss":0.0,"damage_taken":0.0,"cards_upgraded":["Pot Of Greed"]},{"damage_healed":0.0,"max_hp_gain":0.0,"max_hp_loss":0.0,"gold_gain":50.0,"event_name":"Golden Shrine","player_choice":"Pray","floor":32.0,"gold_loss":0.0,"damage_taken":0.0},{"damage_healed":0.0,"max_hp_gain":0.0,"max_hp_loss":0.0,"gold_gain":0.0,"event_name":"Mysterious Sphere","player_choice":"Fight","floor":36.0,"gold_loss":0.0,"damage_taken":0.0},{"damage_healed":0.0,"max_hp_gain":0.0,"max_hp_loss":0.0,"gold_gain":0.0,"event_name":"conspire:Investor","player_choice":"Leave","floor":37.0,"gold_loss":0.0,"damage_taken":0.0}],"is_beta":false,"boss_relics":[{"not_picked":["Black Star","Replay:Wanted Poster"],"picked":"energizedSpire:DeadBattery"},{"not_picked":["aspiration:KaomsHeart","Snecko Scales"],"picked":"BicycleWheel"}],"items_purged_floors":[2],"is_endless":false,"potions_floor_spawned":[5,7,8,10,24,27,30,33,42,46],"killed_by":"Shield and Spear","ascension_level":20}}