{"host":"2p3jwbtacxwf1d73","time":1613339924,"event":{"mods":["BaseMod","Colored Powertips","Hermit","Hubris","Minty Spire (QoL Compilation)","Potionbrewer","Quick Restart","Reliquary","Small Relic Pack","StSLib","The Cursed","The Death Knight","The Gatherer","The Hierophant","The Necromancer","The Servant 0.9.4"],"gold_per_floor":[115,41,55,55,67,97,113,147,173,173,173,191,191,10,10,109,109,125,138,138,138,138,171,181,181,181,181,181,196,32,86,86,183,183,196,196,0,16,16,51,51,71,71,86,119,129,129,139,139,139],"floor_reached":51,"language":"ENG","playtime":2436,"items_purged":["Parasite"],"score":989,"play_id":"bf064b88-e6ef-4914-b8b1-bca531aa3e94","local_time":"20210214155844","daily_mods":["SealedDeck","Heirloom"],"is_ascension_mode":false,"campfire_choices":[{"floor":10,"key":"REST"},{"floor":15,"key":"REST"},{"floor":25,"key":"REST"},{"floor":27,"key":"REST"},{"floor":32,"key":"REST"},{"floor":41,"key":"REST"},{"data":"DeathKnight:FrosPresence","floor":47,"key":"SMITH"},{"floor":49,"key":"REST"}],"circlet_count":0,"master_deck":["DeathKnight:PlagueStrike","DeathKnight:BoneSpear","DeathKnight:Runeguard","DeathKnight:DreadStrike","DeathKnight:DeathAndDecay","DeathKnight:DeathRune","DeathKnight:IceboundArmor","DeathKnight:PathOfFrost+1","DeathKnight:HowlingBlast","DeathKnight:RuneShock","DeathKnight:HowlingBlast","DeathKnight:DeathsAdvance","DeathKnight:FrosPresence+1","DeathKnight:Razorice","DeathKnight:Razorice","DeathKnight:PathOfFrost","DeathKnight:FrosPresence+1","DeathKnight:IcyTouch","DeathKnight:SindragosasBreath","TheCursedMod:Dregs","DeathKnight:UnholyExperiment+1","DeathKnight:Lichborne+1","DeathKnight:Hemostasis+1","Parasite","DeathKnight:BladedArmor+1","hubris:Compulsion","DeathKnight:GargoyleSkin+1","DeathKnight:MindFreeze+1","DeathKnight:Runesurge+1","DeathKnight:UnholyPresence+1","DeathKnight:MutagenicPlague+1"],"relics":["DeathKnight:BrokenRuneblade","Prayer Wheel","relicPack:OneForAll","hubris:DeckOfHolding","Incense Burner","Lantern","reliquary:BallBearing","Membership Card","Cursed Key","hubris:Icosahedron","Bottled Lightning","Ice Cream","Nilry\u0027s Codex","DeathKnight:TomeOfFrostSpecialization","reliquary:RoseTintedGlasses","relicPack:ShieldShield","Red Mask","Art of War","reliquary:Buckler","Toxic Egg 2"],"acts_visited":["Exordium","TheCity","TheBeyond"],"potions_floor_usage":[6,8,8,8,16,20,22,33,33,38,40,42,44,45,45,45,45,45,50,50],"damage_taken":[{"damage":4,"enemies":"Jaw Worm","floor":1,"turns":2},{"damage":0,"enemies":"2 Louse","floor":3,"turns":1},{"damage":4,"enemies":"Cultist","floor":5,"turns":2},{"damage":18,"enemies":"Gremlin Nob","floor":6,"turns":3},{"damage":4,"enemies":"Large Slime","floor":7,"turns":3},{"damage":6,"enemies":"Lagavulin","floor":8,"turns":4},{"damage":4,"enemies":"Exordium Wildlife","floor":12,"turns":3},{"damage":9,"enemies":"Slime Boss","floor":16,"turns":8},{"damage":4,"enemies":"Shell Parasite","floor":18,"turns":4},{"damage":4,"enemies":"3 Byrds","floor":19,"turns":2},{"damage":0,"enemies":"Snake Plant","floor":20,"turns":1},{"damage":0,"enemies":"Snecko","floor":22,"turns":1},{"damage":22,"enemies":"Gremlin Leader","floor":23,"turns":5},{"damage":34,"enemies":"Shelled Parasite and Fungi","floor":24,"turns":5},{"damage":4,"enemies":"Cultist and Chosen","floor":29,"turns":4},{"damage":28,"enemies":"hubris:MusketHawk","floor":33,"turns":9},{"damage":11,"enemies":"Orb Walker","floor":35,"turns":3},{"damage":0,"enemies":"3 Darklings","floor":38,"turns":4},{"damage":3,"enemies":"Nemesis","floor":40,"turns":4},{"damage":0,"enemies":"Writhing Mass","floor":42,"turns":4},{"damage":0,"enemies":"4 Shapes","floor":44,"turns":4},{"damage":0,"enemies":"Reptomancer","floor":45,"turns":4},{"damage":0,"enemies":"3 Darklings","floor":46,"turns":4},{"damage":28,"enemies":"Jaw Worm Horde","floor":48,"turns":5},{"damage":0,"enemies":"Donu and Deca","floor":50,"turns":5}],"seed_played":"2196224690916270618","potions_obtained":[{"floor":1,"key":"AttackPotion"},{"floor":6,"key":"PowerPotion"},{"floor":16,"key":"SmokeBomb"},{"floor":29,"key":"potionbrewer:BarricadePotion"},{"floor":33,"key":"BlessingOfTheForge"}],"is_trial":true,"path_per_floor":["M","$","M","?","M","E","M","E","T","R","T","M","?","$","R","B",null,"M","M","M","?","M","E","M","R","T","R","?","M","$","T","R","B",null,"M","?","?","M","$","E","R","M","T","M","E","M","R","M","R","B",null],"character_chosen":"DEATH_KNIGHT","items_purchased":["potionbrewer:SplittingPotion","Membership Card","PowerPotion","DeathKnight:TomeOfFrostSpecialization"],"campfire_rested":7,"item_purchase_floors":[2,14,14,30],"current_hp_per_floor":[71,71,71,71,67,49,45,39,39,61,61,57,57,57,75,66,75,71,67,67,67,67,45,11,33,33,55,39,35,35,35,56,28,72,61,61,61,61,61,58,72,72,72,72,72,72,72,44,65,65],"gold":139,"neow_bonus":"","is_daily":false,"chose_seed":false,"campfire_upgraded":1,"win_rate":0.0,"timestamp":1613339924,"path_taken":["M","$","M","?","M","E","M","E","T","R","?","M","?","$","R","BOSS","M","M","?","?","M","E","M","R","T","R","?","M","$","?","R","BOSS","M","?","?","M","?","E","R","M","T","M","E","M","R","M","R","BOSS"],"items_purchased_type":["Potion","Relic","Potion","Relic"],"build_version":"2020-12-22","purchased_purges":1,"victory":true,"max_hp_per_floor":[75,75,75,75,75,75,75,75,75,75,75,75,75,75,75,75,75,75,75,75,75,75,75,75,75,75,75,75,75,72,72,72,72,72,72,72,72,72,72,72,72,72,72,72,72,72,72,72,72,72],"card_choices":[{"not_picked":["DeathKnight:HartStrike","DeathKnight:MutagenicPlague"],"picked":"DeathKnight:RuneShock","floor":1},{"not_picked":["DeathKnight:BladedArmor","DeathKnight:DeathAndDecay","DeathKnight:Hemostasis"],"picked":"SKIP","floor":1},{"not_picked":["DeathKnight:Parry","DeathKnight:Rot"],"picked":"DeathKnight:HowlingBlast","floor":3},{"not_picked":["DeathKnight:RuneShock","DeathKnight:GargoyleSkin","DeathKnight:Rot"],"picked":"SKIP","floor":3},{"not_picked":["DeathKnight:DancingRuneblade","DeathKnight:GargoyleSkin","DeathKnight:BloodBoil"],"picked":"SKIP","floor":5},{"not_picked":["DeathKnight:Rot","DeathKnight:Hysteria","DeathKnight:HartStrike"],"picked":"SKIP","floor":5},{"not_picked":["DeathKnight:HartStrike","DeathKnight:DeathCoil"],"picked":"DeathKnight:DeathsAdvance","floor":6},{"not_picked":["DeathKnight:DeathAndDecay","DeathKnight:GargoyleSkin","DeathKnight:BloodBoil"],"picked":"SKIP","floor":7},{"not_picked":["DeathKnight:RaiseAlly","DeathKnight:ScourgeStrike","DeathKnight:Frostscythe"],"picked":"SKIP","floor":7},{"not_picked":["DeathKnight:UnholyFrenzy","DeathKnight:BludPresence"],"picked":"DeathKnight:FrosPresence","floor":8},{"not_picked":["DeathKnight:UnholyAssault","DeathKnight:Hysteria","DeathKnight:DancingRuneblade"],"picked":"SKIP","floor":12},{"not_picked":["DeathKnight:ShatteringStrikes","DeathKnight:DreadStrike","DeathKnight:Pestilence"],"picked":"SKIP","floor":12},{"not_picked":["DeathKnight:VampiricBlood","DeathKnight:Frostscythe"],"picked":"DeathKnight:Razorice","floor":16},{"not_picked":["DeathKnight:RaiseAlly","DeathKnight:DeathAndDecay"],"picked":"DeathKnight:Razorice","floor":18},{"not_picked":["DeathKnight:BloodStrike+1","DeathKnight:BoneSpear","DeathKnight:IceboundArmor"],"picked":"SKIP","floor":18},{"not_picked":["DeathKnight:BoneSpear","DeathKnight:BladedArmor+1"],"picked":"DeathKnight:PathOfFrost","floor":19},{"not_picked":["DeathKnight:RuneShock","DeathKnight:BloodTap","DeathKnight:DeathCoil"],"picked":"SKIP","floor":19},{"not_picked":["DeathKnight:MindFreeze","DeathKnight:RuneShock"],"picked":"DeathKnight:FrosPresence+1","floor":23},{"not_picked":["DeathKnight:ChainsOfIce","DeathKnight:UnholyAssault"],"picked":"DeathKnight:IcyTouch","floor":24},{"not_picked":["DeathKnight:Pestilence+1","DeathKnight:UnholyPresence","DeathKnight:HornOfWinter"],"picked":"SKIP","floor":24},{"not_picked":["DeathKnight:RaiseAlly+1","DeathKnight:DeathAndDecay"],"picked":"DeathKnight:SindragosasBreath","floor":29},{"not_picked":["DeathKnight:UnholyFrenzy+1","DeathKnight:Parry+1","DeathKnight:AntiMagicShell"],"picked":"SKIP","floor":29},{"not_picked":["DeathKnight:SindragosasBreath+1","DeathKnight:Simulacrum"],"picked":"DeathKnight:UnholyExperiment","floor":33},{"not_picked":["DeathKnight:PlagueStrike","DeathKnight:UnholyPresence"],"picked":"DeathKnight:Lichborne+1","floor":35},{"not_picked":["DeathKnight:BloodBoil+1","DeathKnight:RaiseAlly+1","DeathKnight:BladedArmor"],"picked":"SKIP","floor":35},{"not_picked":["DeathKnight:UnholyExperiment","DeathKnight:PillarOfFrost"],"picked":"DeathKnight:Hemostasis+1","floor":38},{"not_picked":["DeathKnight:RaiseAlly","DeathKnight:UnholyPresence+1","DeathKnight:RuneShock"],"picked":"SKIP","floor":38},{"not_picked":["DeathKnight:DeathRune","DeathKnight:UnholyAssault","DeathKnight:MutagenicPlague+1"],"picked":"SKIP","floor":40},{"not_picked":["DeathKnight:BloodTap+1","DeathKnight:RunicCorruption+1"],"picked":"DeathKnight:BladedArmor+1","floor":42},{"not_picked":["DeathKnight:BludPresence+1","DeathKnight:DeathAndDecay","DeathKnight:HornOfWinter+1"],"picked":"SKIP","floor":42},{"not_picked":["DeathKnight:Ossuary","DeathKnight:BloodPact"],"picked":"DeathKnight:GargoyleSkin+1","floor":44},{"not_picked":["DeathKnight:BloodTap+1","DeathKnight:HowlingBlast+1"],"picked":"DeathKnight:MindFreeze+1","floor":44},{"not_picked":["DeathKnight:DancingRuneblade+1","DeathKnight:HornOfWinter+1","DeathKnight:HowlingBlast+1"],"picked":"SKIP","floor":45},{"not_picked":["DeathKnight:ShatteringStrikes","DeathKnight:IceboundArmor+1"],"picked":"DeathKnight:Runesurge+1","floor":46},{"not_picked":["DeathKnight:Pestilence+1","DeathKnight:DeathCoil+1"],"picked":"DeathKnight:UnholyPresence+1","floor":46},{"not_picked":["DeathKnight:WraithWalk+1","DeathKnight:PillarOfFrost+1"],"picked":"DeathKnight:MutagenicPlague+1","floor":48},{"not_picked":["DeathKnight:Parry+1","DeathKnight:FesteringStrike+1","DeathKnight:DeathAndDecay"],"picked":"SKIP","floor":48}],"player_experience":475527,"relics_obtained":[{"floor":6,"key":"hubris:DeckOfHolding"},{"floor":8,"key":"Incense Burner"},{"floor":9,"key":"Lantern"},{"floor":11,"key":"reliquary:BallBearing"},{"floor":23,"key":"Bottled Lightning"},{"floor":26,"key":"Ice Cream"},{"floor":28,"key":"Nilry\u0027s Codex"},{"floor":31,"key":"reliquary:RoseTintedGlasses"},{"floor":40,"key":"Art of War"},{"floor":43,"key":"reliquary:Buckler"},{"floor":45,"key":"Toxic Egg 2"}],"event_choices":[{"damage_healed":0,"gold_gain":0,"player_choice":"Leave","damage_taken":0,"max_hp_gain":0,"max_hp_loss":0,"event_name":"FaceTrader","floor":13,"gold_loss":0},{"damage_healed":0,"gold_gain":0,"player_choice":"Obtained Book","damage_taken":16,"max_hp_gain":0,"max_hp_loss":0,"event_name":"Cursed Tome","floor":28,"gold_loss":0},{"cards_removed":["DeathKnight:BoneSpear"],"damage_healed":0,"gold_gain":0,"player_choice":"Removed Attack","damage_taken":0,"max_hp_gain":0,"max_hp_loss":0,"event_name":"Falling","floor":36,"gold_loss":0},{"damage_healed":0,"gold_gain":0,"player_choice":"Paid","damage_taken":0,"relics_obtained":["Red Mask"],"max_hp_gain":0,"max_hp_loss":0,"event_name":"Tomb of Lord Red Mask","floor":37,"gold_loss":196}],"is_beta":false,"boss_relics":[{"not_picked":["reliquary:Craggleroot","DeathKnight:ScourgeInsignia"],"picked":"Cursed Key"},{"not_picked":["Black Star","Runic Pyramid"],"picked":"relicPack:ShieldShield"}],"items_purged_floors":[30],"is_endless":false,"potions_floor_spawned":[1,6,16,20,22,29,33,38,40,42],"ascension_level":0}}