{"host":"tia00321x3ndnwo4","time":1613320153,"event":{"mods":["2.2 Compatiblity","BaseMod","Bestiary","Colored Map","Colored Powertips","Curses Come First","Downfall","Highlight Path","Minty Spire (QoL Compilation)","Relic Stats","Slay the Relics Exporter","StSLib","SuperFastMode"],"gold_per_floor":[99,115,129,41,61,93,93,108,118,118,153,169,183,218,236,236,236,236],"floor_reached":16,"language":"ENG","playtime":684,"items_purged":[],"score":132,"play_id":"2121f585-57a8-495a-b57d-032c397cf90f","local_time":"20210214082913","is_ascension_mode":true,"campfire_choices":[{"data":"Panache","floor":1,"key":"SMITH"},{"data":"bronze:InfiniteBeams","floor":10,"key":"SMITH"}],"circlet_count":0,"master_deck":["bronze:Strike","bronze:Strike","bronze:Strike","bronze:Strike","bronze:Defend","bronze:Defend","bronze:Defend","bronze:Defend","bronze:Replicate","bronze:Goto","Panache+1","bronze:WhirlingStrike","bronze:DelayedGuard","bronze:InfiniteBeams","bronze:InfiniteBeams+1","bronze:Hardcode","bronze:Branch","bronze:Iterate","bronze:FineTuning","bronze:Separator","bronze:Turbo","bronze:ChosenStrike","bronze:Shield"],"relics":["bronze:BronzeCore","Ornamental Fan","Matryoshka","Omamori","Prayer Wheel"],"acts_visited":["Exordium"],"potions_floor_usage":[6,6,9,14,16],"damage_taken":[{"damage":1,"enemies":"Cultist","floor":2,"turns":4},{"damage":0,"enemies":"Small Slimes","floor":3,"turns":3},{"damage":5,"enemies":"downfall:FleeingMerchant","floor":4,"turns":4},{"damage":0,"enemies":"2 Louse","floor":5,"turns":2},{"damage":1,"enemies":"Lagavulin","floor":6,"turns":4},{"damage":1,"enemies":"2 Fungi Beasts","floor":8,"turns":3},{"damage":9,"enemies":"Exordium Wildlife","floor":9,"turns":5},{"damage":9,"enemies":"3 Sentries","floor":11,"turns":3},{"damage":14,"enemies":"Lots of Slimes","floor":12,"turns":2},{"damage":4,"enemies":"3 Louse","floor":13,"turns":4},{"damage":7,"enemies":"Lagavulin","floor":14,"turns":6},{"damage":0,"enemies":"Large Slime","floor":15,"turns":4},{"damage":14,"enemies":"DF_ARCHETYPE_STREAMLINE","floor":16,"turns":4}],"seed_played":"-7406300722785891649","potions_obtained":[{"floor":3,"key":"Slimebound:ThreeZeroPotion"},{"floor":5,"key":"DistilledChaos"},{"floor":6,"key":"EssenceOfSteel"},{"floor":12,"key":"bronze:CleanCodePotion"},{"floor":13,"key":"ColorlessPotion"},{"floor":14,"key":"ColorlessPotion"}],"is_trial":false,"path_per_floor":["R","M","M","$","M","E","T","M","M","R","E","M","M","E","M","B"],"character_chosen":"THE_AUTOMATON","items_purchased":["bronze:InfiniteBeams"],"campfire_rested":0,"item_purchase_floors":[4],"current_hp_per_floor":[63,62,62,57,57,56,56,55,46,46,37,23,19,12,12,0,0,0],"gold":236,"neow_bonus":"RANDOM_COLORLESS_2","is_daily":false,"chose_seed":false,"campfire_upgraded":2,"win_rate":0.0,"timestamp":1613320153,"path_taken":["R","M","M","$","M","E","T","M","M","R","E","M","?","E","M","BOSS"],"items_purchased_type":["Card"],"build_version":"2020-12-22","purchased_purges":0,"victory":false,"max_hp_per_floor":[63,63,63,63,63,63,63,63,63,63,63,63,63,63,63,63,63,63],"relic_stats":{"counters":[13,48],"Ornamental Fan":[64],"Prayer Wheel":1,"obtain_stats":[{"bronze:BronzeCore":0,"Matryoshka":7,"Ornamental Fan":6,"Prayer Wheel":14,"Omamori":11},{"bronze:BronzeCore":0,"Matryoshka":5,"Ornamental Fan":5,"Prayer Wheel":11,"Omamori":8},{"bronze:BronzeCore":0,"Matryoshka":17,"Ornamental Fan":17,"Prayer Wheel":40,"Omamori":28}]},"card_choices":[{"not_picked":["Apotheosis","Thinking Ahead"],"picked":"Panache","floor":0},{"not_picked":["bronze:DelayedGuard","bronze:FineTuning"],"picked":"bronze:WhirlingStrike","floor":2},{"not_picked":["bronze:DigitalCarnage","bronze:BugBarrage"],"picked":"bronze:DelayedGuard","floor":3},{"not_picked":["bronze:ClassDefault","bronze:BuggyMess","bronze:ForLoop"],"picked":"SKIP","floor":4},{"not_picked":["bronze:Overheat","bronze:ForLoop"],"picked":"bronze:InfiniteBeams","floor":5},{"not_picked":["bronze:Shield","bronze:Frontload","bronze:DelayedGuard"],"picked":"SKIP","floor":6},{"not_picked":["bronze:BitShift","bronze:BuggyMess"],"picked":"bronze:Hardcode","floor":8},{"not_picked":["bronze:ClassDefault","bronze:WildBeam"],"picked":"bronze:Branch","floor":9},{"not_picked":["bronze:FollowUp","bronze:Allocate"],"picked":"bronze:Iterate","floor":11},{"not_picked":["bronze:Iterate","bronze:Shield"],"picked":"bronze:FineTuning","floor":12},{"not_picked":["bronze:Deprecate","bronze:BuggyMess"],"picked":"bronze:Separator","floor":13},{"not_picked":["bronze:Separator","bronze:BuggyMess"],"picked":"bronze:Turbo","floor":14},{"not_picked":["bronze:FineTuning","bronze:ForceShield"],"picked":"bronze:ChosenStrike","floor":15},{"not_picked":["bronze:WildBeam","bronze:Separator"],"picked":"bronze:Shield","floor":15}],"player_experience":205307,"relics_obtained":[{"floor":6,"key":"Ornamental Fan"},{"floor":7,"key":"Matryoshka"},{"floor":11,"key":"Omamori"},{"floor":14,"key":"Prayer Wheel"}],"event_choices":[],"is_beta":false,"boss_relics":[],"items_purged_floors":[],"is_endless":false,"potions_floor_spawned":[3,5,6,12,13,14],"killed_by":"DF_ARCHETYPE_STREAMLINE","ascension_level":1}}