{"host":"96dqtlax74dz00hw","time":1613283987,"event":{"mods":["Bard","BaseMod","Better Altar","ChefMod","Colored Powertips","Downfall","Hermit","Minty Spire (QoL Compilation)","Permanent Neow","Rare Cards Sparkle","StSLib","The Cursed","The Disciple","The Edgeheg","The IronCluck","The Problem Sleuth"],"gold_per_floor":[20,120,135,135,148,148,175,187,225,251,290,320,332,364,376,388,388],"floor_reached":16,"language":"ENG","playtime":1135,"items_purged":[],"score":137,"play_id":"3ae6cac2-556c-4046-a6d5-a979de078f0e","local_time":"20210213222627","is_ascension_mode":false,"campfire_choices":[{"data":"hermit:Defend_Hermit","floor":6,"key":"SMITH"},{"data":"hermit:Gestalt","floor":8,"key":"SMITH"},{"data":"hermit:Feint","floor":15,"key":"SMITH"}],"circlet_count":0,"master_deck":["hermit:Strike_Hermit","hermit:Strike_Hermit","hermit:Strike_Hermit","hermit:Strike_Hermit","hermit:Defend_Hermit","hermit:Defend_Hermit","hermit:Defend_Hermit+1","hermit:Snapshot","hermit:Covet","hermit:Enervate","hermit:Headshot","hermit:Gestalt+1","hermit:Feint","hermit:Feint+1","hermit:Feint"],"relics":["hermit:Momento","MawBank","Strawberry","Question Card"],"acts_visited":["Exordium"],"potions_floor_usage":[7,7,16,16],"damage_taken":[{"damage":6,"enemies":"Jaw Worm","floor":1,"turns":3},{"damage":5,"enemies":"Cultist","floor":3,"turns":4},{"damage":0,"enemies":"2 Louse","floor":5,"turns":2},{"damage":12,"enemies":"3 Sentries","floor":7,"turns":5},{"damage":2,"enemies":"Large Slime","floor":10,"turns":5},{"damage":16,"enemies":"Lagavulin","floor":11,"turns":8},{"damage":0,"enemies":"Lots of Slimes","floor":12,"turns":4},{"damage":8,"enemies":"Blue Slaver","floor":14,"turns":4},{"damage":48,"enemies":"Hexaghost","floor":16,"turns":14}],"seed_played":"9144357511339494258","potions_obtained":[{"floor":1,"key":"AttackPotion"},{"floor":3,"key":"Swift Potion"},{"floor":10,"key":"Dexterity Potion"},{"floor":11,"key":"GamblersBrew"}],"is_trial":false,"path_per_floor":["M","?","M","?","M","R","E","R","T","M","E","M","?","M","R","B"],"character_chosen":"HERMIT","items_purchased":[],"campfire_rested":0,"item_purchase_floors":[],"current_hp_per_floor":[83,83,78,78,78,78,66,66,73,71,55,55,48,40,40,0,0],"gold":388,"neow_bonus":"TWENTY_PERCENT_HP_BONUS","is_daily":false,"chose_seed":false,"campfire_upgraded":3,"win_rate":0.0,"timestamp":1613283987,"path_taken":["M","?","?","?","?","R","E","R","T","M","E","M","?","M","R","BOSS"],"items_purchased_type":[],"build_version":"2020-12-22","purchased_purges":0,"victory":false,"max_hp_per_floor":[89,89,89,89,89,89,89,89,96,96,96,96,96,96,96,96,96],"card_choices":[{"not_picked":["hermit:BodyArmor","hermit:PistolWhip"],"picked":"hermit:Enervate","floor":1},{"not_picked":["hermit:Desperado","hermit:Coalescence","hermit:Malice"],"picked":"SKIP","floor":3},{"not_picked":["hermit:Glare","hermit:Midnight"],"picked":"hermit:Headshot","floor":5},{"not_picked":["hermit:ItchyTrigger","hermit:Malice"],"picked":"hermit:Gestalt","floor":7},{"not_picked":["hermit:NoHoldsBarred","hermit:Glare"],"picked":"hermit:Feint","floor":10},{"not_picked":["hermit:Determination","hermit:Dissolve"],"picked":"hermit:Feint","floor":11},{"not_picked":["hermit:Desperado","hermit:Midnight","hermit:Headshot"],"picked":"hermit:Feint","floor":12},{"not_picked":["hermit:ItchyTrigger","hermit:Cheat","hermit:Malice","hermit:Coalescence"],"picked":"SKIP","floor":14}],"player_experience":917683,"relics_obtained":[{"floor":7,"key":"MawBank"},{"floor":9,"key":"Strawberry"},{"floor":11,"key":"Question Card"}],"event_choices":[{"damage_healed":0,"gold_gain":100,"player_choice":"Gold","damage_taken":0,"max_hp_gain":0,"max_hp_loss":0,"event_name":"Wheel of Change","floor":2,"gold_loss":0},{"damage_healed":0,"gold_gain":0,"player_choice":"0 cards matched","damage_taken":0,"max_hp_gain":0,"max_hp_loss":0,"event_name":"Match and Keep!","floor":4,"gold_loss":0,"cards_obtained":[]},{"cards_removed":["hermit:Defend_Hermit"],"damage_healed":0,"gold_gain":0,"player_choice":"Card Removal","damage_taken":7,"max_hp_gain":0,"max_hp_loss":0,"event_name":"Golden Wing","floor":13,"gold_loss":0}],"is_beta":false,"boss_relics":[],"items_purged_floors":[],"is_endless":false,"potions_floor_spawned":[1,3,10,11],"killed_by":"Hexaghost","ascension_level":0}}