{"host":"onfdonezo2qmaex3","time":1613295728,"event":{"mods":["2.2 Compatiblity","AchievementEnabler","Act Like it!","Aspiration","BaseMod","Colored Powertips","Downfall","Friendly Minions","Gensokyo","Hallownest","Hermit","Highlight Path","Jorbs\u0027s Wanderer Trilogy","Marisa????????","Marked Mod","Minty Spire (QoL Compilation)","Quick Restart","Reliquary","Shop Mod","StSLib","The Disciple","The Hayseed","The Hierophant","The Marked","The Runesmith"],"gold_per_floor":[113,113,47,47,64,64,10,10,10,36,36],"floor_reached":10,"language":"ENG","playtime":196,"items_purged":[],"score":101,"play_id":"79ba25f4-785f-431a-b3a4-b36a20521089","local_time":"20210214104208","is_ascension_mode":true,"campfire_choices":[{"floor":6,"key":"DIG"},{"data":"Zap","floor":8,"key":"SMITH"}],"circlet_count":0,"master_deck":["Strike_B","Defend_B","Defend_B","Defend_B","Defend_B","Zap+1","Dualcast","Gensokyo:MysteriousEgg","Endless Agony","Glass Knife","Dash","Redo"],"relics":["Cracked Core","NeowsBlessing","Shovel","Letter Opener","Incense Burner","aspiration:FrozenJewel"],"acts_visited":["Gensokyo:Gensokyo"],"potions_floor_usage":[],"damage_taken":[{"damage":0,"enemies":"Gensokyo:Gryphon","floor":1,"turns":1},{"damage":0,"enemies":"Gensokyo:3_Fairies","floor":5,"turns":1},{"damage":0,"enemies":"Gensokyo:Cirno","floor":10,"turns":2}],"seed_played":"3444634748511749042","potions_obtained":[{"floor":5,"key":"bronze:BurnAndBuffPotion"},{"floor":10,"key":"ColorlessPotion"}],"is_trial":false,"path_per_floor":["M","?","COS","?","M","R","$","R","T","E"],"character_chosen":"DEFECT","items_purchased":["Redo"],"campfire_rested":0,"item_purchase_floors":[7],"current_hp_per_floor":[75,60,60,60,60,60,60,60,60,60,60],"gold":36,"neow_bonus":"THREE_ENEMY_KILL","is_daily":false,"chose_seed":false,"campfire_upgraded":1,"win_rate":0.0,"timestamp":1613295728,"path_taken":["M","?","COS","?","?","R","?","R","T","E"],"items_purchased_type":["Card"],"build_version":"2020-12-22","purchased_purges":0,"victory":false,"max_hp_per_floor":[75,75,75,75,75,75,75,75,75,75,75],"card_choices":[{"not_picked":["Go for the Eyes","Hologram","Streamline"],"picked":"SKIP","floor":1},{"not_picked":["Steam","Stack","Compile Driver"],"picked":"SKIP","floor":5},{"not_picked":["Steam Power","Thunder Strike","Undo"],"picked":"SKIP","floor":10}],"player_experience":183436,"relics_obtained":[{"floor":6,"key":"Letter Opener"},{"floor":9,"key":"Incense Burner"},{"floor":10,"key":"aspiration:FrozenJewel"}],"event_choices":[],"is_beta":false,"boss_relics":[],"items_purged_floors":[],"is_endless":false,"potions_floor_spawned":[5,10],"killed_by":"Gensokyo:Cirno","ascension_level":3}}