{"host":"yx5rao87132cy5xq","time":1613304796,"event":{"mods":["2.2 Compatiblity","AchievementEnabler","BaseMod","Bestiary","Colored Map","Colored Powertips","Minty Spire (QoL Compilation)","Quick Restart","Relic Stats","Slay-I","SuperFastMode"],"gold_per_floor":[112,125,136,136,136,136,175,175,175,175,211,229,14,49,49,140,140,156,156,156,156,177,177,177],"floor_reached":23,"language":"ENG","playtime":3340,"items_purged":["Strike_R"],"score":393,"play_id":"51cee4da-e3c3-4784-abd3-14bb1cdd3714","local_time":"20210214131316","is_ascension_mode":true,"campfire_choices":[{"data":"Rampage","floor":6,"key":"SMITH"},{"data":"Wild Strike","floor":8,"key":"SMITH"},{"floor":10,"key":"REST"},{"data":"Whirlwind","floor":15,"key":"SMITH"}],"circlet_count":0,"master_deck":["AscendersBane","Strike_R+1","Defend_R+1","Defend_R+1","Defend_R+1","Defend_R+1","Bash","Anger","Rage","Rampage+1","Wild Strike+1","True Grit","Whirlwind+1","Shrug It Off","Feel No Pain","Spot Weakness","Corruption","Iron Wave","RitualDagger","Offering","Demon Form"],"relics":["Burning Blood","Golden Idol","Bottled Flame","Mercury Hourglass","Oddly Smooth Stone","Paper Frog","Cursed Key"],"acts_visited":["Exordium","TheCity"],"potions_floor_usage":[14,14,16],"damage_taken":[{"damage":19,"enemies":"Jaw Worm","floor":1,"turns":4},{"damage":2,"enemies":"2 Louse","floor":2,"turns":4},{"damage":10,"enemies":"Small Slimes","floor":3,"turns":4},{"damage":31,"enemies":"Gremlin Nob","floor":7,"turns":4},{"damage":30,"enemies":"Lagavulin","floor":11,"turns":5},{"damage":1,"enemies":"3 Louse","floor":12,"turns":3},{"damage":1,"enemies":"3 Sentries","floor":14,"turns":4},{"damage":37,"enemies":"Hexaghost","floor":16,"turns":11},{"damage":11,"enemies":"3 Byrds","floor":18,"turns":4},{"damage":18,"enemies":"Chosen","floor":22,"turns":5},{"damage":34,"enemies":"Book of Stabbing","floor":23,"turns":5}],"seed_played":"5863836974869908742","potions_obtained":[{"floor":7,"key":"Strength Potion"},{"floor":11,"key":"PowerPotion"},{"floor":14,"key":"ColorlessPotion"},{"floor":16,"key":"Explosive Potion"}],"is_trial":false,"path_per_floor":["M","M","M","?","?","R","E","R","T","R","E","M","$","E","R","B",null,"M","?","?","?","M","E"],"character_chosen":"IRONCLAD","items_purchased":["Shrug It Off","Feel No Pain"],"campfire_rested":1,"item_purchase_floors":[13,13],"current_hp_per_floor":[62,66,62,55,55,55,30,30,30,52,28,33,33,38,38,7,57,52,46,46,46,34,0,0],"gold":177,"neow_bonus":"TEN_PERCENT_HP_BONUS","is_daily":false,"chose_seed":false,"campfire_upgraded":3,"win_rate":0.0,"timestamp":1613304796,"path_taken":["M","M","M","?","?","R","E","R","T","R","E","M","?","E","R","BOSS","M","?","?","?","M","E"],"items_purchased_type":["Card","Card"],"build_version":"2020-12-22","purchased_purges":1,"victory":false,"max_hp_per_floor":[82,82,82,82,74,74,74,74,74,74,74,74,74,74,74,74,74,74,74,74,74,74,74,74],"relic_stats":{"counters":[11,52],"Golden Idol":51,"Cursed Key":0,"obtain_stats":[{"Bottled Flame":7,"Golden Idol":5,"Oddly Smooth Stone":11,"Cursed Key":17,"Burning Blood":0,"Mercury Hourglass":9,"Paper Frog":14},{"Bottled Flame":4,"Golden Idol":3,"Oddly Smooth Stone":5,"Cursed Key":8,"Burning Blood":0,"Mercury Hourglass":4,"Paper Frog":7},{"Bottled Flame":16,"Golden Idol":12,"Oddly Smooth Stone":21,"Cursed Key":39,"Burning Blood":0,"Mercury Hourglass":16,"Paper Frog":28}],"Burning Blood":60,"Mercury Hourglass":[155]},"card_choices":[{"not_picked":["Headbutt","Pommel Strike"],"picked":"Anger","floor":1},{"not_picked":["Flex","Intimidate"],"picked":"Rage","floor":2},{"not_picked":["Heavy Blade","Second Wind"],"picked":"Rampage","floor":3},{"not_picked":["Power Through","Pommel Strike"],"picked":"Wild Strike","floor":7},{"not_picked":["Dropkick","Sever Soul"],"picked":"True Grit","floor":11},{"not_picked":["Seeing Red","Pummel"],"picked":"Whirlwind","floor":12},{"not_picked":["Body Slam","Flex"],"picked":"Spot Weakness","floor":14},{"not_picked":["Exhume","Juggernaut"],"picked":"Corruption","floor":16},{"not_picked":["Clothesline","Pummel"],"picked":"Iron Wave","floor":18},{"not_picked":["Blood for Blood","Anger","Pommel Strike"],"picked":"SKIP","floor":22}],"player_experience":1041653,"relics_obtained":[{"floor":7,"key":"Bottled Flame"},{"floor":9,"key":"Mercury Hourglass"},{"floor":11,"key":"Oddly Smooth Stone"},{"floor":14,"key":"Paper Frog"}],"event_choices":[{"cards_removed":["Strike_R"],"damage_healed":0,"gold_gain":0,"player_choice":"Card Removal","damage_taken":7,"max_hp_gain":0,"max_hp_loss":0,"event_name":"Golden Wing","floor":4,"gold_loss":0},{"damage_healed":0,"gold_gain":0,"player_choice":"Lose Max HP","damage_taken":0,"relics_obtained":["Golden Idol"],"max_hp_gain":0,"max_hp_loss":8,"event_name":"Golden Idol","floor":5,"gold_loss":0},{"damage_healed":0,"gold_gain":0,"player_choice":"Joined the Cult","damage_taken":6,"max_hp_gain":0,"max_hp_loss":0,"event_name":"Nest","floor":19,"gold_loss":0,"cards_obtained":["RitualDagger"]},{"damage_healed":0,"gold_gain":0,"cards_transformed":["Strike_R","Strike_R"],"player_choice":"Became Test Subject","damage_taken":0,"max_hp_gain":0,"max_hp_loss":0,"event_name":"Drug Dealer","floor":20,"gold_loss":0,"cards_obtained":["Offering","Demon Form"]},{"damage_healed":0,"gold_gain":0,"player_choice":"Simplicity","damage_taken":0,"max_hp_gain":0,"max_hp_loss":0,"event_name":"Back to Basics","floor":21,"gold_loss":0,"cards_upgraded":["Strike_R","Defend_R","Defend_R","Defend_R","Defend_R"]}],"is_beta":false,"boss_relics":[{"not_picked":["Sozu","Tiny House"],"picked":"Cursed Key"}],"items_purged_floors":[13],"is_endless":false,"potions_floor_spawned":[7,11,14,16],"killed_by":"Book of Stabbing","ascension_level":18}}