{"host":"m0bekkrd201b63ug","time":1613326807,"event":{"mods":["AchievementEnabler","BaseMod","Colored Powertips","Highlight Path","Minty Spire (QoL Compilation)","Rare Cards Sparkle","StSLib","SuperFastMode","everything is the same but u backflip on backflip","slay the spire mod where everything is the same but ironclad has a cowboy hat"],"gold_per_floor":[118,137,137,152,169,196,226,238,250,288,300,322,354,385,397,483,495,527,464,33,33,33,33,33,68,68,68,81,81,93,193,193,270,270,286,302,129,129,129,129,143,171,253,253,136,152,166,177,177,177],"floor_reached":51,"language":"ENG","playtime":1986,"items_purged":["Strike_G+1"],"score":1530,"play_id":"7c90d8d5-d7d1-437d-87a8-cb4ad67696a3","local_time":"20210214162007","is_ascension_mode":true,"campfire_choices":[{"data":"Bouncing Flask","floor":8.0,"key":"SMITH"},{"data":"Venomology","floor":11.0,"key":"SMITH"},{"data":"Catalyst","floor":15.0,"key":"SMITH"},{"data":"Adrenaline","floor":23.0,"key":"SMITH"},{"floor":27.0,"key":"REST"},{"floor":29.0,"key":"REST"},{"data":"Deadly Poison","floor":32.0,"key":"SMITH"},{"floor":40.0,"key":"REST"},{"floor":44.0,"key":"REST"},{"floor":49.0,"key":"REST"}],"circlet_count":0,"master_deck":["AscendersBane","Strike_G+1","Strike_G+1","Strike_G+1","Defend_G+1","Defend_G+1","Defend_G+1","Defend_G+1","Defend_G+1","Survivor","Neutralize","Adrenaline+1","Bane","Predator","Deadly Poison+1","Deadly Poison","Venomology+1","Bouncing Flask+1","Catalyst+1","Backflip+1","Bullet Time","Backflip+1","Leg Sweep+1","Footwork","Crippling Poison"],"relics":["Ring of the Snake","MawBank","Mummified Hand","Orichalcum","Paper Crane","ClockworkSouvenir","Enchiridion","Nloth\u0027s Gift","Pantograph","Bottled Lightning","Prayer Wheel","Darkstone Periapt","Fusion Hammer","Toy Ornithopter","Question Card","Pear"],"acts_visited":["Exordium","TheCity","TheBeyond"],"potions_floor_usage":[50,50,50],"damage_taken":[{"damage":4.0,"enemies":"Small Slimes","floor":1.0,"turns":4.0},{"damage":0.0,"enemies":"2 Louse","floor":2.0,"turns":4.0},{"damage":0.0,"enemies":"Cultist","floor":4.0,"turns":3.0},{"damage":6.0,"enemies":"2 Fungi Beasts","floor":5.0,"turns":3.0},{"damage":6.0,"enemies":"Gremlin Nob","floor":6.0,"turns":3.0},{"damage":0.0,"enemies":"3 Louse","floor":7.0,"turns":4.0},{"damage":10.0,"enemies":"Lagavulin","floor":10.0,"turns":5.0},{"damage":4.0,"enemies":"Exordium Thugs","floor":12.0,"turns":4.0},{"damage":0.0,"enemies":"Blue Slaver","floor":13.0,"turns":2.0},{"damage":0.0,"enemies":"2 Fungi Beasts","floor":14.0,"turns":3.0},{"damage":0.0,"enemies":"Slime Boss","floor":16.0,"turns":3.0},{"damage":0.0,"enemies":"Spheric Guardian","floor":18.0,"turns":2.0},{"damage":24.0,"enemies":"Slavers","floor":25.0,"turns":8.0},{"damage":0.0,"enemies":"Chosen","floor":28.0,"turns":3.0},{"damage":0.0,"enemies":"Snecko","floor":30.0,"turns":4.0},{"damage":0.0,"enemies":"Colosseum Slavers","floor":31.0,"turns":3.0},{"damage":3.0,"enemies":"Colosseum Nobs","floor":31.0,"turns":5.0},{"damage":8.0,"enemies":"Champ","floor":33.0,"turns":6.0},{"damage":3.0,"enemies":"Orb Walker","floor":35.0,"turns":2.0},{"damage":0.0,"enemies":"3 Shapes","floor":36.0,"turns":4.0},{"damage":9.0,"enemies":"Sphere and 2 Shapes","floor":41.0,"turns":5.0},{"damage":0.0,"enemies":"Nemesis","floor":42.0,"turns":7.0},{"damage":0.0,"enemies":"Spire Growth","floor":46.0,"turns":5.0},{"damage":22.0,"enemies":"3 Darklings","floor":47.0,"turns":13.0},{"damage":0.0,"enemies":"Transient","floor":48.0,"turns":6.0},{"damage":62,"enemies":"Donu and Deca","floor":50,"turns":11}],"seed_played":"-8147271500197279191","potions_obtained":[{"floor":1.0,"key":"Energy Potion"},{"floor":5.0,"key":"Strength Potion"},{"floor":12.0,"key":"EntropicBrew"},{"floor":13.0,"key":"Dexterity Potion"},{"floor":33.0,"key":"Energy Potion"},{"floor":35.0,"key":"DistilledChaos"},{"floor":48.0,"key":"Explosive Potion"}],"is_trial":false,"path_per_floor":["M","M","?","M","M","E","M","R","T","E","R","M","M","M","R","B",null,"M","?","$","?","?","R","?","E","T","R","M","R","M","?","R","B",null,"M","M","$","?","$","R","M","E","T","R","$","M","M","M","R","B",null],"character_chosen":"THE_SILENT","items_purchased":["Paper Crane","ClockworkSouvenir","Toy Ornithopter","Footwork"],"campfire_rested":5,"item_purchase_floors":[20,20,37,45],"current_hp_per_floor":[55,55,55,55,49,43,43,43,43,33,33,29,29,29,29,29,57,57,57,57,36,36,36,36,12,12,31,31,50,50,47,47,58,64,61,61,61,61,61,66,57,62,72,76,76,76,54,59,76,24],"gold":177,"neow_bonus":"ONE_RANDOM_RARE_CARD","is_daily":false,"chose_seed":false,"campfire_upgraded":5,"win_rate":0.0,"timestamp":1613326807,"path_taken":["M","M","?","M","M","E","M","R","T","E","R","M","M","M","R","BOSS","M","?","$","?","?","R","?","E","T","R","?","R","M","?","R","BOSS","M","M","$","?","$","R","M","E","T","R","?","M","M","M","R","BOSS"],"items_purchased_type":["Relic","Relic","Relic","Card"],"build_version":"2020-12-22","purchased_purges":1,"victory":true,"max_hp_per_floor":[66,66,66,66,66,66,66,66,66,66,66,66,66,66,66,66,66,66,66,66,66,66,66,66,66,66,66,66,66,66,66,66,66,66,66,66,66,66,66,66,66,66,76,76,76,76,76,76,76,76],"card_choices":[{"not_picked":["Reflex","Outmaneuver"],"picked":"Bane","floor":1.0},{"not_picked":["Predator","Riddle With Holes","Prepared"],"picked":"SKIP","floor":2.0},{"not_picked":["Riddle With Holes","Prepared"],"picked":"Predator","floor":2.0},{"not_picked":["Tactician","Deflect"],"picked":"Deadly Poison","floor":4.0},{"not_picked":["Skewer","Sucker Punch"],"picked":"Deadly Poison","floor":5.0},{"not_picked":["Blade Dance","Finisher"],"picked":"Venomology","floor":6.0},{"not_picked":["Acrobatics","Calculated Gamble"],"picked":"Bouncing Flask","floor":7.0},{"not_picked":["Prepared","Tactician","Poisoned Stab"],"picked":"SKIP","floor":10.0},{"not_picked":["Acrobatics","Outmaneuver"],"picked":"Catalyst","floor":12.0},{"not_picked":["Deflect","Grand Finale","Accuracy"],"picked":"SKIP","floor":13.0},{"not_picked":["All Out Attack","Underhanded Strike","Poisoned Stab"],"picked":"SKIP","floor":14.0},{"not_picked":["Dagger Throw"],"picked":"SKIP","floor":18.0},{"not_picked":["Setup+1","Heel Hook","Dodge and Roll"],"picked":"SKIP","floor":25.0},{"not_picked":["Flying Knee","Accuracy"],"picked":"Backflip+1","floor":28.0},{"not_picked":["Bouncing Flask","Terror","Cloak And Dagger"],"picked":"SKIP","floor":30.0},{"not_picked":["Glass Knife","Corpse Explosion"],"picked":"Bullet Time","floor":33.0},{"not_picked":["Skewer","Slice"],"picked":"Backflip+1","floor":35.0},{"not_picked":["Predator+1","Tactician","Sucker Punch"],"picked":"SKIP","floor":35.0},{"not_picked":["Setup+1","Riddle With Holes","Flechettes"],"picked":"SKIP","floor":36.0},{"not_picked":["Quick Slash","Underhanded Strike","Tools of the Trade"],"picked":"SKIP","floor":36.0},{"not_picked":["Sucker Punch","Dagger Spray","Cloak And Dagger"],"picked":"SKIP","floor":41.0},{"not_picked":["Outmaneuver","A Thousand Cuts","Sucker Punch"],"picked":"SKIP","floor":41.0},{"not_picked":["Calculated Gamble","Caltrops"],"picked":"Leg Sweep+1","floor":42.0},{"not_picked":["Outmaneuver","Flechettes","Backflip"],"picked":"Crippling Poison","floor":46.0},{"not_picked":["Eviscerate+1","Masterful Stab+1","PiercingWail","Sucker Punch"],"picked":"SKIP","floor":46.0},{"not_picked":["Infinite Blades","Deflect+1","Dodge and Roll+1","Slice"],"picked":"SKIP","floor":47.0},{"not_picked":["Flechettes","Bane+1","Underhanded Strike+1","Cloak And Dagger"],"picked":"SKIP","floor":47.0},{"not_picked":["Noxious Fumes","Poisoned Stab","Doppelganger","Acrobatics+1"],"picked":"SKIP","floor":48.0},{"not_picked":["Poisoned Stab","Acrobatics","Dagger Spray","Phantasmal Killer"],"picked":"SKIP","floor":48.0}],"player_experience":264698,"relics_obtained":[{"floor":6.0,"key":"MawBank"},{"floor":9.0,"key":"Mummified Hand"},{"floor":10.0,"key":"Orichalcum"},{"floor":21.0,"key":"Enchiridion"},{"floor":25.0,"key":"Pantograph"},{"floor":26.0,"key":"Bottled Lightning"},{"floor":31.0,"key":"Prayer Wheel"},{"floor":31.0,"key":"Darkstone Periapt"},{"floor":42.0,"key":"Question Card"},{"floor":43.0,"key":"Pear"}],"event_choices":[{"damage_healed":0.0,"max_hp_gain":0.0,"max_hp_loss":0.0,"gold_gain":0.0,"event_name":"Liars Game","player_choice":"Ignored","floor":3.0,"gold_loss":0.0,"damage_taken":0.0},{"cards_removed":["Strike_G"],"damage_healed":0.0,"max_hp_gain":0.0,"max_hp_loss":0.0,"gold_gain":0.0,"event_name":"Beggar","player_choice":"Gave Gold","floor":19.0,"gold_loss":75.0,"damage_taken":0.0},{"damage_healed":0.0,"max_hp_gain":0.0,"max_hp_loss":0.0,"gold_gain":0.0,"event_name":"Cursed Tome","player_choice":"Obtained Book","floor":21.0,"gold_loss":0.0,"damage_taken":21.0},{"damage_healed":0.0,"max_hp_gain":0.0,"max_hp_loss":0.0,"gold_gain":0.0,"event_name":"Back to Basics","player_choice":"Simplicity","floor":22.0,"gold_loss":0.0,"damage_taken":0.0,"cards_upgraded":["Strike_G","Strike_G","Strike_G","Strike_G","Defend_G","Defend_G","Defend_G","Defend_G","Defend_G"]},{"damage_healed":0.0,"max_hp_gain":0.0,"max_hp_loss":0.0,"gold_gain":0.0,"event_name":"N\u0027loth","player_choice":"Traded Relic","floor":24.0,"relics_lost":["Busted Crown"],"gold_loss":0.0,"damage_taken":0.0,"relics_obtained":["Nloth\u0027s Gift"]},{"damage_healed":0.0,"max_hp_gain":0.0,"max_hp_loss":0.0,"gold_gain":0.0,"event_name":"Colosseum","player_choice":"Fight","floor":31.0,"gold_loss":0.0,"damage_taken":0.0},{"damage_healed":0.0,"max_hp_gain":0.0,"max_hp_loss":0.0,"gold_gain":0.0,"event_name":"Colosseum","player_choice":"Fought Nobs","floor":31.0,"gold_loss":0.0,"damage_taken":0.0},{"damage_healed":0.0,"max_hp_gain":0.0,"max_hp_loss":0.0,"gold_gain":0.0,"event_name":"SecretPortal","player_choice":"Ignored","floor":38.0,"gold_loss":0.0,"damage_taken":0.0}],"is_beta":false,"boss_relics":[{"not_picked":["Pandora\u0027s Box","Black Star"],"picked":"Busted Crown"},{"not_picked":["Velvet Choker","WristBlade"],"picked":"Fusion Hammer"}],"items_purged_floors":[45],"is_endless":false,"potions_floor_spawned":[1,5,12,13,14,30,33,35,42,48],"ascension_level":19}}