{"host":"mo324zvkdr1xwprd","time":1613307292,"event":{"mods":["A Penny For Your Troubles","BaseMod","Better Note","Better Third Choice","BetterRewards","Hermit","Highlight Path","Hubris","Infinite Spire","Minty Spire (QoL Compilation)","Quick Restart","Rare Cards Sparkle","Shop Mod","StSLib","The Cursed","The Hierophant","Transform Curses"],"gold_per_floor":[114,128,147,2,13,41,41,84,84,84,84,44,85,105,105,201,201,216,216,216,234,259,259,259],"floor_reached":23,"language":"ENG","playtime":1240,"items_purged":[],"score":369,"play_id":"28242e6c-2b9c-47b7-8f91-92e4702e4006","local_time":"20210214125452","is_ascension_mode":true,"campfire_choices":[{"floor":10.0,"key":"REST"},{"floor":15.0,"key":"RECALL"}],"circlet_count":0,"master_deck":["AscendersBane","Strike_G","Strike_G","Strike_G","Strike_G","Strike_G","Defend_G","Defend_G","Defend_G","Defend_G","Defend_G","Survivor","Neutralize","Secret Weapon","Accuracy","Dagger Throw","Footwork","Slice","PiercingWail","Dash","Corpse Explosion","Injury","Blade Dance","Terror","Expertise","Dodge and Roll","Storm of Steel","Deadly Poison","Cloak And Dagger","Dagger Spray"],"relics":["Ring of the Snake","Pantograph","Matryoshka","Ginger","Lee\u0027s Waffle","Blue Candle","Golden Idol","Vajra","hubris:SphereOfDissonance","Art of War","Ancient Tea Set","SacredBark"],"acts_visited":["Exordium","TheCity"],"potions_floor_usage":[],"damage_taken":[{"damage":1.0,"enemies":"Small Slimes","floor":1.0,"turns":5.0},{"damage":2.0,"enemies":"Jaw Worm","floor":2.0,"turns":4.0},{"damage":0.0,"enemies":"Cultist","floor":3.0,"turns":4.0},{"damage":0.0,"enemies":"2 Fungi Beasts","floor":5.0,"turns":5.0},{"damage":19.0,"enemies":"Lagavulin","floor":6.0,"turns":10.0},{"damage":25.0,"enemies":"Gremlin Nob","floor":8.0,"turns":5.0},{"damage":11.0,"enemies":"Lagavulin","floor":13.0,"turns":5.0},{"damage":2.0,"enemies":"Red Slaver","floor":14.0,"turns":2.0},{"damage":16.0,"enemies":"Slime Boss","floor":16.0,"turns":9.0},{"damage":18.0,"enemies":"Chosen","floor":18.0,"turns":5.0},{"damage":0.0,"enemies":"Shell Parasite","floor":21.0,"turns":1.0},{"damage":0.0,"enemies":"Centurion and Healer","floor":22.0,"turns":5.0},{"damage":21,"enemies":"Gremlin Leader","floor":23,"turns":5}],"seed_played":"7076661451135142013","potions_obtained":[{"floor":3.0,"key":"Block Potion"},{"floor":5.0,"key":"BlessingOfTheForge"},{"floor":8.0,"key":"Swift Potion"},{"floor":11.0,"key":"PowerPotion"},{"floor":13.0,"key":"GamblersBrew"},{"floor":18.0,"key":"Swift Potion"},{"floor":21.0,"key":"Swift Potion"}],"is_trial":false,"path_per_floor":["M","M","M","$","M","E","?","E","T","R","?","$","E","M","R","B",null,"M","?","AVR","M","M","E"],"character_chosen":"THE_SILENT","items_purchased":["Pantograph","Matryoshka","Accuracy","Dagger Throw","Lee\u0027s Waffle","Terror"],"campfire_rested":1,"item_purchase_floors":[0,0,0,0,4,12],"current_hp_per_floor":[27,25,25,73,73,54,54,29,29,50,50,50,39,37,37,46,66,48,48,48,48,48,27,27],"gold":259,"neow_bonus":"","is_daily":false,"chose_seed":false,"campfire_upgraded":0,"win_rate":0.0,"timestamp":1613307292,"path_taken":["M","M","M","$","M","E","?","E","T","R","?","$","E","?","R","BOSS","M","?","AVR","M","M","E"],"items_purchased_type":["Relic","Relic","Card","Card","Relic","Card"],"build_version":"2020-12-22","purchased_purges":0,"victory":false,"max_hp_per_floor":[66,66,66,73,73,73,73,73,73,73,73,73,73,73,73,73,73,73,73,73,73,73,73,73],"card_choices":[{"not_picked":["Dodge and Roll","Slice"],"picked":"Footwork","floor":1.0},{"not_picked":["Poisoned Stab","Dagger Throw"],"picked":"Slice","floor":2.0},{"not_picked":["Predator","Catalyst"],"picked":"PiercingWail","floor":3.0},{"not_picked":["Footwork","Terror"],"picked":"Dash","floor":5.0},{"not_picked":["Underhanded Strike","PiercingWail"],"picked":"Corpse Explosion","floor":6.0},{"not_picked":["All Out Attack","Underhanded Strike"],"picked":"Blade Dance","floor":8.0},{"not_picked":["Heel Hook","Slice"],"picked":"Expertise","floor":13.0},{"not_picked":["hubris:TrickCloak","Catalyst"],"picked":"Dodge and Roll","floor":14.0},{"not_picked":["Unload","Bullet Time"],"picked":"Storm of Steel","floor":16.0},{"not_picked":["Prepared","hubris:Sniper"],"picked":"Deadly Poison","floor":18.0},{"not_picked":["Underhanded Strike+1","Concentrate"],"picked":"Cloak And Dagger","floor":21.0},{"not_picked":["PiercingWail","Poisoned Stab"],"picked":"Dagger Spray","floor":22.0}],"player_experience":651875,"relics_obtained":[{"floor":6.0,"key":"Blue Candle"},{"floor":8.0,"key":"Vajra"},{"floor":9.0,"key":"hubris:SphereOfDissonance"},{"floor":9.0,"key":"Art of War"},{"floor":13.0,"key":"Ancient Tea Set"}],"event_choices":[{"damage_healed":0.0,"max_hp_gain":0.0,"max_hp_loss":0.0,"gold_gain":0.0,"event_name":"Golden Idol","player_choice":"Take Wound","floor":7.0,"gold_loss":0.0,"damage_taken":0.0,"relics_obtained":["Golden Idol"],"cards_obtained":["Injury"]},{"damage_healed":0.0,"max_hp_gain":0.0,"max_hp_loss":0.0,"gold_gain":0.0,"event_name":"Lab","player_choice":"Got Potions","floor":11.0,"gold_loss":0.0,"damage_taken":0.0},{"damage_healed":0.0,"max_hp_gain":0.0,"max_hp_loss":0.0,"gold_gain":0.0,"event_name":"Purifier","player_choice":"Ignored","floor":19.0,"gold_loss":0.0,"damage_taken":0.0}],"is_beta":false,"boss_relics":[{"not_picked":["hubris:CrackedHourglass","Tiny House"],"picked":"SacredBark"}],"items_purged_floors":[],"is_endless":false,"potions_floor_spawned":[3,5,8,13,18,21],"killed_by":"Gremlin Leader","ascension_level":15}}