{"host":"0ueeacaatm8t6jyh","time":1613303025,"event":{"mods":["AchievementEnabler","BaseMod","Colored Powertips","Minty Spire (QoL Compilation)","Quick Restart","Rare Cards Sparkle","Shop Mod","StSLib"],"gold_per_floor":[119,133,143,160,173,173,448,448,530,549,549,474,474,506,506,506,577,577,588,513,336,336,336,336,370,370,420,375,375],"floor_reached":28,"language":"ZHS","playtime":767,"items_purged":["Regret","Defend_B"],"score":469,"play_id":"94907959-6264-43dd-a00b-7821df74aedb","local_time":"20210214194345","is_ascension_mode":true,"campfire_choices":[{"data":"Rainbow","floor":6.0,"key":"SMITH"},{"data":"Defragment","floor":8.0,"key":"SMITH"},{"floor":11.0,"key":"REST"},{"floor":15.0,"key":"REST"},{"data":"Loop","floor":16.0,"key":"SMITH"},{"data":"Coolheaded","floor":24.0,"key":"SMITH"},{"floor":26.0,"key":"REST"}],"circlet_count":0,"master_deck":["AscendersBane","Strike_B","Strike_B","Defend_B","Defend_B","Zap","Dualcast","Rainbow+1","Ball Lightning","Rip and Tear","Defragment+1","Coolheaded+1","Loop+1","Echo Form","Echo Form","Skim+1","Capacitor"],"relics":["Cracked Core","Question Card","Du-Vu Doll","Philosopher\u0027s Stone","Smiling Mask","Bronze Scales"],"acts_visited":["Exordium","TheCity"],"potions_floor_usage":[],"damage_taken":[{"damage":0.0,"enemies":"Cultist","floor":1.0,"turns":4.0},{"damage":3.0,"enemies":"2 Louse","floor":2.0,"turns":2.0},{"damage":10.0,"enemies":"Jaw Worm","floor":3.0,"turns":2.0},{"damage":11.0,"enemies":"Large Slime","floor":4.0,"turns":4.0},{"damage":8.0,"enemies":"2 Fungi Beasts","floor":5.0,"turns":3.0},{"damage":9.0,"enemies":"Exordium Wildlife","floor":10.0,"turns":3.0},{"damage":23.0,"enemies":"Gremlin Nob","floor":14.0,"turns":4.0},{"damage":0.0,"enemies":"Slime Boss","floor":17.0,"turns":8.0},{"damage":0.0,"enemies":"Spheric Guardian","floor":19.0,"turns":3.0},{"damage":44.0,"enemies":"Gremlin Leader","floor":25.0,"turns":6.0},{"damage":36,"enemies":"2 Thieves","floor":28,"turns":2}],"seed_played":"-7555286771164838217","potions_obtained":[{"floor":1.0,"key":"FocusPotion"},{"floor":5.0,"key":"Fire Potion"},{"floor":17.0,"key":"SpeedPotion"}],"is_trial":false,"path_per_floor":["M","M","M","M","M","R","?","R","T","M","R","$","?","E","R","R","B",null,"M","?","$","?","?","R","E","R","T","M"],"character_chosen":"DEFECT","items_purchased":["Capacitor"],"campfire_rested":3,"item_purchase_floors":[21],"current_hp_per_floor":[50,47,37,26,18,18,18,18,18,9,31,31,31,8,30,30,30,64,64,64,64,50,50,50,6,30,30,0,0],"gold":375,"neow_bonus":"THREE_RARE_CARDS","is_daily":false,"chose_seed":false,"campfire_upgraded":4,"win_rate":0.0,"timestamp":1613303025,"path_taken":["M","M","?","M","M","R","?","R","T","?","R","$","?","E","R","R","BOSS","M","?","$","?","?","R","E","R","T","M"],"items_purchased_type":["Card"],"build_version":"2020-12-22","purchased_purges":2,"victory":false,"max_hp_per_floor":[75,75,75,75,75,75,75,75,75,75,75,75,75,75,75,75,75,75,75,75,75,80,80,80,80,80,80,80,80],"card_choices":[{"not_picked":["Multi-Cast","Core Surge"],"picked":"Rainbow","floor":0.0},{"not_picked":["Tempest","Turbo"],"picked":"Ball Lightning","floor":1.0},{"not_picked":["Stack","Leap","Aggregate"],"picked":"SKIP","floor":2.0},{"not_picked":["Streamline","Sweeping Beam"],"picked":"Rip and Tear","floor":3.0},{"not_picked":["Force Field","Sweeping Beam"],"picked":"Defragment","floor":4.0},{"not_picked":["Hologram","Sweeping Beam"],"picked":"Coolheaded","floor":5.0},{"not_picked":["Sweeping Beam","Turbo","Lockon","Blizzard"],"picked":"SKIP","floor":10.0},{"not_picked":["Turbo","Compile Driver","Gash"],"picked":"Echo Form","floor":14.0},{"not_picked":["All For One","Multi-Cast","Core Surge"],"picked":"Echo Form","floor":17.0},{"not_picked":["Compile Driver","Rip and Tear+1","Go for the Eyes"],"picked":"Skim+1","floor":19.0},{"not_picked":["Streamline","Go for the Eyes","Darkness","Steam"],"picked":"SKIP","floor":25.0}],"player_experience":534602,"relics_obtained":[{"floor":9.0,"key":"Question Card"},{"floor":14.0,"key":"Du-Vu Doll"},{"floor":25.0,"key":"Smiling Mask"},{"floor":27.0,"key":"Bronze Scales"}],"event_choices":[{"damage_healed":0.0,"max_hp_gain":0.0,"max_hp_loss":0.0,"gold_gain":275.0,"event_name":"Golden Shrine","player_choice":"Desecrate","floor":7.0,"gold_loss":0.0,"damage_taken":0.0,"cards_obtained":["Regret"]},{"damage_healed":0.0,"max_hp_gain":0.0,"max_hp_loss":0.0,"gold_gain":0.0,"cards_transformed":["Strike_B"],"event_name":"Living Wall","player_choice":"Change","floor":13.0,"gold_loss":0.0,"damage_taken":0.0,"cards_obtained":["Loop"]},{"cards_removed":["Strike_B"],"damage_healed":0.0,"max_hp_gain":0.0,"max_hp_loss":0.0,"gold_gain":0.0,"event_name":"Beggar","player_choice":"Gave Gold","floor":20.0,"gold_loss":75.0,"damage_taken":0.0},{"damage_healed":0.0,"max_hp_gain":5.0,"max_hp_loss":0.0,"gold_gain":0.0,"event_name":"Forgotten Altar","player_choice":"Shed Blood","floor":22.0,"gold_loss":0.0,"damage_taken":19.0},{"cards_removed":["Defend_B"],"damage_healed":0.0,"max_hp_gain":0.0,"max_hp_loss":0.0,"gold_gain":0.0,"event_name":"Back to Basics","player_choice":"Elegance","floor":23.0,"gold_loss":0.0,"damage_taken":0.0}],"is_beta":false,"boss_relics":[{"not_picked":["Coffee Dripper","Cursed Key"],"picked":"Philosopher\u0027s Stone"}],"items_purged_floors":[12,21],"is_endless":false,"potions_floor_spawned":[1,5,17],"killed_by":"2 Thieves","ascension_level":13}}