{"host":"bf5upntvbdompq33","time":1613333627,"event":{"mods":["BaseMod","Bestiary","Colored Map","Colored Powertips","Curses Come First","Minty Spire (QoL Compilation)","StSLib","ojb\u0027s Info Mod"],"gold_per_floor":[112,126,126,200,200,200,29,39,39,39,39,1,1,1],"floor_reached":13,"language":"ENG","playtime":651,"items_purged":["Strike_B"],"score":110,"play_id":"b88dcc88-03b4-4def-bb89-bfda0518cb15","local_time":"20210214131347","is_ascension_mode":true,"campfire_choices":[{"data":"Streamline","floor":6,"key":"SMITH"}],"circlet_count":0,"master_deck":["AscendersBane","Strike_B","Strike_B","Strike_B","Defend_B","Defend_B","Defend_B","Defend_B","Zap","Dualcast","CurseOfTheBell","Streamline+1","Compile Driver","Undo","Steam","Conserve Battery","Defragment"],"relics":["Calling Bell","FossilizedHelix","Question Card","Juzu Bracelet","Pen Nib","Gambling Chip","Golden Idol"],"acts_visited":["Exordium"],"potions_floor_usage":[],"damage_taken":[{"damage":11,"enemies":"Jaw Worm","floor":1,"turns":5},{"damage":5,"enemies":"Cultist","floor":2,"turns":4},{"damage":0,"enemies":"Small Slimes","floor":8,"turns":3},{"damage":58,"enemies":"Gremlin Nob","floor":13,"turns":5}],"seed_played":"-5501931318372015579","potions_obtained":[{"floor":1,"key":"FearPotion"}],"is_trial":false,"path_per_floor":["M","M","?","?","?","R","$","M","T","?","?","$","E"],"character_chosen":"DEFECT","items_purchased":["Undo","Steam","Defragment"],"campfire_rested":0,"item_purchase_floors":[7,7,12],"current_hp_per_floor":[57,52,52,52,52,52,52,52,52,52,57,57,0,0],"gold":1,"neow_bonus":"BOSS_RELIC","is_daily":false,"chose_seed":false,"campfire_upgraded":1,"win_rate":0.0,"timestamp":1613333627,"path_taken":["M","M","?","?","?","R","?","M","T","?","?","$","E"],"items_purchased_type":["Card","Card","Card"],"build_version":"2020-12-22","purchased_purges":1,"victory":false,"max_hp_per_floor":[75,75,75,75,75,75,75,75,75,69,74,74,74,74],"card_choices":[{"not_picked":["Beam Cell","Gash","Conserve Battery"],"picked":"Streamline","floor":1},{"not_picked":["Rebound","FTL","Turbo"],"picked":"Compile Driver","floor":2},{"not_picked":["FTL","Stack","Amplify"],"picked":"Conserve Battery","floor":8}],"player_experience":1584993,"relics_obtained":[{"floor":0,"key":"FossilizedHelix"},{"floor":0,"key":"Question Card"},{"floor":0,"key":"Juzu Bracelet"},{"floor":9,"key":"Gambling Chip"}],"event_choices":[{"damage_healed":0,"gold_gain":0,"player_choice":"Bought 0 Potions","damage_taken":0,"max_hp_gain":0,"max_hp_loss":0,"event_name":"The Woman in Blue","floor":3,"gold_loss":0},{"damage_healed":0,"gold_gain":74,"player_choice":"Gained Gold","damage_taken":0,"max_hp_gain":0,"max_hp_loss":0,"event_name":"Golden Wing","floor":4,"gold_loss":0},{"damage_healed":0,"gold_gain":0,"player_choice":"Gave Potion","damage_taken":0,"relics_obtained":["Pen Nib"],"max_hp_gain":0,"max_hp_loss":0,"event_name":"WeMeetAgain","floor":5,"gold_loss":0},{"damage_healed":0,"gold_gain":0,"player_choice":"Lose Max HP","damage_taken":0,"relics_obtained":["Golden Idol"],"max_hp_gain":0,"max_hp_loss":6,"event_name":"Golden Idol","floor":10,"gold_loss":0},{"damage_healed":0,"gold_gain":0,"player_choice":"Donut","damage_taken":0,"max_hp_gain":5,"max_hp_loss":0,"event_name":"Big Fish","floor":11,"gold_loss":0}],"is_beta":false,"boss_relics":[],"items_purged_floors":[7],"is_endless":false,"potions_floor_spawned":[1],"killed_by":"Gremlin Nob","ascension_level":11}}