{"host":"tetq3wi5anb97imq","time":1613343316,"event":{"mods":["BaseMod","Block Reminder","Minty Spire (QoL Compilation)","Quick Restart","StSLib","SuperFastMode"],"gold_per_floor":[113,83,103,29,29,29,63,63,87,118,137,155,180,199,199,273,273,289,303,206,206,225,253,271,298,322,322,351,351,364,391,391,468,468,478,478,494,511,528,528,560,560,560,77,112,123,150,150,150,150,150,150,150,1,35,35],"floor_reached":57,"language":"ENG","playtime":2559,"items_purged":["Strike_G"],"score":3305,"play_id":"dd421674-bc3f-4408-b7c0-f223ef2c61df","local_time":"20210214205516","is_ascension_mode":true,"campfire_choices":[{"data":"Neutralize","floor":6.0,"key":"SMITH"},{"data":"Caltrops","floor":15.0,"key":"SMITH"},{"data":"Venomology","floor":27.0,"key":"SMITH"},{"floor":32.0,"key":"REST"},{"floor":40.0,"key":"RECALL"},{"floor":42,"key":"REST"},{"floor":49,"key":"REST"},{"floor":53,"key":"REST"}],"circlet_count":0,"master_deck":["AscendersBane","Strike_G","Strike_G","Strike_G","Strike_G","Defend_G+1","Defend_G","Defend_G","Defend_G","Defend_G","Survivor","Neutralize+1","Blade Dance","After Image","Backstab","Caltrops+1","Finisher","Poisoned Stab","Infinite Blades","Dagger Spray","Crippling Poison","Venomology+1","CurseOfTheBell","Endless Agony+1","Dodge and Roll+1","Blade Dance","Endless Agony","Leg Sweep","Adrenaline","Blade Dance+1","Backflip","Catalyst","Dagger Spray+1","Burst","Envenom+1","Terror","Blur+1","Backflip","Acrobatics","After Image","Burst+1","Sucker Punch+1","Cloak And Dagger","After Image","PiercingWail+1"],"relics":["Ring of the Snake","NeowsBlessing","Kunai","Dead Branch","Oddly Smooth Stone","Bag of Preparation","Calling Bell","Toy Ornithopter","Matryoshka","Lizard Tail","HornCleat","Omamori","Paper Crane","Orichalcum","Bottled Tornado","Lantern","Fusion Hammer","Blood Vial","Akabeko","Mercury Hourglass","Bronze Scales","Anchor","Whetstone","Vajra","War Paint"],"acts_visited":["Exordium","TheCity","TheBeyond","TheEnding"],"potions_floor_usage":[50,51,55,56,56,56],"damage_taken":[{"damage":0.0,"enemies":"Small Slimes","floor":1.0,"turns":1.0},{"damage":0.0,"enemies":"Cultist","floor":3.0,"turns":1.0},{"damage":0.0,"enemies":"Lagavulin","floor":7.0,"turns":1.0},{"damage":0.0,"enemies":"Gremlin Nob","floor":10.0,"turns":3.0},{"damage":9.0,"enemies":"Jaw Worm","floor":11.0,"turns":1.0},{"damage":0.0,"enemies":"2 Fungi Beasts","floor":12.0,"turns":1.0},{"damage":10.0,"enemies":"3 Sentries","floor":13.0,"turns":4.0},{"damage":0.0,"enemies":"Exordium Wildlife","floor":14.0,"turns":3.0},{"damage":13.0,"enemies":"The Guardian","floor":16.0,"turns":10.0},{"damage":0.0,"enemies":"Chosen","floor":18.0,"turns":5.0},{"damage":8.0,"enemies":"3 Byrds","floor":19.0,"turns":3.0},{"damage":2.0,"enemies":"Centurion and Healer","floor":22.0,"turns":6.0},{"damage":20.0,"enemies":"Book of Stabbing","floor":23.0,"turns":5.0},{"damage":5.0,"enemies":"Snake Plant","floor":24.0,"turns":4.0},{"damage":0.0,"enemies":"Slavers","floor":25.0,"turns":4.0},{"damage":39.0,"enemies":"Gremlin Leader","floor":28.0,"turns":6.0},{"damage":0.0,"enemies":"3 Cultists","floor":30.0,"turns":5.0},{"damage":0.0,"enemies":"Book of Stabbing","floor":31.0,"turns":3.0},{"damage":50.0,"enemies":"Champ","floor":33.0,"turns":9.0},{"damage":0.0,"enemies":"3 Shapes","floor":35.0,"turns":6.0},{"damage":0.0,"enemies":"Orb Walker","floor":37.0,"turns":2.0},{"damage":4.0,"enemies":"3 Darklings","floor":38.0,"turns":6.0},{"damage":0.0,"enemies":"Transient","floor":39.0,"turns":6.0},{"damage":1,"enemies":"Giant Head","floor":41,"turns":4},{"damage":12,"enemies":"Nemesis","floor":45,"turns":5},{"damage":11,"enemies":"Spire Growth","floor":46,"turns":6},{"damage":14,"enemies":"Giant Head","floor":47,"turns":8},{"damage":57,"enemies":"Time Eater","floor":50,"turns":15},{"damage":0,"enemies":"Awakened One","floor":51,"turns":12},{"damage":20,"enemies":"Shield and Spear","floor":55,"turns":8},{"damage":33,"enemies":"The Heart","floor":56,"turns":9}],"seed_played":"-795873959769579320","potions_obtained":[{"floor":2.0,"key":"EntropicBrew"},{"floor":2.0,"key":"Ancient Potion"},{"floor":7.0,"key":"LiquidBronze"},{"floor":10.0,"key":"Dexterity Potion"},{"floor":13.0,"key":"FearPotion"},{"floor":16.0,"key":"DistilledChaos"},{"floor":22.0,"key":"SkillPotion"},{"floor":23.0,"key":"SteroidPotion"},{"floor":35.0,"key":"Dexterity Potion"}],"is_trial":false,"path_per_floor":["M","?","M","$","?","R","E","?","T","E","M","M","E","M","R","B",null,"M","M","$","?","M","E","M","E","T","R","E","?","M","E","R","B",null,"M","?","M","M","M","R","E","R","T","$","E","M","E","?","R","B","B",null,"R","$","E","B",null],"character_chosen":"THE_SILENT","items_purchased":["Backstab","Blade Dance","Endless Agony","Bronze Scales","After Image","Anchor","After Image"],"campfire_rested":4,"item_purchase_floors":[4,20,20,44,44,44,54],"current_hp_per_floor":[59,59,59,59,64,64,64,38,38,38,29,29,19,19,19,6,55,55,47,47,47,70,56,56,66,66,66,32,12,12,22,44,38,67,67,67,67,63,63,63,62,76,76,76,64,55,43,43,65,15,22,63,76,76,56,40],"gold":35,"neow_bonus":"THREE_ENEMY_KILL","is_daily":false,"chose_seed":false,"campfire_upgraded":3,"win_rate":0.0,"timestamp":1613343316,"path_taken":["M","?","?","$","?","R","E","?","T","E","M","M","E","M","R","BOSS","M","M","$","?","M","E","M","E","T","R","E","?","M","E","R","BOSS","M","?","?","M","M","R","E","R","T","$","E","M","E","?","R","BOSS","BOSS","R","$","E","BOSS"],"items_purchased_type":["Card","Card","Card","Relic","Card","Relic","Card"],"build_version":"2020-12-22","purchased_purges":1,"victory":true,"max_hp_per_floor":[66,66,66,66,71,71,71,71,71,71,71,71,71,71,71,71,71,71,71,71,71,71,71,71,71,71,71,71,76,76,76,76,76,76,76,76,76,76,76,76,76,76,76,76,76,76,76,76,76,76,76,76,76,76,76,76],"card_choices":[{"not_picked":["Slice","PiercingWail"],"picked":"Blade Dance","floor":1.0},{"not_picked":["Bane","Well Laid Plans"],"picked":"After Image","floor":3.0},{"not_picked":["Blade Dance","Slice"],"picked":"Caltrops","floor":7.0},{"not_picked":["Expertise","Heel Hook"],"picked":"Finisher","floor":10.0},{"not_picked":["Accuracy","Concentrate"],"picked":"Poisoned Stab","floor":11.0},{"not_picked":["Flying Knee","Concentrate"],"picked":"Infinite Blades","floor":12.0},{"not_picked":["PiercingWail","Concentrate"],"picked":"Dagger Spray","floor":13.0},{"not_picked":["Slice","Escape Plan"],"picked":"Crippling Poison","floor":14.0},{"not_picked":["Tools of the Trade","Corpse Explosion"],"picked":"Venomology","floor":16.0},{"not_picked":["Underhanded Strike","Catalyst"],"picked":"Endless Agony","floor":18.0},{"not_picked":["Flying Knee","Acrobatics"],"picked":"Dodge and Roll+1","floor":19.0},{"not_picked":["Blade Dance","Deadly Poison"],"picked":"Leg Sweep","floor":22.0},{"not_picked":["Cloak And Dagger","Terror+1"],"picked":"Adrenaline","floor":23.0},{"not_picked":["Poisoned Stab+1","Acrobatics"],"picked":"Blade Dance+1","floor":24.0},{"not_picked":["Dodge and Roll","Dagger Throw"],"picked":"Backflip","floor":25.0},{"not_picked":["Deflect","Dodge and Roll"],"picked":"Catalyst","floor":28.0},{"not_picked":["Deadly Poison","Slice"],"picked":"Dagger Spray","floor":30.0},{"not_picked":["Slice","Flechettes"],"picked":"Burst","floor":31.0},{"not_picked":["Die Die Die","Tools of the Trade"],"picked":"Envenom","floor":33.0},{"not_picked":["Riddle With Holes","Bane"],"picked":"Terror","floor":35.0},{"not_picked":["Poisoned Stab","Concentrate"],"picked":"Blur+1","floor":37.0},{"not_picked":["Expertise","Crippling Poison","Reflex+1"],"picked":"SKIP","floor":38.0},{"not_picked":["Underhanded Strike","Finisher"],"picked":"Backflip","floor":39.0},{"not_picked":["Leg Sweep","Crippling Poison"],"picked":"Acrobatics","floor":41},{"not_picked":["Sucker Punch","Prepared+1"],"picked":"Burst","floor":45},{"not_picked":["Slice","Outmaneuver"],"picked":"Sucker Punch+1","floor":46},{"not_picked":["Sucker Punch","Poisoned Stab"],"picked":"Cloak And Dagger","floor":47},{"not_picked":["Doppelganger","Acrobatics+1"],"picked":"PiercingWail+1","floor":55}],"player_experience":524106,"relics_obtained":[{"floor":7.0,"key":"Kunai"},{"floor":10.0,"key":"Oddly Smooth Stone"},{"floor":13.0,"key":"Bag of Preparation"},{"floor":17.0,"key":"Toy Ornithopter"},{"floor":17.0,"key":"Matryoshka"},{"floor":17.0,"key":"Lizard Tail"},{"floor":23.0,"key":"HornCleat"},{"floor":25.0,"key":"Omamori"},{"floor":26.0,"key":"Paper Crane"},{"floor":26.0,"key":"Orichalcum"},{"floor":28.0,"key":"Bottled Tornado"},{"floor":31.0,"key":"Lantern"},{"floor":41,"key":"Blood Vial"},{"floor":43,"key":"Akabeko"},{"floor":43,"key":"Mercury Hourglass"},{"floor":45,"key":"Whetstone"},{"floor":47,"key":"Vajra"},{"floor":55,"key":"War Paint"}],"event_choices":[{"damage_healed":0.0,"max_hp_gain":0.0,"max_hp_loss":0.0,"gold_gain":0.0,"event_name":"The Woman in Blue","player_choice":"Bought 2 Potions","floor":2.0,"gold_loss":0.0,"damage_taken":0.0},{"damage_healed":0.0,"max_hp_gain":5.0,"max_hp_loss":0.0,"gold_gain":0.0,"event_name":"Big Fish","player_choice":"Donut","floor":5.0,"gold_loss":0.0,"damage_taken":0.0},{"damage_healed":0.0,"max_hp_gain":0.0,"max_hp_loss":0.0,"gold_gain":0.0,"event_name":"Scrap Ooze","player_choice":"Success","floor":8.0,"gold_loss":0.0,"damage_taken":26.0,"relics_obtained":["Dead Branch"]},{"damage_healed":0.0,"max_hp_gain":0.0,"max_hp_loss":0.0,"gold_gain":0.0,"event_name":"Vampires","player_choice":"Ignored","floor":21.0,"gold_loss":0.0,"damage_taken":0.0},{"damage_healed":0.0,"max_hp_gain":5.0,"max_hp_loss":0.0,"gold_gain":0.0,"event_name":"Forgotten Altar","player_choice":"Shed Blood","floor":29.0,"gold_loss":0.0,"damage_taken":25.0},{"damage_healed":0.0,"max_hp_gain":0.0,"max_hp_loss":0.0,"gold_gain":0.0,"event_name":"Lab","player_choice":"Got Potions","floor":36.0,"gold_loss":0.0,"damage_taken":0.0},{"damage_healed":0,"gold_gain":0,"player_choice":"Forge","damage_taken":0,"max_hp_gain":0,"max_hp_loss":0,"event_name":"Accursed Blacksmith","floor":48,"gold_loss":0,"cards_upgraded":["Envenom"]}],"is_beta":false,"boss_relics":[{"not_picked":["Cursed Key","Astrolabe"],"picked":"Calling Bell"},{"not_picked":["HoveringKite","Velvet Choker"],"picked":"Fusion Hammer"}],"items_purged_floors":[44],"is_endless":false,"potions_floor_spawned":[3,7,10,13,16,19,22,23,30,35,38,41,47],"ascension_level":20}}