{"host":"szp1d6dso4pv7ddl","time":1613346607,"event":{"mods":["AchievementEnabler","Alarm Clock","BaseMod","Bestiary","Block Reminder","Colored Map","Colored Powertips","Curses Come First","Dark Map","Displayed Cursed Tome","Highlight Path","Minty Spire (QoL Compilation)","Permanent Neow","Quick Restart","Relic Sorter","Relic Stats","StSLib","Synergy Search"],"gold_per_floor":[113,131,47,58,133,133,160,180,207,207,207,236,249,262,262,334,334,350,361,286,303,303,303,335,355,355,369,369,369,369,369,369],"floor_reached":31,"language":"ENG","playtime":2551,"items_purged":["Strike_G"],"score":534,"play_id":"165d5934-12a4-4cef-ba5d-44954e7eb9d6","local_time":"20210214155007","is_ascension_mode":true,"campfire_choices":[{"data":"Phantasmal Killer","floor":6,"key":"SMITH"},{"floor":11,"key":"REST"},{"floor":15,"key":"REST"},{"floor":23,"key":"REST"},{"floor":28,"key":"REST"}],"circlet_count":0,"master_deck":["AscendersBane","Defend_G","Defend_G","Defend_G","Defend_G","Defend_G","Survivor","Neutralize","Phantasmal Killer+1","Blade Dance","Blade Dance","Blur","Sucker Punch","Cloak And Dagger","After Image","Crippling Poison","Phantasmal Killer","Blade Dance+1","Prepared","Storm of Steel","PiercingWail","Deflect","Riddle With Holes"],"relics":["Ring of the Snake","Boot","Centennial Puzzle","Blood Vial","Sozu","Toy Ornithopter","Eternal Feather"],"acts_visited":["Exordium","TheCity"],"potions_floor_usage":[7,13,16,16,18],"damage_taken":[{"damage":5,"enemies":"2 Louse","floor":1,"turns":4},{"damage":8,"enemies":"Small Slimes","floor":2,"turns":5},{"damage":0,"enemies":"Cultist","floor":4,"turns":4},{"damage":10,"enemies":"3 Sentries","floor":7,"turns":7},{"damage":1,"enemies":"Looter","floor":8,"turns":4},{"damage":26,"enemies":"Gremlin Nob","floor":12,"turns":4},{"damage":0,"enemies":"Lots of Slimes","floor":13,"turns":4},{"damage":3,"enemies":"3 Louse","floor":14,"turns":4},{"damage":13,"enemies":"The Guardian","floor":16,"turns":14},{"damage":2,"enemies":"3 Byrds","floor":18,"turns":4},{"damage":8,"enemies":"Shell Parasite","floor":19,"turns":6},{"damage":48,"enemies":"Cultist and Chosen","floor":21,"turns":11},{"damage":20,"enemies":"Slavers","floor":24,"turns":8},{"damage":1,"enemies":"Centurion and Healer","floor":25,"turns":9},{"damage":7,"enemies":"Snecko","floor":27,"turns":5},{"damage":45,"enemies":"Gremlin Leader","floor":31,"turns":8}],"seed_played":"-2458717508013777158","potions_obtained":[{"floor":2,"key":"Strength Potion"},{"floor":7,"key":"ColorlessPotion"},{"floor":8,"key":"Weak Potion"},{"floor":13,"key":"Energy Potion"},{"floor":16,"key":"DuplicationPotion"}],"is_trial":false,"path_per_floor":["M","M","$","M","?","R","E","M","T","?","R","E","M","M","R","B",null,"M","M","$","M","?","R","E","M","T","M","R","?","?","E"],"character_chosen":"THE_SILENT","items_purchased":["Blur"],"campfire_rested":4,"item_purchase_floors":[3],"current_hp_per_floor":[54,46,46,46,35,35,25,24,24,24,43,17,19,18,37,26,56,56,50,50,4,4,23,5,6,6,1,32,32,32,0,0],"gold":369,"neow_bonus":"ONE_RANDOM_RARE_CARD","is_daily":false,"chose_seed":false,"campfire_upgraded":1,"win_rate":0.0,"timestamp":1613346607,"path_taken":["M","M","$","M","?","R","E","M","T","?","R","E","?","M","R","BOSS","M","M","$","M","?","R","E","?","T","M","R","?","?","E"],"items_purchased_type":["Card"],"build_version":"2020-12-22","purchased_purges":1,"victory":false,"max_hp_per_floor":[66,66,66,66,66,66,66,66,66,66,66,66,66,66,66,66,66,66,66,66,66,66,66,66,66,66,66,66,66,66,66,66],"relic_stats":{"Blood Vial":20,"Sozu":3,"Centennial Puzzle":[30],"counters":[16,101],"Eternal Feather":12,"Boot":[184],"obtain_stats":[{"Blood Vial":12,"Sozu":17,"Centennial Puzzle":9,"Eternal Feather":26,"Boot":7,"Toy Ornithopter":24,"Ring of the Snake":0},{"Blood Vial":6,"Sozu":9,"Centennial Puzzle":5,"Eternal Feather":14,"Boot":4,"Toy Ornithopter":13,"Ring of the Snake":0},{"Blood Vial":28,"Sozu":50,"Centennial Puzzle":24,"Eternal Feather":88,"Boot":20,"Toy Ornithopter":79,"Ring of the Snake":0}],"Toy Ornithopter":0,"Ring of the Snake":[32]},"card_choices":[{"not_picked":["Underhanded Strike","PiercingWail"],"picked":"Blade Dance","floor":1},{"not_picked":["Acrobatics","Flying Knee"],"picked":"Blade Dance","floor":2},{"not_picked":["Choke","Flying Knee"],"picked":"Sucker Punch","floor":4},{"not_picked":["Deflect","Deadly Poison","Concentrate"],"picked":"SKIP","floor":7},{"not_picked":["Dagger Throw","Blade Dance"],"picked":"Cloak And Dagger","floor":8},{"not_picked":["Quick Slash","Blur"],"picked":"After Image","floor":12},{"not_picked":["Poisoned Stab","Caltrops","Expertise"],"picked":"SKIP","floor":13},{"not_picked":["Skewer","Quick Slash"],"picked":"Crippling Poison","floor":14},{"not_picked":["Unload","Tools of the Trade"],"picked":"Phantasmal Killer","floor":16},{"not_picked":["Sucker Punch+1","Masterful Stab+1","Backflip"],"picked":"SKIP","floor":18},{"not_picked":["Crippling Poison","Riddle With Holes","Finisher"],"picked":"SKIP","floor":19},{"not_picked":["Dodge and Roll","Dagger Spray"],"picked":"Blade Dance+1","floor":21},{"not_picked":["Riddle With Holes","Poisoned Stab"],"picked":"Prepared","floor":24},{"not_picked":["Dodge and Roll","PiercingWail"],"picked":"Storm of Steel","floor":25},{"not_picked":["Cloak And Dagger","Backflip"],"picked":"PiercingWail","floor":27}],"player_experience":1575788,"relics_obtained":[{"floor":7,"key":"Boot"},{"floor":9,"key":"Centennial Puzzle"},{"floor":12,"key":"Blood Vial"},{"floor":24,"key":"Toy Ornithopter"},{"floor":26,"key":"Eternal Feather"}],"event_choices":[{"damage_healed":0,"gold_gain":75,"player_choice":"Gather Gold","damage_taken":11,"max_hp_gain":0,"max_hp_loss":0,"event_name":"World of Goop","floor":5,"gold_loss":0},{"cards_removed":["Strike_G"],"damage_healed":0,"gold_gain":0,"player_choice":"Purged","damage_taken":0,"max_hp_gain":0,"max_hp_loss":0,"event_name":"Purifier","floor":10,"gold_loss":0},{"cards_removed":["Strike_G"],"damage_healed":0,"gold_gain":0,"player_choice":"Purged","damage_taken":0,"max_hp_gain":0,"max_hp_loss":0,"event_name":"Purifier","floor":22,"gold_loss":0},{"damage_healed":0,"gold_gain":0,"cards_transformed":["Strike_G","Strike_G"],"player_choice":"Became Test Subject","damage_taken":0,"max_hp_gain":0,"max_hp_loss":0,"event_name":"Drug Dealer","floor":29,"gold_loss":0,"cards_obtained":["Deflect","Riddle With Holes"]},{"damage_healed":0,"gold_gain":0,"player_choice":"Ignored","damage_taken":0,"max_hp_gain":0,"max_hp_loss":0,"event_name":"Cursed Tome","floor":30,"gold_loss":0}],"is_beta":false,"boss_relics":[{"not_picked":["SacredBark","Runic Dome"],"picked":"Sozu"}],"items_purged_floors":[20],"is_endless":false,"potions_floor_spawned":[2,7,8,13,16,24,25,27],"killed_by":"Gremlin Leader","ascension_level":20}}