{"host":"2d926qfvvz477zl6","time":1613279032,"event":{"mods":["Aspiration","BaseMod","Bossed Relics","Challenge The Spire","Conspire","Downfall","Energized Spire","Gremlin Mod","GungeonMod","Halation","Hermit","Hubris","Infinite Spire","Marked Mod","Minty Spire (QoL Compilation)","Morshu Shopkeeper","Rare Cards Sparkle","Reliquary","Replay The Spire","Retaliation","Shedinja","Somnambulant","Spicy Shops","StSLib","Td1madao Mod","The Blue Laboratory","The Bug Knight","The Construct","The Cursed","The Disciple","The Hierophant","The IronCluck","The Senshi","Wandering Minibosses","Wide Potions","everything is the same but u backflip on backflip","slay the spire mod where everything is the same but ironclad has a cowboy hat"],"gold_per_floor":[99,119,132,132,27,41,112,159,173,73,108,19,31,65,77,175,175,75,89,89,105,105,178,178,178,178,178,78,93,93,107,163,262,262,262,277,277,322,322],"floor_reached":38,"language":"ENG","playtime":1790,"items_purged":["Shedinja:Scratch","Amnesia"],"score":633,"play_id":"dc5fcb9d-1213-401b-bccb-2559a9e4b05d","local_time":"20210214000352","is_ascension_mode":true,"campfire_choices":[{"floor":1.0,"key":"RECALL"},{"data":"Shedinja:WillOWisp","floor":10,"key":"SMITH"},{"data":"Shedinja:WillOWisp","floor":18,"key":"SMITH"},{"data":"infinitespire:SevenWalls","floor":28,"key":"SMITH"},{"data":"Shedinja:WillOWisp","floor":35,"key":"SMITH"}],"circlet_count":0,"master_deck":["Shedinja:Scratch","Shedinja:Scratch","Shedinja:Scratch","Shedinja:Scratch","Shedinja:Endure","Shedinja:Endure","Shedinja:Endure","Shedinja:Endure","Shedinja:Endure","Shedinja:FocusSash","Shedinja:FocusSash","Shedinja:WillOWisp+1","Shedinja:ShadowSneak","Shedinja:Substitute","Shedinja:SuckerPunch","Shedinja:Absorb","Shedinja:Absorb","Shedinja:ShadowSneak","Shedinja:StruggleBug","Shedinja:BugBuzz","Shedinja:MetalClaw","Shedinja:WillOWisp+1","Shedinja:HYPERBEAM","Shedinja:GigaDrain","Replay:Fractal Strike","infinitespire:SevenWalls+1","Shedinja:WillOWisp+1","Shedinja:NightSlash","Shedinja:Harden","Shedinja:DoubleTeam+1","Shedinja:PowerBracer","Shedinja:Absorb+1","Shedinja:XScissor+1","Shedinja:StruggleBug","Replay:Fractal Strike"],"relics":["Shedinja:WonderGuard","Shedinja:ExtraMaxHp","DemoMod:GlassGuonStoneRelic","downfall:HeartBlessingRed","Replay:Kaleidoscope","reliquary:BrokenClock","Unceasing Top","energizedSpire:EnergizedDie","downfall:HeartBlessingGreen","Golden Egg","ReplayTheSpireMod:Ring of Challenge","Ring of Hypnosis","hubris:Icosahedron","downfall:RedIOU","downfall:HeartBlessingBlue","Shedinja:BrightPowder","Shuriken"],"acts_visited":["Exordium","TheCity","TheBeyond"],"potions_floor_usage":[11,11,11,11,12,12,12,12,12,12,31,31,33,33,33],"damage_taken":[{"damage":0.0,"enemies":"Jaw Worm","floor":2.0,"turns":5.0},{"damage":0.0,"enemies":"2 Louse","floor":3.0,"turns":6.0},{"damage":0.0,"enemies":"downfall:FleeingMerchant","floor":5.0,"turns":4.0},{"damage":0,"enemies":"Cultist","floor":6,"turns":7},{"damage":0,"enemies":"Red Slaver","floor":9,"turns":4},{"damage":0,"enemies":"3 Sentries","floor":11,"turns":6},{"damage":0,"enemies":"downfall:FleeingMerchant","floor":12,"turns":4},{"damage":0,"enemies":"Blue Slaver","floor":13,"turns":3},{"damage":0,"enemies":"Gremlin Nob","floor":14,"turns":6},{"damage":0,"enemies":"3 Louse","floor":15,"turns":2},{"damage":0,"enemies":"WA_ARCHETYPE_RETAIN","floor":16,"turns":11},{"damage":0,"enemies":"Spheric Guardian","floor":19,"turns":5},{"damage":0,"enemies":"3 Byrds","floor":21,"turns":3},{"damage":0,"enemies":"Book of Stabbing","floor":23,"turns":8},{"damage":0,"enemies":"Sentry and Sphere","floor":29,"turns":6},{"damage":0,"enemies":"Centurion and Healer","floor":31,"turns":7},{"damage":0,"enemies":"Chosen and Byrds","floor":32,"turns":13},{"damage":0,"enemies":"IC_MUSHROOM_ARCHETYPE","floor":33,"turns":6},{"damage":0,"enemies":"3 Shapes","floor":36,"turns":3},{"damage":10,"enemies":"3 Darklings","floor":38,"turns":2}],"seed_played":"-8500602449092162903","potions_obtained":[{"floor":3.0,"key":"Languid Potion"},{"floor":6,"key":"Elixir"},{"floor":8,"key":"infinitespire:BlackPotion"},{"floor":8,"key":"Doom Potion"},{"floor":8,"key":"EntropicBrew"},{"floor":9,"key":"Fire Potion"},{"floor":11,"key":"EntropicBrew"},{"floor":16,"key":"blueLaboratory:NullPotion"},{"floor":21,"key":"Fire Potion"},{"floor":27,"key":"Cursed Concoction"},{"floor":27,"key":"Doom Potion"},{"floor":31,"key":"blueLaboratory:SavagePotion"}],"is_trial":false,"path_per_floor":["R","M","M","?","$","M","T","?","M","R","E","$","M","E","M","B",null,"R","M","AVR","M","?","E","T","?","?","?","R","M","?","M","M","B",null,"R","M","AVR","M"],"character_chosen":"THE_DEFAULT","items_purchased":["Shedinja:SuckerPunch","reliquary:BrokenClock"],"campfire_rested":0,"item_purchase_floors":[5,12],"current_hp_per_floor":[1,1,1,1,1,1,1,1,1,1,1,1,1,1,1,1,1,1,1,1,1,1,1,1,1,1,1,1,1,1,1,1,1,1,1,1,1,0,0],"gold":322,"neow_bonus":"TEN_PERCENT_HP_BONUS","is_daily":false,"chose_seed":false,"campfire_upgraded":4,"win_rate":0.0,"timestamp":1613279032,"path_taken":["R","M","M","?","$","M","T","?","?","R","E","?","M","E","M","BOSS","R","M","AVR","M","?","E","T","?","?","?","R","?","?","M","M","BOSS","R","M","AVR","M"],"items_purchased_type":["Card","Relic"],"build_version":"2020-12-22","purchased_purges":2,"victory":false,"max_hp_per_floor":[1,1,1,1,1,1,1,1,1,1,1,1,1,1,1,1,1,1,1,1,1,1,1,1,1,1,1,1,1,1,1,1,1,1,1,1,1,1,1],"card_choices":[{"not_picked":["Shedinja:Trick","Shedinja:GigaDrain"],"picked":"Shedinja:WillOWisp","floor":2.0},{"not_picked":["Shedinja:StruggleBug","Shedinja:MindReader"],"picked":"Shedinja:ShadowSneak","floor":3.0},{"not_picked":["Shedinja:FinalGambit","Shedinja:Elixir"],"picked":"Shedinja:Substitute","floor":5},{"not_picked":["Shedinja:HoneClaws","Shedinja:Facade"],"picked":"Shedinja:Absorb","floor":6},{"not_picked":["Shedinja:Facade","Shedinja:Mimic"],"picked":"Shedinja:Absorb","floor":8},{"not_picked":["Shedinja:HoneClaws","Shedinja:Round","Shedinja:Elixir"],"picked":"SKIP","floor":9},{"not_picked":["Shedinja:MindReader","Shedinja:MetalClaw"],"picked":"Shedinja:ShadowSneak","floor":11},{"not_picked":["Shedinja:Mimic","Shedinja:Elixir"],"picked":"Shedinja:StruggleBug","floor":12},{"not_picked":["Shedinja:SuckerPunch","Shedinja:Mimic"],"picked":"Shedinja:BugBuzz","floor":13},{"not_picked":["Shedinja:PowerBelt","Shedinja:Agility"],"picked":"Shedinja:MetalClaw","floor":14},{"not_picked":["Shedinja:Mimic","Shedinja:Ether"],"picked":"Shedinja:WillOWisp","floor":15},{"not_picked":["Shedinja:LumBerry","Shedinja:Substitute"],"picked":"Shedinja:HYPERBEAM","floor":16},{"not_picked":["Shedinja:Elixir","Shedinja:ShadowClaw"],"picked":"Shedinja:GigaDrain","floor":19},{"not_picked":["Shedinja:Elixir","Shedinja:Harden"],"picked":"Shedinja:WillOWisp","floor":21},{"not_picked":["Shedinja:ShadowBall","Shedinja:ConfuseRay"],"picked":"Shedinja:NightSlash","floor":23},{"not_picked":["Shedinja:SuckerPunch","Shedinja:ShadowClaw"],"picked":"Shedinja:Harden","floor":29},{"not_picked":["Shedinja:SafetyGoggles","Shedinja:FurySwipes"],"picked":"Shedinja:PowerBracer","floor":31},{"not_picked":["Shedinja:PowerBracer","Shedinja:StringShot"],"picked":"Shedinja:Absorb+1","floor":32},{"not_picked":["Shedinja:LumBerry","Shedinja:FinalGambit"],"picked":"Shedinja:XScissor","floor":33},{"not_picked":["Shedinja:RockyHelmet+1","Shedinja:ArtifactCard"],"picked":"Shedinja:StruggleBug","floor":36}],"player_experience":413290,"relics_obtained":[{"floor":7,"key":"Bottled Flame"},{"floor":11,"key":"Replay:Kaleidoscope"},{"floor":14,"key":"Unceasing Top"},{"floor":22,"key":"ReplayTheSpireMod:Ring of Challenge"},{"floor":22,"key":"Ring of Hypnosis"},{"floor":23,"key":"reliquary:TuningFork"}],"event_choices":[{"damage_healed":0,"gold_gain":0,"player_choice":"Read","damage_taken":0,"max_hp_gain":0,"max_hp_loss":0,"event_name":"The Library","floor":30,"gold_loss":0,"cards_obtained":["Shedinja:DoubleTeam"]}],"is_beta":false,"boss_relics":[{"not_picked":["halation:PlatinumPhoenix","aspiration:PoetsPen_weak"],"picked":"energizedSpire:EnergizedDie"},{"not_picked":["aspiration:RitualDagger","Runic Dome"],"picked":"Shedinja:BrightPowder"}],"items_purged_floors":[20,37],"is_endless":false,"potions_floor_spawned":[3,6,9,11,16,21,31],"killed_by":"3 Darklings","ascension_level":1}}