{"host":"36qke0usa4c48kdx","time":1613303241,"event":{"mods":["AchievementEnabler","BaseMod","Colored Map","Downfall","Hermit","Hubris","Marisa????????","Minty Spire (QoL Compilation)","READ ME - Guardian Mod","Replay The Spire","Shop Mod","StSLib","The Bug Knight","The Cursed","The Disciple","The Servant 0.9.4"],"gold_per_floor":[112,112,187,187,197,225,225,257,309,309,309,320,320,391,391,391,391],"floor_reached":16,"language":"ENG","playtime":566,"items_purged":[],"score":190,"play_id":"c37a61fd-3793-42ab-8b78-499d26b6ba96","local_time":"20210214124721","is_ascension_mode":true,"campfire_choices":[{"data":"Cleave","floor":7,"key":"SMITH"},{"floor":10,"key":"REST"},{"floor":15,"key":"DIG"}],"circlet_count":0,"master_deck":["Strike_R","Strike_R+1","Strike_R","Strike_R","Strike_R","Defend_R","Defend_R","Defend_R+1","Defend_R","Bash","Clash","Delirium","Cleave+1","Shrug It Off","Thunderclap","ReplayTheSpireMod:Stacked","Regret"],"relics":["Burning Blood","NeowsBlessing","ReplayTheSpireMod:Ring of Exchange","Ring of Hypnosis","Smiling Mask","FossilizedHelix","Simple Rune","hubris:Towel","Replay:Bottled Steam","Quantum Egg"],"acts_visited":["Exordium"],"potions_floor_usage":[16,16],"damage_taken":[{"damage":0,"enemies":"2 Louse","floor":1,"turns":1},{"damage":0,"enemies":"Jaw Worm","floor":5,"turns":1},{"damage":0,"enemies":"3 Sentries","floor":6,"turns":1},{"damage":49,"enemies":"Gremlin Nob","floor":8,"turns":5},{"damage":2,"enemies":"Small Slimes","floor":12,"turns":3},{"damage":65,"enemies":"Hexaghost","floor":16,"turns":10}],"seed_played":"755942226759799145","potions_obtained":[{"floor":8,"key":"Reflective Coating"},{"floor":12,"key":"SpeedPotion"}],"is_trial":false,"path_per_floor":["M","?","?","?","M","E","R","E","T","R","?","M","?","T","R_BF","B"],"character_chosen":"IRONCLAD","items_purchased":[],"campfire_rested":1,"item_purchase_floors":[],"current_hp_per_floor":[78,78,67,67,73,79,79,36,36,60,60,64,64,64,64,0,0],"gold":391,"neow_bonus":"THREE_ENEMY_KILL","is_daily":false,"chose_seed":false,"campfire_upgraded":1,"win_rate":0.0,"timestamp":1613303241,"path_taken":["M","?","?","?","M","E","R","E","T","R","?","M","?","?","R_BF","BOSS"],"items_purchased_type":[],"build_version":"2020-12-22","purchased_purges":0,"victory":false,"max_hp_per_floor":[80,80,80,80,80,80,80,80,80,80,80,80,80,80,80,80,80],"card_choices":[{"not_picked":["Heavy Blade","Body Slam"],"picked":"Clash","floor":1},{"not_picked":["Metallicize","Whirlwind"],"picked":"Shrug It Off","floor":5},{"not_picked":["Sever Soul","Iron Wave"],"picked":"Thunderclap","floor":6},{"not_picked":["Seeing Red","True Grit"],"picked":"ReplayTheSpireMod:Stacked","floor":8},{"not_picked":["Dual Wield","ReplayTheSpireMod:LeadingStrike","Defy Death"],"picked":"SKIP","floor":12}],"player_experience":788269,"relics_obtained":[{"floor":2,"key":"ReplayTheSpireMod:Ring of Exchange"},{"floor":2,"key":"Ring of Hypnosis"},{"floor":6,"key":"Smiling Mask"},{"floor":8,"key":"FossilizedHelix"},{"floor":14,"key":"Replay:Bottled Steam"},{"floor":15,"key":"Quantum Egg"}],"event_choices":[{"damage_healed":0,"gold_gain":75,"player_choice":"Gather Gold","damage_taken":11,"max_hp_gain":0,"max_hp_loss":0,"event_name":"World of Goop","floor":3,"gold_loss":0},{"damage_healed":0,"gold_gain":0,"player_choice":"Box","damage_taken":0,"relics_obtained":["Simple Rune"],"max_hp_gain":0,"max_hp_loss":0,"event_name":"Big Fish","floor":11,"gold_loss":0,"cards_obtained":["Regret"]}],"is_beta":false,"boss_relics":[],"items_purged_floors":[],"is_endless":false,"potions_floor_spawned":[8,12],"killed_by":"Hexaghost","ascension_level":9}}