{"host":"bp3tm7tvk8nf4kb2","time":1613282505,"event":{"mods":["2.2 Compatiblity","AchievementEnabler","BaseMod","Bestiary","Better Match","Better Third Choice","BetterRewards","Colored Map","Colored Powertips","Curses Come First","DeckTracker","Downfall","Duelist Mod","Friendly Minions","Googly Eyes","Halation","Highlight Path","Marisa????????","Minty Spire (QoL Compilation)","Morshu Shopkeeper - ENHANCED","Permanent Neow","Quick Restart","Rare Cards Sparkle","Reorder Act Four","Replay The Spire","Shop Mod","Spicy Shops","StSLib","The Animator","TheBandit","Waifu the Spire","Wide Potions","everything is the same but u backflip on backflip"],"gold_per_floor":[111,130,49,49,49,49,78,78,78,93,112,112,130,203,203,303,303,315,315,330,330,330,330,346,358,358,358,371,385,385,399,399,497,497,512,529,529,540,559,584,603,72,122,122,134,134,29,43,43,43,43],"floor_reached":50,"language":"ENG","playtime":2680,"items_purged":[],"score":528,"play_id":"5bf601bb-b922-460e-b80a-f4f424fc8d82","local_time":"20210213220145","is_ascension_mode":false,"campfire_choices":[{"data":"Defragment","floor":6,"key":"SMITH"},{"floor":15,"key":"REST"},{"data":"Electrodynamics","floor":23,"key":"SMITH"},{"floor":32,"key":"REST"},{"floor":44,"key":"RECALL"},{"floor":46,"key":"REST"},{"floor":49,"key":"REST"}],"circlet_count":0,"master_deck":["Strike_B","Strike_B","Strike_B","Strike_B","Defend_B","Defend_B","Defend_B","Zap","Dualcast","Defragment+1","Storm+1","ReplayTheSpireMod:Calculation Training","Thunder Strike","Electrodynamics+1","Storm","Biased Cognition","Redo+1","Thunder Strike","Hologram+1","Steam Power+1","White Noise","Redo+1","Pot Of Greed","Pot Of Greed","Amnesia","Ball Lightning","Pot Of Greed"],"relics":["Cracked Core","NeowsBlessing","halation:LostSnail","Orichalcum","Mirror","ReplayTheSpireMod:Lightbulb","halation:PinkSoulGem","Toy Ornithopter","Cursed Key","Bag of Preparation","Potion Belt","halation:Thesaurus","Grinning Jar","Incense Burner","Centennial Puzzle","halation:Diary"],"acts_visited":["Exordium","TheCity","TheBeyond"],"potions_floor_usage":[16,16,16,18,28,29,33,33,33,36,38,40,41],"damage_taken":[{"damage":0,"enemies":"Jaw Worm","floor":1,"turns":1},{"damage":0,"enemies":"Small Slimes","floor":2,"turns":1},{"damage":0,"enemies":"3 Sentries","floor":7,"turns":1},{"damage":0,"enemies":"Cultist","floor":10,"turns":3},{"damage":14,"enemies":"3 Louse","floor":11,"turns":3},{"damage":30,"enemies":"Gremlin Gang","floor":13,"turns":5},{"damage":16,"enemies":"Hexaghost","floor":16,"turns":9},{"damage":30,"enemies":"2 Thieves","floor":18,"turns":3},{"damage":13,"enemies":"3 Byrds","floor":20,"turns":3},{"damage":4,"enemies":"Cultist and Chosen","floor":24,"turns":3},{"damage":15,"enemies":"Snake Plant","floor":25,"turns":3},{"damage":0,"enemies":"Snecko","floor":28,"turns":2},{"damage":5,"enemies":"Cultist and Chosen","floor":29,"turns":3},{"damage":16,"enemies":"Snake Plant","floor":31,"turns":3},{"damage":7,"enemies":"Collector","floor":33,"turns":5},{"damage":17,"enemies":"Orb Walker","floor":35,"turns":3},{"damage":29,"enemies":"3 Darklings","floor":36,"turns":4},{"damage":41,"enemies":"Spire Growth","floor":38,"turns":4},{"damage":14,"enemies":"Transient","floor":39,"turns":5},{"damage":0,"enemies":"Nemesis","floor":40,"turns":1},{"damage":0,"enemies":"Jaw Worm Horde","floor":41,"turns":2},{"damage":17,"enemies":"Spire Growth","floor":45,"turns":3},{"damage":20,"enemies":"Writhing Mass","floor":48,"turns":3},{"damage":38,"enemies":"Time Eater","floor":50,"turns":3}],"seed_played":"-4785964357191323653","potions_obtained":[{"floor":1,"key":"SkillPotion"},{"floor":10,"key":"Fire Potion"},{"floor":14,"key":"Ancient Potion"},{"floor":16,"key":"Strength Potion"},{"floor":20,"key":"Swift Potion"},{"floor":24,"key":"SneckoOil"},{"floor":28,"key":"Dexterity Potion"},{"floor":29,"key":"Strength Potion"},{"floor":30,"key":"EssenceOfSteel"},{"floor":30,"key":"DistilledChaos"},{"floor":35,"key":"AttackPotion"},{"floor":36,"key":"EssenceOfSteel"},{"floor":39,"key":"SmokeBomb"},{"floor":40,"key":"SkillPotion"}],"is_trial":false,"path_per_floor":["M","M","$","?","$","R","E","?","T","M","M","?","M","?","R","B",null,"M","?","M","?","T","R","M","M","T","?","M","M","?","M","R","B",null,"M","M","?","M","M","E","M","$","T","R","M","R","$","M","R","B"],"character_chosen":"DEFECT","items_purchased":["halation:LostSnail","Potion Belt","halation:Thesaurus","Incense Burner","halation:Diary"],"campfire_rested":4,"item_purchase_floors":[3,42,42,42,47],"current_hp_per_floor":[75,75,75,75,75,75,75,75,75,75,61,61,31,1,23,7,75,45,45,32,32,32,32,28,13,13,13,18,18,18,2,24,32,75,58,34,66,25,11,21,26,26,26,26,9,28,28,8,27,0,0],"gold":43,"neow_bonus":"THREE_ENEMY_KILL","is_daily":false,"chose_seed":false,"campfire_upgraded":2,"win_rate":0.0,"timestamp":1613282505,"path_taken":["M","M","$","?","$","R","E","?","T","M","?","?","?","?","R","BOSS","M","?","M","?","?","R","M","M","T","?","?","M","?","M","R","BOSS","M","?","?","M","M","E","M","$","T","R","M","R","$","M","R","BOSS"],"items_purchased_type":["Relic","Relic","Relic","Relic","Relic"],"build_version":"2020-12-22","purchased_purges":0,"victory":false,"max_hp_per_floor":[75,75,75,75,75,75,75,75,75,75,75,75,75,75,75,75,75,75,75,75,75,75,75,75,75,75,75,75,75,75,75,75,75,75,75,75,66,66,66,66,66,66,66,66,66,66,66,66,66,66,66],"card_choices":[{"not_picked":["Undo","Rebound","Gash"],"picked":"SKIP","floor":1},{"not_picked":["Auto Shields","Cold Snap","Go for the Eyes"],"picked":"SKIP","floor":2},{"not_picked":["Barrage","Conserve Battery"],"picked":"Storm","floor":7},{"not_picked":["Recycle","Go for the Eyes"],"picked":"ReplayTheSpireMod:Calculation Training","floor":10},{"not_picked":["Beam Cell","Aggregate","Steam"],"picked":"SKIP","floor":11},{"not_picked":["Doom and Gloom","Cold Snap","Beam Cell"],"picked":"SKIP","floor":13},{"not_picked":["Time Bomb","Ball Lightning"],"picked":"Thunder Strike","floor":14},{"not_picked":["ReplayRNGCard","ReplayTheSpireMod:Omega Cannon"],"picked":"Electrodynamics","floor":16},{"not_picked":["Streamline","Beam Cell","Melter"],"picked":"SKIP","floor":18},{"not_picked":["Coolheaded","Cold Snap+1","Steam"],"picked":"SKIP","floor":20},{"not_picked":["Reprogram","Glacier+1"],"picked":"Storm","floor":24},{"not_picked":["Steam","Rebound+1","Darkness"],"picked":"SKIP","floor":25},{"not_picked":["Leap+1","Rebound","ReplayTheSpireMod:Reroute Power"],"picked":"SKIP","floor":28},{"not_picked":["Gash","Coolheaded+1"],"picked":"Redo+1","floor":29},{"not_picked":["Skim+1","Fusion","Compile Driver"],"picked":"SKIP","floor":31},{"not_picked":["ReplayRNGCard","Biased Cognition"],"picked":"Thunder Strike","floor":33},{"not_picked":["Streamline","Conserve Battery+1"],"picked":"Hologram+1","floor":35},{"not_picked":["Rebound+1","Steam+1"],"picked":"Steam Power+1","floor":36},{"not_picked":["Beam Cell+1","Barrage","Sweeping Beam"],"picked":"SKIP","floor":38},{"not_picked":["ReplayTheSpireMod:Reroute Power+1","Coolheaded"],"picked":"White Noise","floor":39},{"not_picked":["Stack","BootSequence+1"],"picked":"Redo+1","floor":40},{"not_picked":["Recycle+1","Crystallizer","Gash"],"picked":"SKIP","floor":41},{"not_picked":["Consume+1","FTL"],"picked":"Ball Lightning","floor":45},{"not_picked":["Sweeping Beam","Redo","Stack"],"picked":"SKIP","floor":48}],"player_experience":48101,"relics_obtained":[{"floor":7,"key":"Orichalcum"},{"floor":9,"key":"Mirror"},{"floor":12,"key":"ReplayTheSpireMod:Lightbulb"},{"floor":14,"key":"Replay:Antivirus Software"},{"floor":22,"key":"Toy Ornithopter"},{"floor":40,"key":"Bag of Preparation"},{"floor":43,"key":"Centennial Puzzle"}],"event_choices":[{"damage_healed":0,"gold_gain":0,"cards_transformed":["Defend_B"],"player_choice":"Change","damage_taken":0,"max_hp_gain":0,"max_hp_loss":0,"event_name":"Living Wall","floor":4,"gold_loss":0,"cards_obtained":["Defragment"]},{"damage_healed":0,"gold_gain":0,"player_choice":"Forge","damage_taken":0,"max_hp_gain":0,"max_hp_loss":0,"event_name":"Accursed Blacksmith","floor":8,"gold_loss":0,"cards_upgraded":["Storm"]},{"damage_healed":0,"gold_gain":0,"player_choice":"Relic","damage_taken":0,"max_hp_gain":0,"max_hp_loss":0,"event_name":"Wheel of Change","floor":12,"gold_loss":0},{"damage_healed":0,"gold_gain":0,"player_choice":"Read","damage_taken":0,"max_hp_gain":0,"max_hp_loss":0,"event_name":"The Library","floor":27,"gold_loss":0,"cards_obtained":["Biased Cognition"]},{"damage_healed":0,"gold_gain":0,"player_choice":"Got Potions","damage_taken":0,"max_hp_gain":0,"max_hp_loss":0,"event_name":"Lab","floor":30,"gold_loss":0},{"damage_healed":66,"gold_gain":0,"player_choice":"Heal","damage_taken":0,"max_hp_gain":0,"max_hp_loss":9,"event_name":"The Moai Head","floor":37,"gold_loss":0}],"is_beta":false,"boss_relics":[{"not_picked":["Replay:Wanted Poster","halation:LoveArrow","halation:ForbiddenBikini"]},{"not_picked":["halation:CatFaceCupcake","halation:Risk"],"picked":"Cursed Key"}],"items_purged_floors":[],"is_endless":false,"potions_floor_spawned":[1,10,16,20,24,28,29,35,36,39,40],"killed_by":"Time Eater","ascension_level":0}}