{"host":"w7pthw6r6331n954","time":1613346183,"event":{"mods":["AchievementEnabler","Act Like it!","BaseMod","BetterRewards","Colored Map","Colored Powertips","Custom Start","Downfall","Hallownest","Hermit","Jorbs\u0027s Wanderer Trilogy","Minty Spire (QoL Compilation)","Replay The Spire","Shop Mod","StSLib","SuperFastMode"],"gold_per_floor":[114,114,132,148,148,148,164,164,187,205,225,94,194,208,208,306,356,375,375,25,100,117,117,149,149,175,175,175],"floor_reached":27,"language":"ENG","playtime":1761,"items_purged":[],"score":429,"play_id":"2cfd9dba-290f-4a3b-88aa-7d17996eda98","local_time":"20210214184303","is_ascension_mode":true,"campfire_choices":[{"floor":6,"key":"RECALL"},{"floor":8,"key":"REST"},{"data":"Mind Blast","floor":15,"key":"SMITH"},{"floor":23,"key":"REST"},{"floor":25,"key":"REST"}],"circlet_count":0,"master_deck":["Strike_B+1","Strike_B","Strike_B","Defend_B","Defend_B","Defend_B","Defend_B","Zap","Dualcast","Beam Cell","Hologram","Reprogram","Reboot","BasicCrystalCard","Chill","Beam Cell","Melter","FTL","Gash","Reinforced Body","Mind Blast+1","Go for the Eyes","Go for the Eyes","ReplayRNGCard","Electrodynamics","Defragment","Capacitor","Necronomicurse","Bandage Up","Genetic Algorithm","Ball Lightning","Gash+1","Streamline","BootSequence","Time Bomb"],"relics":["Cracked Core","MerchantsRug","Replay:Mystery Machine","Tiny House","Necronomicon","Dream Catcher","ReplayTheSpireMod:Shallot"],"acts_visited":["Exordium","TheCity"],"potions_floor_usage":[4,16,18,24],"damage_taken":[{"damage":0,"enemies":"Cultist","floor":1,"turns":3},{"damage":7,"enemies":"Jaw Worm","floor":3,"turns":4},{"damage":1,"enemies":"Small Slimes","floor":4,"turns":3},{"damage":8,"enemies":"Gremlin Gang","floor":7,"turns":4},{"damage":7,"enemies":"Red Slaver","floor":10,"turns":3},{"damage":0,"enemies":"Large Slime","floor":11,"turns":5},{"damage":6,"enemies":"3 Louse","floor":14,"turns":2},{"damage":8,"enemies":"Hexaghost","floor":16,"turns":7},{"damage":33,"enemies":"Shell Parasite","floor":18,"turns":5},{"damage":11,"enemies":"2 Thieves","floor":22,"turns":2},{"damage":8,"enemies":"Slavers","floor":24,"turns":3},{"damage":55,"enemies":"Book of Stabbing","floor":27,"turns":5}],"seed_played":"8961117203314208291","potions_obtained":[{"floor":1,"key":"Dexterity Potion"},{"floor":4,"key":"Strength Potion"},{"floor":7,"key":"Reflective Coating"},{"floor":16,"key":"Fire Potion"},{"floor":17,"key":"DuplicationPotion"},{"floor":18,"key":"Elixir"}],"is_trial":false,"path_per_floor":["M","?","M","M","?","R","M","R","T","M","M","$","?","M","R","B",null,"M","?","$","?","M","R","E","R","T","E"],"character_chosen":"DEFECT","items_purchased":["MerchantsRug","Beam Cell","Hologram","Mind Blast","Go for the Eyes","Dream Catcher","Bandage Up","Genetic Algorithm","Ball Lightning"],"campfire_rested":3,"item_purchase_floors":[0,0,0,12,12,20,20,20,20],"current_hp_per_floor":[69,69,62,61,61,61,53,75,75,68,68,68,68,62,62,54,75,42,26,26,18,7,31,27,51,51,0,0],"gold":175,"neow_bonus":"","is_daily":false,"chose_seed":false,"campfire_upgraded":1,"win_rate":0.0,"timestamp":1613346183,"path_taken":["M","?","M","?","?","R","M","R","T","M","?","?","?","?","R","BOSS","M","?","$","?","M","R","E","R","T","E"],"items_purchased_type":["Relic","Card","Card","Card","Card","Relic","Card","Card","Card"],"build_version":"2020-12-22","purchased_purges":0,"victory":false,"max_hp_per_floor":[75,75,75,75,75,75,75,75,75,75,75,75,75,75,75,75,80,80,80,80,80,80,80,80,80,80,80,80],"card_choices":[{"not_picked":["Loop","Hello World"],"picked":"Reprogram","floor":1},{"not_picked":["Gash","Stack"],"picked":"Chill","floor":3},{"not_picked":["Reprogram","Cold Snap"],"picked":"Beam Cell","floor":4},{"not_picked":["Hologram","Streamline"],"picked":"FTL","floor":7},{"not_picked":["Barrage","Heatsinks"],"picked":"Gash","floor":10},{"not_picked":["Cold Snap","Consume"],"picked":"Reinforced Body","floor":11},{"not_picked":["Compile Driver","Go for the Eyes"],"picked":"ReplayRNGCard","floor":14},{"not_picked":["Meteor Strike","All For One"],"picked":"Electrodynamics","floor":16},{"not_picked":["Stack","Ball Lightning"],"picked":"Defragment","floor":17},{"not_picked":["Coolheaded","Rebound"],"picked":"Capacitor","floor":18},{"not_picked":["Sweeping Beam","Barrage"],"picked":"Gash+1","floor":22},{"not_picked":["ReplayTheSpireMod:Repulse","Cold Snap"],"picked":"Streamline","floor":23},{"not_picked":["Skim","ReplaySolidLightProjector"],"picked":"BootSequence","floor":24},{"not_picked":["Static Discharge","Barrage"],"picked":"Time Bomb","floor":25}],"player_experience":1254845,"relics_obtained":[{"floor":9,"key":"Replay:Mystery Machine"},{"floor":19,"key":"Necronomicon"},{"floor":24,"key":"ReplayTheSpireMod:Shallot"}],"event_choices":[{"damage_healed":0,"gold_gain":0,"player_choice":"2 cards matched","damage_taken":0,"max_hp_gain":0,"max_hp_loss":0,"event_name":"Match and Keep!","floor":2,"gold_loss":0,"cards_obtained":["Reboot","BasicCrystalCard"]},{"damage_healed":0,"gold_gain":0,"cards_transformed":["Strike_B"],"player_choice":"Transformed","damage_taken":0,"max_hp_gain":0,"max_hp_loss":0,"event_name":"Transmorgrifier","floor":5,"gold_loss":0,"cards_obtained":["Melter"]},{"damage_healed":0,"gold_gain":100,"player_choice":"Gold","damage_taken":0,"max_hp_gain":0,"max_hp_loss":0,"event_name":"Wheel of Change","floor":13,"gold_loss":0},{"damage_healed":0,"gold_gain":0,"player_choice":"Obtained Book","damage_taken":16,"max_hp_gain":0,"max_hp_loss":0,"event_name":"Cursed Tome","floor":19,"gold_loss":0},{"damage_healed":0,"gold_gain":75,"player_choice":"Touch","damage_taken":8,"max_hp_gain":0,"max_hp_loss":0,"event_name":"FaceTrader","floor":21,"gold_loss":0}],"is_beta":false,"boss_relics":[{"not_picked":["Kintsugi","Coffee Dripper"],"picked":"Tiny House"}],"items_purged_floors":[],"is_endless":false,"potions_floor_spawned":[1,4,7,16,18],"killed_by":"Book of Stabbing","ascension_level":5}}