{"host":"am0cr9xwekqmrere","time":1613343657,"event":{"mods":["AchievementEnabler","Act Like it!","BaseMod","Better Altar","Better Match","Better Note","Better Sensory Stone","Better Skull","Better Third Choice","BetterRewards","Conspire","Downfall","Hubris","Infinite Spire","Minty Spire (QoL Compilation)","Rare Cards Sparkle","Spicy Shops","StSLib","Unceasing Turn Reminder"],"gold_per_floor":[113,113,132,152,164,198,198,98,98,98,137,137,180,229,229,345,345,387,413,451,463,463],"floor_reached":21,"language":"ENG","playtime":808,"items_purged":[],"score":283,"play_id":"2699999c-ac3b-4c5c-bf8b-3bad199d4451","local_time":"20210214170057","is_ascension_mode":false,"campfire_choices":[{"data":"Accuracy","floor":7,"key":"SMITH"},{"floor":10,"key":"REST"},{"data":"Footwork","floor":12,"key":"SMITH"},{"data":"Blade Dance","floor":15,"key":"SMITH"}],"circlet_count":0,"master_deck":["Strike_G","Strike_G","Strike_G","Strike_G","Strike_G","Defend_G","Defend_G","Defend_G","Defend_G","Defend_G","Survivor","Neutralize","Footwork+1","Blade Dance+1","Flying Knee","Deadly Poison","PiercingWail","Poisoned Stab","Accuracy+1","Dodge and Roll","conspire:SpireCoStock","conspire:SpireCoStock","Deadly Poison","Poisoned Stab","Blur","Adrenaline","Blade Dance+1","Caltrops"],"relics":["Ring of the Snake","infinitespire:PuzzleCube","Slimebound:PreparedRelic","SacredBark","Potion Belt"],"acts_visited":["Exordium","TheCity"],"potions_floor_usage":[5,6,6,20],"damage_taken":[{"damage":0,"enemies":"conspire:RoseBush","floor":1,"turns":4},{"damage":0,"enemies":"Jaw Worm","floor":3,"turns":4},{"damage":0,"enemies":"Cultist","floor":4,"turns":3},{"damage":14,"enemies":"Large Slime","floor":5,"turns":6},{"damage":18,"enemies":"Lagavulin","floor":6,"turns":7},{"damage":0,"enemies":"Lots of Slimes","floor":11,"turns":5},{"damage":0,"enemies":"3 Louse","floor":13,"turns":3},{"damage":3,"enemies":"Blue Slaver","floor":14,"turns":4},{"damage":23,"enemies":"The Guardian","floor":16,"turns":9},{"damage":15,"enemies":"2 Thieves","floor":18,"turns":5},{"damage":25,"enemies":"Spheric Guardian","floor":20,"turns":4},{"damage":32,"enemies":"Shelled Parasite and Fungi","floor":21,"turns":4}],"seed_played":"-3079983516815559066","potions_obtained":[{"floor":1,"key":"Dexterity Potion"},{"floor":3,"key":"CunningPotion"},{"floor":4,"key":"Regen Potion"},{"floor":18,"key":"Weak Potion"}],"is_trial":false,"path_per_floor":["M","?","M","M","M","E","R","?","T","R","M","R","M","M","R","B",null,"M","T","M","M"],"character_chosen":"THE_SILENT","items_purchased":["Footwork","Blade Dance","Flying Knee"],"campfire_rested":1,"item_purchase_floors":[0,0,0],"current_hp_per_floor":[70,70,70,70,56,53,53,53,53,70,70,70,70,67,67,44,70,55,55,30,0,0],"gold":463,"neow_bonus":"","is_daily":false,"chose_seed":false,"campfire_upgraded":3,"win_rate":0.0,"timestamp":1613343657,"path_taken":["M","?","M","M","M","E","R","?","T","R","M","R","?","M","R","BOSS","M","?","M","M"],"items_purchased_type":["Card","Card","Card"],"build_version":"2020-12-22","purchased_purges":0,"victory":false,"max_hp_per_floor":[70,70,70,70,70,70,70,70,70,70,70,70,70,70,70,70,70,70,70,70,70,70],"card_choices":[{"not_picked":["Choke","Calculated Gamble"],"picked":"PiercingWail","floor":1},{"not_picked":["Endless Agony","Outmaneuver","Quick Slash"],"picked":"SKIP","floor":3},{"not_picked":["Sucker Punch","Acrobatics"],"picked":"Poisoned Stab","floor":4},{"not_picked":["Deadly Poison","Flechettes"],"picked":"Accuracy","floor":5},{"not_picked":["Choke","Expertise"],"picked":"Dodge and Roll","floor":6},{"not_picked":["Prepared","hubris:Sniper"],"picked":"Deadly Poison","floor":11},{"not_picked":["Calculated Gamble","Backflip"],"picked":"Poisoned Stab","floor":13},{"not_picked":["Predator","PiercingWail"],"picked":"Blur","floor":14},{"not_picked":["Die Die Die","Grand Finale"],"picked":"Adrenaline","floor":16},{"not_picked":["Flying Knee","Underhanded Strike"],"picked":"Blade Dance+1","floor":18},{"not_picked":["Dagger Spray+1","PiercingWail"],"picked":"Caltrops","floor":20}],"player_experience":2787067,"relics_obtained":[{"floor":6,"key":"infinitespire:PuzzleCube"},{"floor":9,"key":"Slimebound:PreparedRelic"},{"floor":19,"key":"Potion Belt"}],"event_choices":[{"damage_healed":0,"gold_gain":0,"player_choice":"Disagree","damage_taken":0,"max_hp_gain":0,"max_hp_loss":0,"event_name":"conspire:LoneGhost","floor":2,"gold_loss":0},{"damage_healed":0,"gold_gain":0,"player_choice":"Invest 2","damage_taken":0,"max_hp_gain":0,"max_hp_loss":0,"event_name":"conspire:Investor","floor":8,"gold_loss":0}],"is_beta":false,"boss_relics":[{"not_picked":["Astrolabe","Velvet Choker"],"picked":"SacredBark"}],"items_purged_floors":[],"is_endless":false,"potions_floor_spawned":[1,3,4,18],"killed_by":"Shelled Parasite and Fungi","ascension_level":0}}