{"host":"gzsdmyo07u314vug","time":1613308805,"event":{"mods":["2.2 Compatiblity","Astrologer","BaseMod","Colored Powertips","GifTheSpireLib","Gremlin Mod","Hermit","Jorbs\u0027s Wanderer Trilogy","Minty Spire (QoL Compilation)","Quick Restart","Rare Cards Sparkle","Relic Stats","Replay The Spire","Robot Space Explorer","Shop Mod","StSLib","The Bladedancer","The Bug Knight","The Construct","The Cursed","The Elementalist","The Hierophant","The IronCluck","The Marked","The Necromancer","The Runesmith","The Servant 0.9.4","Unceasing Turn Reminder","everything is the same but u backflip on backflip","slay the spire mod where everything is the same but ironclad has a cowboy hat"],"gold_per_floor":[111,130,144,43,43,43,75,75,75,75,26,26,26,42,42,42,42],"floor_reached":16,"language":"ENG","playtime":306,"items_purged":["Shame"],"score":167,"play_id":"a1e1ab65-4f32-4cb4-b467-771edab93308","local_time":"20210214102005","is_ascension_mode":true,"campfire_choices":[{"data":"Darkness","floor":6.0,"key":"SMITH"},{"data":"Thinking Ahead","floor":8.0,"key":"SMITH"},{"data":"Dualcast","floor":10.0,"key":"SMITH"},{"data":"Redo","floor":13.0,"key":"SMITH"},{"data":"Leap","floor":15.0,"key":"SMITH"}],"circlet_count":0,"master_deck":["AscendersBane","Strike_B","Strike_B","Strike_B","Defend_B","Defend_B","Defend_B","Defend_B","Zap","Dualcast+1","Thinking Ahead+1","Go for the Eyes","Darkness+1","BootSequence","Streamline+1","Redo+1","Steam","Leap+1"],"relics":["Cracked Core","Question Card","Garlic"],"acts_visited":["Exordium"],"potions_floor_usage":[],"damage_taken":[{"damage":5.0,"enemies":"Small Slimes","floor":1.0,"turns":4.0},{"damage":0.0,"enemies":"Cultist","floor":2.0,"turns":3.0},{"damage":3.0,"enemies":"2 Louse","floor":3.0,"turns":3.0},{"damage":23.0,"enemies":"Gremlin Nob","floor":7.0,"turns":4.0},{"damage":3.0,"enemies":"Blue Slaver","floor":14.0,"turns":2.0},{"damage":37,"enemies":"Slime Boss","floor":16,"turns":3}],"seed_played":"3074328845654151203","potions_obtained":[{"floor":2.0,"key":"FearPotion"}],"is_trial":false,"path_per_floor":["M","M","M","$","?","R","E","R","T","R","$","?","R","M","R","B"],"character_chosen":"DEFECT","items_purchased":["Streamline","Redo"],"campfire_rested":0,"item_purchase_floors":[4,11],"current_hp_per_floor":[59,59,56,56,56,56,33,33,33,33,33,33,33,30,30,0,0],"gold":42,"neow_bonus":"RANDOM_COLORLESS_2","is_daily":false,"chose_seed":false,"campfire_upgraded":5,"win_rate":0.0,"timestamp":1613308805,"path_taken":["M","M","M","$","?","R","E","R","T","R","$","?","R","M","R","BOSS"],"items_purchased_type":["Card","Card"],"build_version":"2020-12-22","purchased_purges":1,"victory":false,"max_hp_per_floor":[71,71,71,71,71,71,71,71,71,71,71,71,71,71,71,71,71],"relic_stats":{"counters":[6,19],"Question Card":1,"obtain_stats":[{"Garlic":9,"Cracked Core":0,"Question Card":7},{"Garlic":4,"Cracked Core":0,"Question Card":4},{"Garlic":14,"Cracked Core":0,"Question Card":14}]},"card_choices":[{"not_picked":["Chrysalis","Poisoned Strike"],"picked":"Thinking Ahead","floor":0.0},{"not_picked":["Compile Driver","Streamline"],"picked":"Go for the Eyes","floor":1.0},{"not_picked":["Melter","Redo"],"picked":"Darkness","floor":2.0},{"not_picked":["Beam Cell","Go for the Eyes"],"picked":"BootSequence","floor":3.0},{"not_picked":["ReplayTheSpireMod:Omega Cannon","Reprogram","BootSequence"],"picked":"SKIP","floor":7.0},{"not_picked":["ReplayTheSpireMod:System Scan","Rebound","Coolheaded"],"picked":"Leap","floor":14.0}],"player_experience":869798,"relics_obtained":[{"floor":7.0,"key":"Question Card"},{"floor":9.0,"key":"Garlic"}],"event_choices":[{"damage_healed":0.0,"max_hp_gain":0.0,"max_hp_loss":0.0,"gold_gain":0.0,"event_name":"Upgrade Shrine","player_choice":"Upgraded","floor":5.0,"gold_loss":0.0,"damage_taken":0.0,"cards_upgraded":["Streamline"]},{"damage_healed":0.0,"max_hp_gain":0.0,"max_hp_loss":0.0,"gold_gain":0.0,"cards_transformed":["Strike_B"],"event_name":"Transmorgrifier","player_choice":"Transformed","floor":12.0,"gold_loss":0.0,"damage_taken":0.0,"cards_obtained":["Steam"]}],"is_beta":false,"boss_relics":[],"items_purged_floors":[4],"is_endless":false,"potions_floor_spawned":[2],"killed_by":"Slime Boss","ascension_level":14}}