{"host":"8inpc3yxphy2r27y","time":1613271896,"event":{"mods":["100% Spire Juice","ATMod(阿瑾Mod)","Act Like it!","Alarm Clock","Arknights","Aspiration","Astrologer","Bard","BaseMod","Better Synergies","Better Vampires","Challenge The Spire","Chen","Conspire","Decade(王小明)","Defuse TimeMaze Blight","Dota2Spire","Downfall","Energized Spire","FanaticalFans","FoggyMod","Friendly Minions","FutureSeer","Gensokyo","Gremlin Mod","GungeonMod","Hallownest","Highlight Path","HornydragonMod","HumanHunterMod(怪物杀人mod)","Hunter 猎人","Jedi Mod","KinomotoSakuraMod(木之本樱)","LagranYue(拉格朗・月)","Lobotomy","LobotomyExtend","Luminous","Mari Mod (Legacy)","Mari\u0027s V1 Patch","Marisa（F雨　魔理沙）","Minty Spire (QoL Compilation)","MostiFishMod","Nova Terra(诺娃・泰拉)","Pale of the Ancients","Quarter Circle Forward PUNCH!","Quick Restart","Red Circlet Mod","Reimu（博丽灵梦）","Relic Filter Mod","Relic Stats","Replay The Spire","Ryuuou龙王","SIMod","SOS（斯巴达之子）","Shop Mod","Spicy Shops","StSLib","Td1madao Mod","TestMod","The Bug Knight","The Cursed","The Gatherer","The Hierophant","The Invoker Mod","The IronCluck","The Jungle","The Runesmith","The Senshi","TheHeartMod","TheWitcher","UnlockEverythingMod","Waifu the Spire","WarShipGirlsR/战舰少女R mod","Warlord Emblem","Yohane!","Youmu（魂魄妖梦）","Yuri Mod","[GremlinLeader]The Maniac","[JumpMod]舞动尖塔","noobMod","【功能Mod】聪明的最终Boss","【遗物卡牌】REMEMod","残留之物","篝火指南"],"gold_per_floor":[79,79,89,489,489,51,51,51],"floor_reached":7,"language":"ZHS","playtime":300,"items_purged":[],"score":39,"play_id":"738e949b-81c6-4043-8558-92976d32b68a","local_time":"20210214110456","is_ascension_mode":false,"campfire_choices":[],"circlet_count":0,"master_deck":["Strike_HD","Strike_HD","Strike_HD","Strike_HD","Defend_HD","Defend_HD","Defend_HD","Defend_HD","AlcoholBarrier","BreakDrink","AT_ThistleTea","NovaMod:NuclearFactory+","UniverseFragment","Guppy","Wellcheers","BunnyJump","AlcoholFlame"],"relics":["WineBottle","REME_ComplimentaryCards","ice","Fans:FanaticalFans","DaveBox","AT_ATBox","HowToJump","LagranYue:RandomDrawCardRelic","testmod-BatchProcessingSystem","DaCapo","CogitoBucket","DemoMod:GlassGuonStoneRelic","SynthV:TestCard","LetterFromLob","Happy Flower","PlaceholderMod:FlatBlood","MerchantsRug","DemoMod:GnawedKey"],"acts_visited":["Gensokyo:Gensokyo"],"potions_floor_usage":[],"damage_taken":[{"damage":0.0,"enemies":"Gensokyo:Gryphon","floor":1.0,"turns":4.0},{"damage":4.0,"enemies":"Gensokyo:2_Kodama","floor":3.0,"turns":4.0},{"damage":0,"enemies":"Gensokyo:Aya","floor":7,"turns":1}],"seed_played":"1288665374719745834","potions_obtained":[{"floor":1.0,"key":"MagicPotion:ReiMu"}],"is_trial":false,"path_per_floor":["M","?","M","?","?","$","E"],"character_chosen":"HORNYDRAGON","items_purchased":["PlaceholderMod:FlatBlood","MerchantsRug","DemoMod:GnawedKey","AlcoholFlame"],"campfire_rested":0,"item_purchase_floors":[6,6,6,6],"current_hp_per_floor":[87,87,83,83,83,83,83,83],"gold":51,"neow_bonus":"","is_daily":false,"chose_seed":false,"campfire_upgraded":0,"win_rate":0.0,"timestamp":1613271896,"path_taken":["M","?","?","?","?","$","E"],"items_purchased_type":["Relic","Relic","Relic","Card"],"build_version":"2020-12-22","purchased_purges":0,"victory":false,"max_hp_per_floor":[87,87,87,87,87,87,87,87],"relic_stats":{"Happy Flower":[0],"counters":[3,8],"obtain_stats":[{"MerchantsRug":6,"AT_ATBox":0,"testmod-TestBox":0,"DaveBox":0,"HowToJump":0,"LagranYue:RandomDrawCardRelic":0,"Happy Flower":5,"testmod-BatchProcessingSystem":0,"DemoMod:GlassGuonStoneRelic":1,"ice":0,"Fans:FanaticalFans":0,"CogitoBucket":0,"SynthV:TestCard":1,"DaCapo":0,"LetterFromLob":1,"DemoMod:GnawedKey":6,"WineBottle":0,"REME_ComplimentaryCards":0,"PlaceholderMod:FlatBlood":6},{"MerchantsRug":2,"AT_ATBox":0,"testmod-TestBox":0,"DaveBox":0,"HowToJump":0,"LagranYue:RandomDrawCardRelic":0,"Happy Flower":2,"testmod-BatchProcessingSystem":0,"DemoMod:GlassGuonStoneRelic":1,"ice":0,"Fans:FanaticalFans":0,"CogitoBucket":0,"SynthV:TestCard":1,"DaCapo":0,"LetterFromLob":1,"DemoMod:GnawedKey":2,"WineBottle":0,"REME_ComplimentaryCards":0,"PlaceholderMod:FlatBlood":2},{"MerchantsRug":8,"AT_ATBox":0,"testmod-TestBox":0,"DaveBox":0,"HowToJump":0,"LagranYue:RandomDrawCardRelic":0,"Happy Flower":8,"testmod-BatchProcessingSystem":0,"DemoMod:GlassGuonStoneRelic":4,"ice":0,"Fans:FanaticalFans":0,"CogitoBucket":0,"SynthV:TestCard":4,"DaCapo":0,"LetterFromLob":4,"DemoMod:GnawedKey":8,"WineBottle":0,"REME_ComplimentaryCards":0,"PlaceholderMod:FlatBlood":8}]},"card_choices":[{"not_picked":["SpiderBud","SingingMachine","MeatLantern"],"picked":"Singing Bowl","floor":1.0},{"not_picked":["WallGazer","MeatLantern"],"picked":"UniverseFragment","floor":1.0},{"not_picked":["GetAlcoholism","Conch"],"picked":"Guppy","floor":1.0},{"not_picked":["Murderer","Variant","CherryBlossoms"],"picked":"Singing Bowl","floor":3.0},{"not_picked":["WallGazer","BeautyBeast"],"picked":"Wellcheers","floor":3.0},{"not_picked":["RainbowAttack","Circle","Beer","ShrimpCocktail"],"picked":"BunnyJump","floor":3.0}],"player_experience":225660,"relics_obtained":[{"floor":1.0,"key":"SynthV:TestCard"},{"floor":1.0,"key":"LetterFromLob"}],"event_choices":[{"damage_healed":0.0,"max_hp_gain":0.0,"max_hp_loss":0.0,"gold_gain":400.0,"event_name":"恩洛斯的盘子","player_choice":"Sell","floor":4.0,"relics_lost":["testmod-TestBox"],"gold_loss":0.0,"damage_taken":0.0}],"is_beta":false,"boss_relics":[],"items_purged_floors":[],"is_endless":false,"potions_floor_spawned":[1],"killed_by":"Gensokyo:Aya","ascension_level":0}}