{"host":"ige0qftuunv5zgmq","time":1613321512,"event":{"mods":["AchievementEnabler","BaseMod","Colored Map","Colored Powertips","Hermit","Minty Spire (QoL Compilation)","StSLib","The Cursed"],"gold_per_floor":[109,84,108,128,138,138,152,9,9,25,25,25,57,70,70,173,173,187,29,46,46,58,58,58,58,111,122,122,37,48,48,48,48,48],"floor_reached":33,"language":"ENG","playtime":1807,"items_purged":[],"score":247,"play_id":"100d3801-e45b-4ca2-ad8b-2b2aae4e3171","local_time":"20210214115152","is_ascension_mode":false,"campfire_choices":[{"data":"TheCursedMod:CursedStaff","floor":6,"key":"SMITH"},{"data":"TheCursedMod:SurpriseAttack","floor":11,"key":"SMITH"},{"floor":15,"key":"REST"},{"floor":23,"key":"REST"},{"data":"TheCursedMod:Strike_TheCursed","floor":25,"key":"SMITH"},{"floor":32,"key":"REST"}],"circlet_count":0,"master_deck":["TheCursedMod:Strike_TheCursed+1","TheCursedMod:Strike_TheCursed+1","TheCursedMod:Strike_TheCursed","TheCursedMod:Strike_TheCursed","TheCursedMod:Defend_TheCursed","TheCursedMod:Defend_TheCursed","TheCursedMod:Defend_TheCursed","TheCursedMod:Defend_TheCursed+1","TheCursedMod:CursedWand","TheCursedMod:CleanUpWorkshop+1","TheCursedMod:Dregs","TheCursedMod:CursedMace","TheCursedMod:SurpriseAttack+1","TheCursedMod:CursedStaff+1","TheCursedMod:CursedBlade","TheCursedMod:FuryStrike","TheCursedMod:Hemoplague","TheCursedMod:Torture","TheCursedMod:ForbiddenAlchemy","TheCursedMod:CircleOfFlame","TheCursedMod:DemonSword","TheCursedMod:CircleOfBlood","TheCursedMod:EmpowerCircles","RitualDagger","TheCursedMod:CircleOfFlame","TheCursedMod:RapidMovement"],"relics":["TheCursedMod:BlackMagic101","War Paint","Strawberry","Shuriken","Blood Vial","Busted Crown","Lantern","Potion Belt","Meat on the Bone"],"acts_visited":["Exordium","TheCity"],"potions_floor_usage":[16,16,20,20,20,22,33,33,33,33,33,33,33],"damage_taken":[{"damage":0,"enemies":"2 Louse","floor":1,"turns":3},{"damage":2,"enemies":"Jaw Worm","floor":4,"turns":3},{"damage":0,"enemies":"Cultist","floor":5,"turns":3},{"damage":5,"enemies":"Exordium Thugs","floor":7,"turns":3},{"damage":2,"enemies":"Exordium Wildlife","floor":10,"turns":2},{"damage":31,"enemies":"Lagavulin","floor":13,"turns":4},{"damage":17,"enemies":"Large Slime","floor":14,"turns":4},{"damage":32,"enemies":"Hexaghost","floor":16,"turns":7},{"damage":30,"enemies":"Spheric Guardian","floor":18,"turns":4},{"damage":8,"enemies":"3 Byrds","floor":20,"turns":3},{"damage":14,"enemies":"Sentry and Sphere","floor":22,"turns":4},{"damage":0,"enemies":"Snecko","floor":27,"turns":3},{"damage":21,"enemies":"Snake Plant","floor":30,"turns":3},{"damage":97,"enemies":"Collector","floor":33,"turns":9}],"seed_played":"-3823645589446852097","potions_obtained":[{"floor":4,"key":"AttackPotion"},{"floor":7,"key":"ColorlessPotion"},{"floor":22,"key":"Energy Potion"},{"floor":27,"key":"SpeedPotion"}],"is_trial":false,"path_per_floor":["M","?","T","M","M","R","M","$","T","M","R","?","E","M","R","B",null,"M","$","M","?","M","R","?","R","T","M","?","?","M","?","R","B"],"character_chosen":"THE_CURSED","items_purchased":["Strawberry","TheCursedMod:DemonSword"],"campfire_rested":3,"item_purchase_floors":[8,19],"current_hp_per_floor":[82,82,82,80,80,80,75,82,82,80,80,80,49,34,60,30,89,59,59,53,82,74,89,83,83,83,85,85,85,68,68,89,0,0],"gold":48,"neow_bonus":"TEN_PERCENT_HP_BONUS","is_daily":false,"chose_seed":false,"campfire_upgraded":3,"win_rate":0.0,"timestamp":1613321512,"path_taken":["M","?","?","?","M","R","M","?","T","M","R","?","E","?","R","BOSS","M","$","M","?","M","R","?","R","T","M","?","?","M","?","R","BOSS"],"items_purchased_type":["Relic","Card"],"build_version":"2020-12-22","purchased_purges":0,"victory":false,"max_hp_per_floor":[82,82,82,82,82,82,82,89,89,89,89,89,89,89,89,89,89,89,89,89,89,89,89,89,89,89,89,89,89,89,89,89,89,89],"card_choices":[{"not_picked":["TheCursedMod:Wield","TheCursedMod:CursedArmor"],"picked":"TheCursedMod:CursedMace","floor":1},{"not_picked":["TheCursedMod:Grudge","TheCursedMod:CircleOfFlame"],"picked":"TheCursedMod:SurpriseAttack","floor":4},{"not_picked":["TheCursedMod:FleshFromBone","TheCursedMod:SpitefulStrike"],"picked":"TheCursedMod:CursedStaff","floor":5},{"not_picked":["TheCursedMod:Stretching","TheCursedMod:CursedMace"],"picked":"TheCursedMod:CursedBlade","floor":7},{"not_picked":["TheCursedMod:Stretching","TheCursedMod:Grudge"],"picked":"TheCursedMod:FuryStrike","floor":10},{"not_picked":["TheCursedMod:DemonSword","TheCursedMod:RapidMovement"],"picked":"TheCursedMod:Hemoplague","floor":13},{"not_picked":["TheCursedMod:SmokeScreen","TheCursedMod:CursedMace"],"picked":"TheCursedMod:Torture","floor":14},{"not_picked":["TheCursedMod:ManaCirculation","TheCursedMod:DarkBarrier"],"picked":"TheCursedMod:ForbiddenAlchemy","floor":16},{"not_picked":[],"picked":"TheCursedMod:CircleOfFlame","floor":18},{"not_picked":[],"picked":"TheCursedMod:CircleOfBlood","floor":20},{"not_picked":[],"picked":"TheCursedMod:EmpowerCircles","floor":22},{"not_picked":[],"picked":"TheCursedMod:CircleOfFlame","floor":27},{"not_picked":[],"picked":"TheCursedMod:RapidMovement","floor":30}],"player_experience":26942,"relics_obtained":[{"floor":3,"key":"War Paint"},{"floor":9,"key":"Shuriken"},{"floor":13,"key":"Blood Vial"},{"floor":26,"key":"Lantern"}],"event_choices":[{"damage_healed":0,"gold_gain":0,"player_choice":"Left Gold","damage_taken":0,"max_hp_gain":0,"max_hp_loss":0,"event_name":"World of Goop","floor":2,"gold_loss":25},{"damage_healed":0,"gold_gain":0,"player_choice":"Forge","damage_taken":0,"max_hp_gain":0,"max_hp_loss":0,"event_name":"Accursed Blacksmith","floor":12,"gold_loss":0,"cards_upgraded":["TheCursedMod:Strike_TheCursed"]},{"damage_healed":29,"gold_gain":0,"player_choice":"Heal","damage_taken":0,"max_hp_gain":0,"max_hp_loss":0,"event_name":"The Library","floor":21,"gold_loss":0},{"damage_healed":0,"gold_gain":0,"player_choice":"Joined the Cult","damage_taken":6,"max_hp_gain":0,"max_hp_loss":0,"event_name":"Nest","floor":24,"gold_loss":0,"cards_obtained":["RitualDagger"]},{"damage_healed":0,"gold_gain":0,"player_choice":"Ignored","damage_taken":0,"max_hp_gain":0,"max_hp_loss":0,"event_name":"Ghosts","floor":28,"gold_loss":0},{"damage_healed":0,"gold_gain":0,"player_choice":"Obtained Relic","damage_taken":0,"relics_obtained":["Potion Belt"],"max_hp_gain":0,"max_hp_loss":0,"event_name":"Addict","floor":29,"gold_loss":85},{"damage_healed":0,"gold_gain":0,"player_choice":"Gave Potion","damage_taken":0,"relics_obtained":["Meat on the Bone"],"max_hp_gain":0,"max_hp_loss":0,"event_name":"WeMeetAgain","floor":31,"gold_loss":0}],"is_beta":false,"boss_relics":[{"not_picked":["Calling Bell","Runic Pyramid"],"picked":"Busted Crown"}],"items_purged_floors":[],"is_endless":false,"potions_floor_spawned":[4,7,22,27],"killed_by":"Collector","ascension_level":0}}