{"host":"b2j09bgckbzjrujr","time":1613308623,"event":{"mods":["AchievementEnabler","Aspiration","BaseMod","BetterRewards","Colored Map","Colored Powertips","Conspire","Friendly Minions","Infinite Spire","Marisa£®ÏF”Í°°ƒß¿Ì…≥£©","Minty Spire (QoL Compilation)","Quick Restart","Rare Cards Sparkle","Reimu£®≤©¿ˆ¡È√Œ£©","Remilia£®¿Ÿ√◊¿Ú—«£©","Replay The Spire","Shop Mod","StSLib","SuperFastMode","TestMod","The Cursed","The Jungle","The Servant 0.9.4","Waifu the Spire","Youmu£®ªÍ∆«—˝√Œ£©","Yuyuko","[IsaacMod]“‘»ˆº‚À˛","°æπ¶ƒ‹Mod°øªÏ„Á÷Æª∑–ﬁ∏¥≤π∂°"],"gold_per_floor":[117,164,8,8,28,59,59,90,116,144,144,144,160,175,175,272,272,291,291,291,307,307,307,307],"floor_reached":23,"language":"ZHS","playtime":634,"items_purged":[],"score":461,"play_id":"0cdddf70-153c-41c2-aa61-cca282cc0619","local_time":"20210214211703","is_ascension_mode":true,"campfire_choices":[{"floor":7.0,"key":"REST"},{"floor":11.0,"key":"REST"}],"circlet_count":0,"master_deck":["AscendersBane","Strike_R","Strike_R","Strike_R","Strike_R","Strike_R","Defend_R","Defend_R","Defend_R","Defend_R","Bash","Writhe"],"relics":["Burning Blood","testmod-TestBox","HushsDoor","testmod-Brilliant","GuppysHead","WingedGreaves","Lee\u0027s Waffle","Red Skull","testmod-IntensifyImprint","testmod-TurbochargingSystem","testmod-Brilliant","Strange Spoon","EdensBlessing","Anchor","StoneCalendar","aspiration:TomeofQuesting","HornCleat","testmod-Justice","conspire:RoyalGoblet","Ancient Tea Set","testmod-SaigiyounoYou","Pocketwatch"],"acts_visited":["Exordium","TheCity"],"potions_floor_usage":[23,23],"damage_taken":[{"damage":0.0,"enemies":"Small Slimes","floor":1.0,"turns":1.0},{"damage":0.0,"enemies":"Cultist","floor":5.0,"turns":2.0},{"damage":56.0,"enemies":"Lagavulin","floor":6.0,"turns":6.0},{"damage":20.0,"enemies":"Gremlin Nob","floor":8.0,"turns":4.0},{"damage":20.0,"enemies":"Lagavulin","floor":10.0,"turns":3.0},{"damage":0.0,"enemies":"Jaw Worm","floor":13.0,"turns":1.0},{"damage":0.0,"enemies":"Blue Slaver","floor":14.0,"turns":1.0},{"damage":20.0,"enemies":"Slime Boss","floor":16.0,"turns":6.0},{"damage":0.0,"enemies":"3 Byrds","floor":18.0,"turns":1.0},{"damage":0.0,"enemies":"2 Thieves","floor":21.0,"turns":1.0},{"damage":101,"enemies":"Nightmare","floor":23,"turns":8}],"seed_played":"-2564484158998734517","potions_obtained":[{"floor":1.0,"key":"Fire Potion"},{"floor":8.0,"key":"Elixir"},{"floor":10.0,"key":"FearPotion"},{"floor":14.0,"key":"Dexterity Potion"},{"floor":16.0,"key":"Strength Potion"},{"floor":18.0,"key":"ColorlessPotion"}],"is_trial":false,"path_per_floor":["M","?","$","?","M","E","R","E","T","E","R","?","M","M","R","B",null,"M","?","?","M","AVR","NM"],"character_chosen":"IRONCLAD","items_purchased":["WingedGreaves","Lee\u0027s Waffle","Red Skull","testmod-TurbochargingSystem","Diplopia","Strange Spoon","Anchor"],"campfire_rested":2,"item_purchase_floors":[0,0,0,0,0,0,3],"current_hp_per_floor":[87,72,72,81,87,37,63,49,49,35,61,58,64,70,70,56,79,85,85,87,87,87,0,0],"gold":307,"neow_bonus":"","is_daily":false,"chose_seed":false,"campfire_upgraded":0,"win_rate":0.0,"timestamp":1613308623,"path_taken":["M","?","$","?","?","E","R","E","T","E","R","?","M","M","R","BOSS","M","?","?","?","AVR","NM"],"items_purchased_type":["Relic","Relic","Relic","Relic","Relic","Relic","Relic"],"build_version":"2020-12-22","purchased_purges":0,"victory":false,"max_hp_per_floor":[87,87,87,87,87,87,87,87,87,87,87,87,87,87,87,87,87,87,87,87,87,87,87,87],"card_choices":[{"not_picked":["Havoc","Defy Death","Ghostly Armor"],"picked":"SKIP","floor":1.0},{"not_picked":["Thunderclap","Iron Wave","Bomb"],"picked":"SKIP","floor":5.0},{"not_picked":["Intimidate","Shrug It Off","Replay:Undeath\u0027s Touch"],"picked":"SKIP","floor":6.0},{"not_picked":["Armaments","Bomb","Flame Barrier"],"picked":"SKIP","floor":8.0},{"not_picked":["Armaments","Bomb","Flame Barrier"],"picked":"SKIP","floor":8.0},{"not_picked":["conspire:Charge","Flex","Eclipse"],"picked":"SKIP","floor":10.0},{"not_picked":["Wild Strike","Replay:Undeath\u0027s Touch","Shrug It Off"],"picked":"SKIP","floor":13.0},{"not_picked":["Wild Strike","Burning Pact","Headbutt"],"picked":"SKIP","floor":14.0},{"not_picked":["Wild Strike","Headbutt+1","Heavy Blade+1"],"picked":"SKIP","floor":18.0},{"not_picked":["Bloodletting","Clothesline","True Grit"],"picked":"SKIP","floor":21.0}],"player_experience":106192,"relics_obtained":[{"floor":6.0,"key":"StoneCalendar"},{"floor":8.0,"key":"aspiration:TomeofQuesting"},{"floor":10.0,"key":"HornCleat"}],"event_choices":[{"damage_healed":0.0,"max_hp_gain":0.0,"max_hp_loss":0.0,"gold_gain":0.0,"event_name":"Scrap Ooze","player_choice":"Success","floor":12.0,"gold_loss":0.0,"damage_taken":3.0,"relics_obtained":["testmod-Justice"]},{"damage_healed":0.0,"max_hp_gain":0.0,"max_hp_loss":0.0,"gold_gain":0.0,"event_name":"The Mausoleum","player_choice":"Opened","floor":19.0,"gold_loss":0.0,"damage_taken":0.0,"relics_obtained":["Ancient Tea Set"],"cards_obtained":["Writhe"]},{"damage_healed":29.0,"max_hp_gain":0.0,"max_hp_loss":0.0,"gold_gain":0.0,"event_name":"The Library","player_choice":"Heal","floor":20.0,"gold_loss":0.0,"damage_taken":0.0}],"is_beta":false,"boss_relics":[{"not_picked":["aspiration:RitualDagger","Replay:Drink Me"],"picked":"conspire:RoyalGoblet"},{"not_picked":[]}],"items_purged_floors":[],"is_endless":false,"potions_floor_spawned":[1,8,10,14,16,18],"killed_by":"Nightmare","ascension_level":10}}