{"host":"vl29iwkwnyytuw8q","time":1613341515,"event":{"mods":["BaseMod","Minty Spire (QoL Compilation)","Permanent Neow","Relic Stats","StSLib"],"gold_per_floor":[112,130,143,159,159,159,193,193,220,231,241,108,108,108,108,179,179,195,212,29,41,41,41,75,75,123,154,169,169,194,294,294,371,371,385,399,121,146,146,171,171,189,189,217,217,217,23,57,57,57,57,57,21,53,53],"floor_reached":56,"language":"ENG","playtime":2437,"items_purged":["Strike_R","Strike_R","Strike_R","Strike_R"],"score":2255,"play_id":"674612bb-1b51-420a-84ac-9d7f9baa4968","local_time":"20210214232515","is_ascension_mode":true,"campfire_choices":[{"floor":6.0,"key":"REST"},{"data":"Apotheosis","floor":8.0,"key":"SMITH"},{"floor":13.0,"key":"REST"},{"floor":15.0,"key":"RECALL"},{"floor":23.0,"key":"REST"},{"data":"Spot Weakness","floor":29.0,"key":"SMITH"},{"data":"Disarm","floor":32.0,"key":"SMITH"},{"floor":41.0,"key":"REST"},{"floor":45.0,"key":"REST"},{"data":"Limit Break","floor":49.0,"key":"SMITH"},{"data":"Combust","floor":52.0,"key":"SMITH"}],"circlet_count":0,"master_deck":["AscendersBane","Strike_R","Defend_R","Defend_R","Defend_R","Defend_R","Bash","Apotheosis+1","Entrench","Spot Weakness+1","Blood for Blood","Fire Breathing","Cleave","Combust+1","Clothesline","Shrug It Off","Reaper","Body Slam+1","Sword Boomerang","Disarm+1","Dual Wield","Corruption","Spot Weakness+1","Berserk","Second Wind+1","Immolate","Intimidate+1","Barricade","Limit Break+1","Evolve","Fiend Fire","Swift Strike","Panacea","PanicButton","Dark Embrace","Shrug It Off","Whirlwind","Iron Wave+1"],"relics":["Burning Blood","Omamori","Lantern","Snecko Eye","Boot","Bag of Marbles","Regal Pillow","Gambling Chip","Charon\u0027s Ashes","Ginger","Matryoshka","Philosopher\u0027s Stone","Turnip","Pantograph","Bronze Scales","Thread and Needle","Pear","HornCleat"],"acts_visited":["Exordium","TheCity","TheBeyond","TheEnding"],"potions_floor_usage":[55,55],"damage_taken":[{"damage":3.0,"enemies":"Cultist","floor":1.0,"turns":4.0},{"damage":14.0,"enemies":"2 Louse","floor":2.0,"turns":4.0},{"damage":10.0,"enemies":"Small Slimes","floor":3.0,"turns":4.0},{"damage":14.0,"enemies":"3 Louse","floor":4.0,"turns":4.0},{"damage":16.0,"enemies":"Lagavulin","floor":7.0,"turns":6.0},{"damage":0.0,"enemies":"Exordium Wildlife","floor":10.0,"turns":3.0},{"damage":5.0,"enemies":"2 Fungi Beasts","floor":11.0,"turns":4.0},{"damage":47.0,"enemies":"Hexaghost","floor":16.0,"turns":8.0},{"damage":15.0,"enemies":"Spheric Guardian","floor":18.0,"turns":4.0},{"damage":14.0,"enemies":"3 Byrds","floor":19.0,"turns":5.0},{"damage":47.0,"enemies":"Shelled Parasite and Fungi","floor":21.0,"turns":6.0},{"damage":20.0,"enemies":"Gremlin Leader","floor":24.0,"turns":4.0},{"damage":32.0,"enemies":"Slavers","floor":27.0,"turns":4.0},{"damage":18.0,"enemies":"Snake Plant","floor":28.0,"turns":4.0},{"damage":20.0,"enemies":"Book of Stabbing","floor":30.0,"turns":4.0},{"damage":3.0,"enemies":"Colosseum Slavers","floor":31.0,"turns":3.0},{"damage":0.0,"enemies":"Colosseum Nobs","floor":31.0,"turns":3.0},{"damage":14.0,"enemies":"Automaton","floor":33.0,"turns":6.0},{"damage":0.0,"enemies":"Orb Walker","floor":35.0,"turns":1.0},{"damage":0.0,"enemies":"3 Shapes","floor":36.0,"turns":1.0},{"damage":0.0,"enemies":"Mind Bloom Boss Battle","floor":38.0,"turns":5.0},{"damage":65.0,"enemies":"Nemesis","floor":40.0,"turns":7.0},{"damage":19.0,"enemies":"Sphere and 2 Shapes","floor":42.0,"turns":3.0},{"damage":23.0,"enemies":"Reptomancer","floor":44.0,"turns":4.0},{"damage":0.0,"enemies":"Giant Head","floor":48.0,"turns":7.0},{"damage":63.0,"enemies":"Donu and Deca","floor":50.0,"turns":5.0},{"damage":60.0,"enemies":"Shield and Spear","floor":54.0,"turns":5.0},{"damage":112,"enemies":"The Heart","floor":55,"turns":9}],"seed_played":"1881496775317617251","potions_obtained":[{"floor":1.0,"key":"LiquidMemories"},{"floor":2.0,"key":"BloodPotion"},{"floor":16.0,"key":"Regen Potion"},{"floor":21.0,"key":"LiquidMemories"},{"floor":33.0,"key":"Regen Potion"}],"is_trial":false,"path_per_floor":["M","M","M","M","?","R","E","R","T","M","M","$","R","?","R","B",null,"M","M","$","M","?","R","E","?","T","E","M","R","E","?","R","B",null,"M","M","$","?","?","E","R","M","T","E","R","?","$","E","R","B",null,"R","$","E","B",null],"character_chosen":"IRONCLAD","items_purchased":["Shrug It Off","Disarm","Barricade","Dark Embrace","Whirlwind"],"campfire_rested":5,"item_purchase_floors":[12,20,37,47,53],"current_hp_per_floor":[53,45,41,33,33,55,45,45,45,51,52,52,74,74,74,33,65,65,65,65,46,25,49,62,62,62,80,73,73,78,80,80,80,80,80,80,80,80,80,31,70,57,57,61,80,70,70,90,90,90,90,90,90,63,36],"gold":53,"neow_bonus":"RANDOM_COLORLESS_2","is_daily":false,"chose_seed":false,"campfire_upgraded":5,"win_rate":0.0,"timestamp":1613341515,"path_taken":["M","M","?","M","?","R","E","R","T","M","M","$","R","?","R","BOSS","M","M","$","M","?","R","E","?","T","E","M","R","E","?","R","BOSS","M","M","$","?","?","E","R","?","T","E","R","?","?","E","R","BOSS","R","$","E","BOSS"],"items_purchased_type":["Card","Card","Card","Card","Card"],"build_version":"2020-12-22","purchased_purges":4,"victory":true,"max_hp_per_floor":[75,75,75,75,75,75,75,75,75,75,75,75,75,75,75,75,75,75,75,75,75,80,80,80,80,80,80,80,80,80,80,80,80,80,80,80,80,80,80,80,80,80,80,80,80,80,80,90,90,90,90,90,90,90,90],"relic_stats":{"Regal Pillow":15,"counters":[28,127],"Gambling Chip":[69],"Pantograph":25,"Bronze Scales":[193],"Snecko Eye":[177,173,209,169],"Charon\u0027s Ashes":[619],"Turnip":[7],"Ginger":[4],"Boot":[31],"obtain_stats":[{"Lantern":9,"Regal Pillow":26,"Pear":48,"Thread and Needle":44,"Charon\u0027s Ashes":30,"Omamori":7,"Ginger":31,"Boot":24,"Burning Blood":0,"Matryoshka":31,"HornCleat":54,"Gambling Chip":27,"Pantograph":40,"Bronze Scales":43,"Snecko Eye":17,"Philosopher\u0027s Stone":34,"Turnip":38,"Bag of Marbles":25},{"Lantern":5,"Regal Pillow":12,"Pear":25,"Thread and Needle":24,"Charon\u0027s Ashes":15,"Omamori":5,"Ginger":17,"Boot":12,"Burning Blood":0,"Matryoshka":17,"HornCleat":27,"Gambling Chip":13,"Pantograph":22,"Bronze Scales":23,"Snecko Eye":8,"Philosopher\u0027s Stone":18,"Turnip":21,"Bag of Marbles":12},{"Lantern":22,"Regal Pillow":56,"Pear":108,"Thread and Needle":101,"Charon\u0027s Ashes":68,"Omamori":22,"Ginger":74,"Boot":56,"Burning Blood":0,"Matryoshka":74,"HornCleat":118,"Gambling Chip":60,"Pantograph":94,"Bronze Scales":97,"Snecko Eye":37,"Philosopher\u0027s Stone":80,"Turnip":87,"Bag of Marbles":56}],"Burning Blood":123},"card_choices":[{"not_picked":["Thinking Ahead","Metamorphosis"],"picked":"Apotheosis","floor":0.0},{"not_picked":["Sword Boomerang","Intimidate"],"picked":"Entrench","floor":1.0},{"not_picked":["Anger","Clash"],"picked":"Spot Weakness","floor":2.0},{"not_picked":["Headbutt","True Grit"],"picked":"Blood for Blood","floor":3.0},{"not_picked":["Searing Blow","Infernal Blade"],"picked":"Fire Breathing","floor":4.0},{"not_picked":["Twin Strike","Havoc"],"picked":"Cleave","floor":7.0},{"not_picked":["Armaments","Bludgeon"],"picked":"Combust","floor":10.0},{"not_picked":["Shrug It Off","Clash"],"picked":"Clothesline","floor":11.0},{"not_picked":["Limit Break","Bludgeon"],"picked":"Reaper","floor":16.0},{"not_picked":["Perfected Strike","Shrug It Off"],"picked":"Body Slam+1","floor":18.0},{"not_picked":["Anger","True Grit"],"picked":"Sword Boomerang","floor":19.0},{"not_picked":["Blood for Blood","Evolve"],"picked":"Dual Wield","floor":21.0},{"not_picked":["Power Through","Bludgeon"],"picked":"Corruption","floor":24.0},{"not_picked":["Headbutt","Warcry+1"],"picked":"Spot Weakness+1","floor":27.0},{"not_picked":["Whirlwind","Infernal Blade+1","Clothesline"],"picked":"SKIP","floor":28.0},{"not_picked":["Perfected Strike","Searing Blow"],"picked":"Berserk","floor":30.0},{"not_picked":["Fire Breathing","Warcry"],"picked":"Second Wind+1","floor":31.0},{"not_picked":["Demon Form","Bludgeon"],"picked":"Immolate","floor":33.0},{"not_picked":["Body Slam+1","Clash","Thunderclap"],"picked":"SKIP","floor":35.0},{"not_picked":["Warcry","Pommel Strike"],"picked":"Intimidate+1","floor":36.0},{"not_picked":["Dual Wield","Fiend Fire"],"picked":"Limit Break","floor":40.0},{"not_picked":["Clothesline","Cleave"],"picked":"Evolve","floor":42.0},{"not_picked":["Spot Weakness","Cleave"],"picked":"Fiend Fire","floor":44.0},{"not_picked":["Metamorphosis","Purity"],"picked":"Swift Strike","floor":46.0},{"not_picked":["Forethought","Blind"],"picked":"Panacea","floor":46.0},{"not_picked":["Forethought","Mind Blast"],"picked":"PanicButton","floor":46.0},{"not_picked":["Body Slam","Infernal Blade+1"],"picked":"Shrug It Off","floor":48.0},{"not_picked":["Perfected Strike","Clash"],"picked":"Iron Wave+1","floor":54.0}],"player_experience":683759,"relics_obtained":[{"floor":7.0,"key":"Omamori"},{"floor":9.0,"key":"Lantern"},{"floor":24.0,"key":"Boot"},{"floor":26.0,"key":"Regal Pillow"},{"floor":27.0,"key":"Gambling Chip"},{"floor":30.0,"key":"Charon\u0027s Ashes"},{"floor":31.0,"key":"Ginger"},{"floor":31.0,"key":"Matryoshka"},{"floor":38.0,"key":"Turnip"},{"floor":40.0,"key":"Pantograph"},{"floor":43.0,"key":"Bronze Scales"},{"floor":44.0,"key":"Thread and Needle"},{"floor":48.0,"key":"Pear"},{"floor":54.0,"key":"HornCleat"}],"event_choices":[{"damage_healed":0.0,"max_hp_gain":0.0,"max_hp_loss":0.0,"gold_gain":0.0,"event_name":"Liars Game","player_choice":"Ignored","floor":5.0,"gold_loss":0.0,"damage_taken":0.0},{"damage_healed":0.0,"max_hp_gain":0.0,"max_hp_loss":0.0,"gold_gain":0.0,"event_name":"Shining Light","player_choice":"Ignored","floor":14.0,"gold_loss":0.0,"damage_taken":0.0},{"damage_healed":0.0,"max_hp_gain":5.0,"max_hp_loss":0.0,"gold_gain":0.0,"event_name":"Forgotten Altar","player_choice":"Shed Blood","floor":22.0,"gold_loss":0.0,"damage_taken":26.0},{"damage_healed":0.0,"max_hp_gain":0.0,"max_hp_loss":0.0,"gold_gain":0.0,"event_name":"The Mausoleum","player_choice":"Opened","floor":25.0,"gold_loss":0.0,"damage_taken":0.0,"relics_obtained":["Bag of Marbles"],"cards_obtained":["Writhe"]},{"damage_healed":0.0,"max_hp_gain":0.0,"max_hp_loss":0.0,"gold_gain":0.0,"event_name":"Colosseum","player_choice":"Fight","floor":31.0,"gold_loss":0.0,"damage_taken":0.0},{"damage_healed":0.0,"max_hp_gain":0.0,"max_hp_loss":0.0,"gold_gain":0.0,"event_name":"Colosseum","player_choice":"Fought Nobs","floor":31.0,"gold_loss":0.0,"damage_taken":0.0},{"damage_healed":0.0,"max_hp_gain":0.0,"max_hp_loss":0.0,"gold_gain":0.0,"event_name":"MindBloom","player_choice":"Fight","floor":38.0,"gold_loss":0.0,"damage_taken":0.0},{"damage_healed":0.0,"max_hp_gain":0.0,"max_hp_loss":0.0,"gold_gain":0.0,"event_name":"SecretPortal","player_choice":"Ignored","floor":39.0,"gold_loss":0.0,"damage_taken":0.0},{"damage_healed":0.0,"max_hp_gain":0.0,"max_hp_loss":0.0,"gold_gain":0.0,"event_name":"SensoryStone","player_choice":"Memory 3","floor":46.0,"gold_loss":0.0,"damage_taken":10.0}],"is_beta":false,"boss_relics":[{"not_picked":["Runic Cube","Ectoplasm"],"picked":"Snecko Eye"},{"not_picked":["Empty Cage","Fusion Hammer"],"picked":"Philosopher\u0027s Stone"}],"items_purged_floors":[12,20,37,47],"is_endless":false,"potions_floor_spawned":[1,2,16,18,21,24,27,33,35,40,48,54],"ascension_level":18}}