{"host":"08xvxt5w1s7zc7e5","time":1613299605,"event":{"mods":["AchievementEnabler","BaseMod","DeckTracker","Minty Spire (QoL Compilation)","Quick Restart","StSLib","SuperFastMode"],"gold_per_floor":[111,124,138,152,152,164,164,178,205,205,205,59,59,74,74,74,74],"floor_reached":16,"language":"KOR","playtime":364,"items_purged":["Defend_B"],"score":99,"play_id":"5951f5b4-117f-4453-aaf8-2817c8cf257f","local_time":"20210214194645","is_ascension_mode":true,"campfire_choices":[{"data":"Recycle","floor":7,"key":"SMITH"},{"floor":11,"key":"REST"},{"data":"Chaos","floor":15,"key":"SMITH"}],"circlet_count":0,"master_deck":["Strike_B+1","Strike_B+1","Defend_B","Defend_B","Zap","Dualcast","Streamline+1","Rainbow","Conserve Battery","Recycle+1","Self Repair","Thunder Strike","Chaos+1","Loop"],"relics":["Empty Cage","Whetstone","Golden Idol"],"acts_visited":["Exordium"],"potions_floor_usage":[3],"damage_taken":[{"damage":0,"enemies":"Small Slimes","floor":1,"turns":4},{"damage":1,"enemies":"Cultist","floor":2,"turns":4},{"damage":6,"enemies":"Jaw Worm","floor":3,"turns":3},{"damage":36,"enemies":"Exordium Thugs","floor":4,"turns":5},{"damage":7,"enemies":"Blue Slaver","floor":6,"turns":3},{"damage":20,"enemies":"Large Slime","floor":8,"turns":6},{"damage":9,"enemies":"Exordium Wildlife","floor":14,"turns":3},{"damage":26,"enemies":"Slime Boss","floor":16,"turns":3}],"seed_played":"-402838682500474456","potions_obtained":[{"floor":1,"key":"ColorlessPotion"},{"floor":6,"key":"Explosive Potion"},{"floor":8,"key":"FearPotion"}],"is_trial":false,"path_per_floor":["M","M","M","M","?","M","R","M","T","?","R","$","?","M","R","B"],"character_chosen":"DEFECT","items_purchased":["Chaos"],"campfire_rested":1,"item_purchase_floors":[12],"current_hp_per_floor":[75,74,68,32,32,25,25,5,5,5,27,27,27,25,25,0,0],"gold":74,"neow_bonus":"BOSS_RELIC","is_daily":false,"chose_seed":false,"campfire_upgraded":2,"win_rate":0.0,"timestamp":1613299605,"path_taken":["M","M","M","M","?","M","R","?","T","?","R","?","?","M","R","BOSS"],"items_purchased_type":["Card"],"build_version":"2020-12-22","purchased_purges":1,"victory":false,"max_hp_per_floor":[75,75,75,75,75,75,75,75,75,75,75,75,69,69,69,69,69],"card_choices":[{"not_picked":["Hello World","Lockon","Conserve Battery"],"picked":"SKIP","floor":1},{"not_picked":["Consume","Steam"],"picked":"Streamline","floor":2},{"not_picked":["Coolheaded","Compile Driver"],"picked":"Rainbow","floor":3},{"not_picked":["Go for the Eyes","Redo"],"picked":"Conserve Battery","floor":4},{"not_picked":["Rebound","Conserve Battery"],"picked":"Recycle","floor":6},{"not_picked":["Conserve Battery","Redo"],"picked":"Self Repair","floor":8},{"not_picked":["Steam","Capacitor"],"picked":"Loop","floor":14}],"player_experience":372359,"relics_obtained":[{"floor":9,"key":"Whetstone"}],"event_choices":[{"damage_healed":0,"gold_gain":0,"player_choice":"Forge","damage_taken":0,"max_hp_gain":0,"max_hp_loss":0,"event_name":"Accursed Blacksmith","floor":5,"gold_loss":0,"cards_upgraded":["Streamline"]},{"damage_healed":0,"gold_gain":0,"cards_transformed":["Strike_B"],"player_choice":"Transformed","damage_taken":0,"max_hp_gain":0,"max_hp_loss":0,"event_name":"Transmorgrifier","floor":10,"gold_loss":0,"cards_obtained":["Thunder Strike"]},{"damage_healed":0,"gold_gain":0,"player_choice":"Lose Max HP","damage_taken":0,"relics_obtained":["Golden Idol"],"max_hp_gain":0,"max_hp_loss":6,"event_name":"Golden Idol","floor":13,"gold_loss":0}],"is_beta":false,"boss_relics":[],"items_purged_floors":[12],"is_endless":false,"potions_floor_spawned":[1,6,8],"killed_by":"Slime Boss","ascension_level":1}}