{"host":"fiyb7gvx7tok3jeh","time":1613319896,"event":{"mods":["BaseMod","Colored Map","Colored Powertips","DeckTracker","Googly Eyes","Highlight Path","Minty Spire (QoL Compilation)"],"gold_per_floor":[364,364,66,85,260,260,300,316,316,351,376,376,152,165,165,289,289,312,312,118,133,151,184,184,184,184,216,266,283,37,66,66,171,171,184,184,204,204,204,204,79,79,106,119,145,145,145,165,165,165],"floor_reached":51,"language":"ENG","playtime":3392,"items_purged":["Strike_G","Setup","Caltrops"],"score":1381,"play_id":"ef3b7f22-0391-4c76-9caa-7a33c5e73062","local_time":"20210214182456","is_ascension_mode":true,"campfire_choices":[{"data":"Apotheosis","floor":12,"key":"SMITH"},{"floor":15,"key":"REST"},{"floor":32,"key":"DIG"},{"floor":40,"key":"DIG"},{"floor":46,"key":"DIG"},{"floor":49,"key":"DIG"}],"circlet_count":0,"master_deck":["AscendersBane","Survivor","Neutralize","Blade Dance","Backstab","Infinite Blades","Apotheosis+1","Flying Knee","Footwork","Backflip","A Thousand Cuts","After Image","Backstab","Dodge and Roll+1","Blade Dance","Crippling Poison","Skewer","Flechettes","Footwork","Dodge and Roll+1","Leg Sweep","Dodge and Roll","Dodge and Roll","Secret Technique","Accuracy","Malaise","Accuracy+1","Cloak And Dagger","Dodge and Roll+1"],"relics":["Ring of the Snake","Bloody Idol","Shovel","Unceasing Top","Tiny Chest","Pandora\u0027s Box","Pear","Gremlin Horn","War Paint","Regal Pillow","Akabeko","Ancient Tea Set","SlaversCollar","Juzu Bracelet","Shuriken","Anchor","Prayer Wheel","Kunai","Mercury Hourglass"],"acts_visited":["Exordium","TheCity","TheBeyond"],"potions_floor_usage":[23,27,33,44,45,50],"damage_taken":[{"damage":0,"enemies":"Small Slimes","floor":1,"turns":5},{"damage":3,"enemies":"2 Louse","floor":4,"turns":2},{"damage":24,"enemies":"3 Sentries","floor":7,"turns":9},{"damage":4,"enemies":"Jaw Worm","floor":8,"turns":3},{"damage":9,"enemies":"Lagavulin","floor":10,"turns":7},{"damage":1,"enemies":"Blue Slaver","floor":11,"turns":5},{"damage":2,"enemies":"Looter","floor":14,"turns":3},{"damage":0,"enemies":"The Guardian","floor":16,"turns":14},{"damage":11,"enemies":"2 Thieves","floor":18,"turns":4},{"damage":12,"enemies":"Chosen","floor":21,"turns":4},{"damage":16,"enemies":"Centurion and Healer","floor":22,"turns":7},{"damage":10,"enemies":"Slavers","floor":23,"turns":5},{"damage":19,"enemies":"Book of Stabbing","floor":27,"turns":8},{"damage":15,"enemies":"Snake Plant","floor":29,"turns":7},{"damage":0,"enemies":"Gremlin Leader","floor":31,"turns":8},{"damage":0,"enemies":"Collector","floor":33,"turns":8},{"damage":3,"enemies":"3 Shapes","floor":35,"turns":8},{"damage":5,"enemies":"Orb Walker","floor":37,"turns":4},{"damage":19,"enemies":"Spire Growth","floor":44,"turns":5},{"damage":11,"enemies":"Giant Head","floor":45,"turns":7},{"damage":0,"enemies":"Jaw Worm Horde","floor":48,"turns":6},{"damage":17,"enemies":"Time Eater","floor":50,"turns":9}],"seed_played":"7870234738228855364","potions_obtained":[{"floor":7,"key":"LiquidBronze"},{"floor":8,"key":"Energy Potion"},{"floor":10,"key":"ColorlessPotion"},{"floor":21,"key":"Explosive Potion"},{"floor":27,"key":"GhostInAJar"},{"floor":35,"key":"CunningPotion"},{"floor":37,"key":"FearPotion"},{"floor":48,"key":"SkillPotion"}],"is_trial":false,"path_per_floor":["M","?","$","M","?","?","E","M","T","E","M","R","$","M","R","B",null,"M","?","$","M","M","E","?","?","T","E","T","M","$","E","R","B",null,"M","?","M","?","?","R","$","T","T","M","E","R","?","M","R","B",null],"character_chosen":"THE_SILENT","items_purchased":["Backstab","Infinite Blades","Apotheosis","Backstab","Footwork","Footwork","Dodge and Roll","Secret Technique","Accuracy"],"campfire_rested":1,"item_purchase_floors":[3,3,3,13,13,20,20,30,30],"current_hp_per_floor":[63,48,48,45,45,45,21,17,17,8,7,7,7,5,23,23,53,42,63,63,51,35,35,35,35,35,21,26,16,16,21,21,26,61,63,63,63,63,63,63,63,63,68,54,48,48,48,53,53,36],"gold":165,"neow_bonus":"TWO_FIFTY_GOLD","is_daily":false,"chose_seed":false,"campfire_upgraded":1,"win_rate":0.0,"timestamp":1613319896,"path_taken":["M","?","$","M","?","?","E","M","T","E","M","R","$","M","R","BOSS","M","?","$","M","M","E","?","?","T","E","?","M","$","E","R","BOSS","M","?","M","?","?","R","$","?","T","M","E","R","?","M","R","BOSS"],"items_purchased_type":["Card","Card","Card","Card","Card","Card","Card","Card","Card"],"build_version":"2020-12-22","purchased_purges":3,"victory":true,"max_hp_per_floor":[63,63,63,63,63,63,63,63,63,63,63,63,63,63,63,63,63,63,63,63,63,63,73,73,73,73,73,73,73,73,73,73,73,73,73,73,73,73,73,73,73,73,73,73,73,73,69,69,69,69],"card_choices":[{"not_picked":["Prepared","Quick Slash"],"picked":"Blade Dance","floor":1},{"not_picked":["Deflect","Poisoned Stab","Prepared"],"picked":"SKIP","floor":4},{"not_picked":["Deadly Poison","Underhanded Strike","Sucker Punch"],"picked":"SKIP","floor":7},{"not_picked":["Quick Slash","Dodge and Roll"],"picked":"Flying Knee","floor":8},{"not_picked":["All Out Attack","Underhanded Strike","Bane"],"picked":"SKIP","floor":10},{"not_picked":["Outmaneuver","Quick Slash","Slice"],"picked":"SKIP","floor":11},{"not_picked":["Underhanded Strike","PiercingWail"],"picked":"Backflip","floor":14},{"not_picked":["Night Terror","Doppelganger"],"picked":"A Thousand Cuts","floor":16},{"not_picked":["Underhanded Strike","Dagger Throw+1","Deadly Poison"],"picked":"SKIP","floor":18},{"not_picked":["Predator","Backstab"],"picked":"Leg Sweep","floor":21},{"not_picked":["Eviscerate","Deflect"],"picked":"Dodge and Roll","floor":22},{"not_picked":["PiercingWail","Outmaneuver","Bouncing Flask"],"picked":"SKIP","floor":23},{"not_picked":["Poisoned Stab","Setup+1"],"picked":"Dodge and Roll","floor":27},{"not_picked":["Outmaneuver","Underhanded Strike","Deflect"],"picked":"SKIP","floor":29},{"not_picked":["Blur","Underhanded Strike+1","Riddle With Holes"],"picked":"SKIP","floor":31},{"not_picked":["Burst","Storm of Steel"],"picked":"Malaise","floor":33},{"not_picked":["Bane","Acrobatics","Prepared+1"],"picked":"SKIP","floor":35},{"not_picked":["Acrobatics","Deflect"],"picked":"Accuracy+1","floor":37},{"not_picked":["Tactician","Dagger Throw"],"picked":"Cloak And Dagger","floor":44},{"not_picked":["PiercingWail","Poisoned Stab"],"picked":"Dodge and Roll+1","floor":45},{"not_picked":["Dagger Throw","Quick Slash+1","Outmaneuver"],"picked":"SKIP","floor":48},{"not_picked":["Heel Hook+1","Dagger Throw+1","Catalyst"],"picked":"SKIP","floor":48}],"player_experience":302045,"relics_obtained":[{"floor":7,"key":"Shovel"},{"floor":9,"key":"Unceasing Top"},{"floor":10,"key":"Tiny Chest"},{"floor":23,"key":"Pear"},{"floor":26,"key":"Gremlin Horn"},{"floor":27,"key":"War Paint"},{"floor":28,"key":"Regal Pillow"},{"floor":31,"key":"Akabeko"},{"floor":32,"key":"Ancient Tea Set"},{"floor":40,"key":"Juzu Bracelet"},{"floor":42,"key":"Shuriken"},{"floor":43,"key":"Anchor"},{"floor":45,"key":"Prayer Wheel"},{"floor":46,"key":"Kunai"},{"floor":49,"key":"Mercury Hourglass"}],"event_choices":[{"damage_healed":0,"gold_gain":0,"player_choice":"Take Damage","damage_taken":15,"relics_obtained":["Golden Idol"],"max_hp_gain":0,"max_hp_loss":0,"event_name":"Golden Idol","floor":2,"gold_loss":0},{"damage_healed":0,"gold_gain":175,"player_choice":"AGREE","damage_taken":0,"max_hp_gain":0,"max_hp_loss":0,"event_name":"Liars Game","floor":5,"gold_loss":0,"cards_obtained":["Doubt"]},{"cards_removed":["Doubt"],"damage_healed":0,"gold_gain":0,"player_choice":"Forget","damage_taken":0,"max_hp_gain":0,"max_hp_loss":0,"event_name":"Living Wall","floor":6,"gold_loss":0},{"damage_healed":21,"gold_gain":0,"player_choice":"Heal","damage_taken":0,"max_hp_gain":0,"max_hp_loss":0,"event_name":"The Library","floor":19,"gold_loss":0},{"damage_healed":0,"gold_gain":0,"player_choice":"Ignored","damage_taken":0,"max_hp_gain":0,"max_hp_loss":0,"event_name":"Cursed Tome","floor":24,"gold_loss":0},{"damage_healed":0,"gold_gain":0,"player_choice":"Gave Idol","damage_taken":0,"relics_obtained":["Bloody Idol"],"max_hp_gain":0,"max_hp_loss":0,"event_name":"Forgotten Altar","floor":25,"relics_lost":["Golden Idol"],"gold_loss":0},{"cards_removed":["Backstab"],"damage_healed":0,"gold_gain":0,"player_choice":"Removed Attack","damage_taken":0,"max_hp_gain":0,"max_hp_loss":0,"event_name":"Falling","floor":36,"gold_loss":0},{"damage_healed":0,"gold_gain":0,"player_choice":"Memory 1","damage_taken":0,"max_hp_gain":0,"max_hp_loss":0,"event_name":"SensoryStone","floor":38,"gold_loss":0},{"damage_healed":0,"gold_gain":0,"player_choice":"Ignored","damage_taken":0,"max_hp_gain":0,"max_hp_loss":0,"event_name":"Mysterious Sphere","floor":39,"gold_loss":0},{"damage_healed":0,"gold_gain":0,"player_choice":"Max HP","damage_taken":0,"max_hp_gain":0,"max_hp_loss":4,"event_name":"Winding Halls","floor":47,"gold_loss":0}],"is_beta":false,"boss_relics":[{"not_picked":["Runic Pyramid","Tiny House"],"picked":"Pandora\u0027s Box"},{"not_picked":["Ring of the Serpent","SacredBark"],"picked":"SlaversCollar"}],"items_purged_floors":[13,20,41],"is_endless":false,"potions_floor_spawned":[7,8,10,21,22,27,35,37,48],"ascension_level":12}}