{"host":"lnfs5t5iydkm2lft","time":1613286001,"event":{"mods":["AchievementEnabler","BaseMod","Better Third Choice","BetterRewards","Colored Powertips","Downfall","Hermit","Hubris","Infinite Spire","Marisa????????","Minty Spire (QoL Compilation)","Quick Restart","Replay The Spire","StSLib","The Runesmith","The Senshi","everything is the same but u backflip on backflip","slay the spire mod where everything is the same but ironclad has a cowboy hat"],"gold_per_floor":[99,112,112,132,39,144,167,200,220,120,136,149,149,178,188,291,291,291,305,305,315,327,340,340,325,310,410,424,440,455,466,483,578,578,378,378,378],"floor_reached":36,"language":"ENG","playtime":2206,"items_purged":[],"score":475,"play_id":"4fe74b5a-a87b-4a80-9cda-9221bedb38ff","local_time":"20210214010001","is_ascension_mode":true,"campfire_choices":[{"floor":10,"key":"REST"},{"floor":18,"key":"RECALL"},{"data":"Infinite Blades","floor":35,"key":"SMITH"}],"circlet_count":0,"master_deck":["Strike_G","Strike_G","Strike_G","Defend_G","Defend_G","Defend_G","Defend_G","Survivor","Neutralize","Sucker Punch","Infinite Blades+1","ReplayTheSpireMod:Scrap Shanks","ReplayTheSpireMod:Speed Training","Pot Of Greed","Pot Of Greed","Dash","hubris:Sniper","Noxious Fumes","A Thousand Cuts","Deflect+1","Venomology+1","Envenom+1","Blade Dance","Pot Of Greed","Endless Agony+1","Adrenaline","Crippling Poison+1","PiercingWail"],"relics":["Busted Crown","infinitespire:EmpoweringShard","Bag of Marbles","Grinning Jar","downfall:HeartBlessingGreen","Molten Egg 2","Astrolabe","Lizard Tail","Toy Ornithopter","WristBlade","downfall:HeartBlessingRed","downfall:HeartBlessingBlue"],"acts_visited":["Exordium","TheCity","TheBeyond"],"potions_floor_usage":[8,12,16,21,23,25,26,26,27,27,28,28,28,29,30,30,31,33,33,33,33,36],"damage_taken":[{"damage":1,"enemies":"2 Louse","floor":2,"turns":3},{"damage":0,"enemies":"Jaw Worm","floor":4,"turns":3},{"damage":0,"enemies":"downfall:FleeingMerchant","floor":5,"turns":4},{"damage":9,"enemies":"Lagavulin","floor":8,"turns":7},{"damage":2,"enemies":"Small Slimes","floor":9,"turns":3},{"damage":8,"enemies":"Red Slaver","floor":11,"turns":3},{"damage":0,"enemies":"Lots of Slimes","floor":12,"turns":4},{"damage":14,"enemies":"Replay:BlueRogue","floor":14,"turns":5},{"damage":0,"enemies":"Blue Slaver","floor":15,"turns":3},{"damage":26,"enemies":"IC_STATUS_ARCHETYPE","floor":16,"turns":7},{"damage":19,"enemies":"Chosen","floor":19,"turns":6},{"damage":12,"enemies":"Spheric Guardian","floor":21,"turns":4},{"damage":13,"enemies":"Centurion and Healer","floor":22,"turns":6},{"damage":12,"enemies":"Cultist and Chosen","floor":23,"turns":6},{"damage":6,"enemies":"downfall:FleeingMerchant","floor":25,"turns":4},{"damage":15,"enemies":"downfall:FleeingMerchant","floor":26,"turns":4},{"damage":19,"enemies":"downfall:LadyInBlue","floor":27,"turns":9},{"damage":1,"enemies":"Snecko","floor":28,"turns":4},{"damage":10,"enemies":"Snake Plant","floor":29,"turns":4},{"damage":6,"enemies":"Cultist and Chosen","floor":30,"turns":4},{"damage":24,"enemies":"Shelled Parasite and Fungi","floor":31,"turns":4},{"damage":2,"enemies":"Chosen and Byrds","floor":32,"turns":4},{"damage":19,"enemies":"SI_MIRROR_ARCHETYPE","floor":33,"turns":8},{"damage":22,"enemies":"3 Darklings","floor":36,"turns":3}],"seed_played":"-4358807726717795904","potions_obtained":[{"floor":2,"key":"BlessingOfTheForge"},{"floor":8,"key":"DuplicationPotion"},{"floor":9,"key":"SpeedPotion"},{"floor":14,"key":"Venom Potion"},{"floor":16,"key":"Cursed Concoction"},{"floor":22,"key":"ColorlessPotion"},{"floor":27,"key":"Regen Potion"},{"floor":27,"key":"Flashbang"},{"floor":27,"key":"CultistPotion"},{"floor":28,"key":"Slimebound:ThreeZeroPotion"},{"floor":29,"key":"SpeedPotion"},{"floor":31,"key":"GhostInAJar"},{"floor":33,"key":"bronze:BurnAndBuffPotion"}],"is_trial":false,"path_per_floor":["R","M","?","M","$","?","T","E","M","R","M","M","?","E","M","B",null,"R","M","T","M","M","M","T","$","$","?","M","M","M","M","M","B",null,"R","M"],"character_chosen":"THE_SILENT","items_purchased":["ReplayTheSpireMod:Scrap Shanks"],"campfire_rested":1,"item_purchase_floors":[5],"current_hp_per_floor":[70,69,62,62,62,34,34,25,23,44,36,36,70,56,56,30,60,60,41,41,29,16,4,4,35,20,1,27,22,26,7,5,6,54,64,47,47],"gold":378,"neow_bonus":"BOSS_RELIC","is_daily":false,"chose_seed":false,"campfire_upgraded":1,"win_rate":0.0,"timestamp":1613286001,"path_taken":["R","M","?","M","$","?","T","E","M","R","M","M","?","E","M","BOSS","R","M","?","M","?","M","T","?","$","?","M","M","M","?","M","BOSS","R","M"],"items_purchased_type":["Card"],"build_version":"2020-12-22","purchased_purges":0,"victory":false,"max_hp_per_floor":[70,70,70,70,70,70,70,70,70,70,70,70,70,70,70,70,70,70,70,70,70,70,70,70,70,70,70,70,70,70,70,70,70,70,80,80,80],"card_choices":[{"not_picked":[],"picked":"Infinite Blades","floor":2},{"not_picked":["Poisoned Stab"],"picked":"SKIP","floor":4},{"not_picked":[],"picked":"Heel Hook","floor":5},{"not_picked":[],"picked":"ReplayTheSpireMod:Speed Training","floor":6},{"not_picked":[],"picked":"Dash","floor":8},{"not_picked":["Outmaneuver"],"picked":"SKIP","floor":9},{"not_picked":["Dagger Throw"],"picked":"SKIP","floor":11},{"not_picked":[],"picked":"hubris:Sniper","floor":12},{"not_picked":[],"picked":"Noxious Fumes","floor":14},{"not_picked":["Dagger Throw+1"],"picked":"SKIP","floor":15},{"not_picked":[],"picked":"A Thousand Cuts","floor":16},{"not_picked":[],"picked":"Blade Dance","floor":19},{"not_picked":["Quick Slash+1"],"picked":"SKIP","floor":21},{"not_picked":["Slice+1"],"picked":"SKIP","floor":22},{"not_picked":["Sucker Punch+1"],"picked":"SKIP","floor":23},{"not_picked":[],"picked":"Endless Agony+1","floor":25},{"not_picked":[],"picked":"Adrenaline","floor":26},{"not_picked":["Predator+1"],"picked":"SKIP","floor":28},{"not_picked":["Acrobatics"],"picked":"SKIP","floor":29},{"not_picked":["Dagger Throw+1"],"picked":"SKIP","floor":30},{"not_picked":[],"picked":"Crippling Poison+1","floor":31},{"not_picked":[],"picked":"PiercingWail","floor":32}],"player_experience":365460,"relics_obtained":[{"floor":7,"key":"Bag of Marbles"},{"floor":8,"key":"Grinning Jar"},{"floor":14,"key":"Molten Egg 2"},{"floor":24,"key":"Lizard Tail"},{"floor":27,"key":"Toy Ornithopter"}],"event_choices":[{"damage_healed":0,"gold_gain":0,"player_choice":"Relic ","damage_taken":7,"max_hp_gain":0,"max_hp_loss":0,"event_name":"betterThird:BetterScrap","floor":3,"gold_loss":0,"cards_obtained":["Second Wind"]},{"damage_healed":34,"gold_gain":0,"player_choice":"Full Heal","damage_taken":0,"max_hp_gain":0,"max_hp_loss":0,"event_name":"Wheel of Change","floor":13,"gold_loss":0}],"is_beta":false,"boss_relics":[{"not_picked":["Sozu","Kintsugi"],"picked":"Astrolabe"},{"not_picked":["Replay:Grab Bag","Snecko Eye"],"picked":"WristBlade"}],"items_purged_floors":[],"is_endless":false,"potions_floor_spawned":[2,8,9,14,16,22,27,28,29,31,33],"killed_by":"3 Darklings","ascension_level":5}}