{"host":"aapp7ew3jk5k1bvd","time":1613318058,"event":{"mods":["AchievementEnabler","BaseMod","Colored Map","Custom Start","Keyboard Shortcuts","Minty Spire (QoL Compilation)","Permanent Neow","Quick Restart","StSLib","SuperFastMode"],"gold_per_floor":[115,125,50,50,61,61,77,77,155,155,170,197,197,210,210,307,307,322,322,36,36,47,47,62,62,86,86,86,118,137,150,150,150,150],"floor_reached":33,"language":"KOR","playtime":833,"items_purged":["Strike_P","Strike_P"],"score":423,"play_id":"b4e663cb-1047-4f60-8de0-aa699712ed55","local_time":"20210215005418","is_ascension_mode":true,"campfire_choices":[{"data":"Adaptation","floor":6.0,"key":"SMITH"},{"floor":8.0,"key":"REST"},{"data":"Eruption","floor":10.0,"key":"SMITH"},{"floor":13.0,"key":"DIG"},{"floor":15.0,"key":"REST"},{"data":"Adaptation","floor":23.0,"key":"SMITH"},{"floor":25.0,"key":"DIG"},{"floor":28.0,"key":"DIG"},{"floor":32.0,"key":"REST"}],"circlet_count":0,"master_deck":["Strike_P","Strike_P","Defend_P","Defend_P+1","Defend_P","Defend_P","Eruption+1","Vigilance+1","Adaptation+1","Adaptation+1","MentalFortress"],"relics":["PureWater","Shovel","HornCleat","Art of War","Matryoshka","Runic Pyramid","MutagenicStrength","Anchor","StrikeDummy","Boot","War Paint","Smiling Mask","Potion Belt"],"acts_visited":["Exordium","TheCity"],"potions_floor_usage":[],"damage_taken":[{"damage":0.0,"enemies":"Cultist","floor":1.0,"turns":3.0},{"damage":0.0,"enemies":"2 Louse","floor":2.0,"turns":1.0},{"damage":0.0,"enemies":"Jaw Worm","floor":5.0,"turns":5.0},{"damage":46.0,"enemies":"Lots of Slimes","floor":7.0,"turns":5.0},{"damage":0.0,"enemies":"Looter","floor":11.0,"turns":3.0},{"damage":0.0,"enemies":"Gremlin Nob","floor":12.0,"turns":3.0},{"damage":0.0,"enemies":"Large Slime","floor":14.0,"turns":4.0},{"damage":27.0,"enemies":"The Guardian","floor":16.0,"turns":20.0},{"damage":1.0,"enemies":"Shell Parasite","floor":18.0,"turns":4.0},{"damage":0.0,"enemies":"Spheric Guardian","floor":22.0,"turns":3.0},{"damage":0.0,"enemies":"Centurion and Healer","floor":24.0,"turns":6.0},{"damage":46.0,"enemies":"Slavers","floor":29.0,"turns":5.0},{"damage":0.0,"enemies":"Sentry and Sphere","floor":30.0,"turns":4.0},{"damage":2.0,"enemies":"Shelled Parasite and Fungi","floor":31.0,"turns":4.0},{"damage":0,"enemies":"Automaton","floor":33,"turns":2}],"seed_played":"4404950829885164859","potions_obtained":[{"floor":1.0,"key":"AttackPotion"},{"floor":7.0,"key":"Dexterity Potion"},{"floor":11.0,"key":"LiquidBronze"},{"floor":12.0,"key":"BottledMiracle"},{"floor":22.0,"key":"Regen Potion"},{"floor":30.0,"key":"BlessingOfTheForge"}],"is_trial":false,"path_per_floor":["M","M","$","?","M","R","M","R","T","R","M","E","R","M","R","B",null,"M","?","$","?","M","R","M","R","T","?","R","E","M","M","R","B"],"character_chosen":"WATCHER","items_purchased":["Adaptation","Anchor"],"campfire_rested":3,"item_purchase_floors":[20,20],"current_hp_per_floor":[47,47,47,47,47,47,1,22,22,22,22,22,22,22,43,16,58,57,57,57,72,72,72,72,72,72,72,72,35,35,33,54,54,54],"gold":150,"neow_bonus":"ONE_RARE_RELIC","is_daily":false,"chose_seed":false,"campfire_upgraded":3,"win_rate":0.0,"timestamp":1613318058,"path_taken":["M","?","$","?","M","R","M","R","T","R","M","E","R","M","R","BOSS","M","?","$","?","?","R","M","R","T","?","R","E","M","M","R","BOSS"],"items_purchased_type":["Card","Relic"],"build_version":"2020-12-22","purchased_purges":2,"victory":false,"max_hp_per_floor":[72,72,72,72,72,72,72,72,72,72,72,72,72,72,72,72,72,72,72,72,72,72,72,72,72,72,72,72,72,72,72,72,72,72],"card_choices":[{"not_picked":["ThirdEye","ClearTheMind"],"picked":"Adaptation","floor":1.0},{"not_picked":["SignatureMove","Protect","Tantrum"],"picked":"SKIP","floor":2.0},{"not_picked":["PathToVictory","Crescendo","SashWhip"],"picked":"SKIP","floor":5.0},{"not_picked":["EmptyFist","Tantrum","Protect"],"picked":"SKIP","floor":7.0},{"not_picked":["EmptyBody","Wireheading","Prostrate"],"picked":"SKIP","floor":11.0},{"not_picked":["Alpha","Protect","Swivel"],"picked":"SKIP","floor":12.0},{"not_picked":["BattleHymn","Halt","SandsOfTime"],"picked":"SKIP","floor":14.0},{"not_picked":["Halt","Meditate","FlyingSleeves"],"picked":"SKIP","floor":18.0},{"not_picked":["Prostrate","Protect","Tantrum"],"picked":"SKIP","floor":22.0},{"not_picked":["EmptyMind+1","Halt","WheelKick"],"picked":"SKIP","floor":24.0},{"not_picked":["SignatureMove","ThirdEye"],"picked":"MentalFortress","floor":29.0},{"not_picked":["Ragnarok","Prostrate+1","CutThroughFate"],"picked":"SKIP","floor":30.0},{"not_picked":["Nirvana+1","Fasting2","ReachHeaven"],"picked":"SKIP","floor":31.0}],"player_experience":1371033,"relics_obtained":[{"floor":9.0,"key":"HornCleat"},{"floor":12.0,"key":"Art of War"},{"floor":13.0,"key":"Matryoshka"},{"floor":25.0,"key":"StrikeDummy"},{"floor":26.0,"key":"Boot"},{"floor":26.0,"key":"War Paint"},{"floor":28.0,"key":"Smiling Mask"},{"floor":29.0,"key":"Potion Belt"}],"event_choices":[{"damage_healed":0.0,"max_hp_gain":0.0,"max_hp_loss":0.0,"gold_gain":0.0,"event_name":"Shining Light","player_choice":"Ignored","floor":4.0,"gold_loss":0.0,"damage_taken":0.0},{"damage_healed":0.0,"max_hp_gain":0.0,"max_hp_loss":0.0,"gold_gain":0.0,"event_name":"Drug Dealer","player_choice":"Inject Mutagens","floor":19.0,"gold_loss":0.0,"damage_taken":0.0,"relics_obtained":["MutagenicStrength"]},{"damage_healed":15.0,"max_hp_gain":0.0,"max_hp_loss":0.0,"gold_gain":0.0,"event_name":"Wheel of Change","player_choice":"Full Heal","floor":21.0,"gold_loss":0.0,"damage_taken":0.0},{"damage_healed":0.0,"max_hp_gain":0.0,"max_hp_loss":0.0,"gold_gain":0.0,"event_name":"Cursed Tome","player_choice":"Ignored","floor":27.0,"gold_loss":0.0,"damage_taken":0.0}],"is_beta":false,"boss_relics":[{"not_picked":["Velvet Choker","SlaversCollar"],"picked":"Runic Pyramid"}],"items_purged_floors":[3,20],"is_endless":false,"potions_floor_spawned":[1,7,11,12,22,30],"killed_by":"Automaton","ascension_level":9}}