{"host":"cpsutu8lprjuipd6","time":1613315051,"event":{"mods":["BaseMod","Colored Map","Minty Spire (QoL Compilation)","Permanent Neow","StSLib","SuperFastMode","The Bug Knight","Together in Spire"],"gold_per_floor":[112,126,126,140,140,140,170,25,25,42,68,79,79,89,89,191,191,204,204,204,274,284,284,284,299,299,334,347,272,125,139,139,139,139],"floor_reached":33,"language":"KOR","playtime":1952,"items_purged":["HollowMod:NailStrikeStart"],"score":267,"play_id":"70ebb5ab-1336-4008-89f6-861a4559d8be","local_time":"20210215000411","is_ascension_mode":false,"campfire_choices":[{"data":"HollowMod:MothsMistake","floor":6,"key":"SMITH"},{"floor":13,"key":"REST"},{"data":"HollowMod:InfectedAttack","floor":15,"key":"SMITH"},{"floor":23,"key":"REST"},{"floor":32,"key":"REST"}],"circlet_count":0,"master_deck":["HollowMod:NailStrikeStart","HollowMod:QuickDashStart","HollowMod:QuickDashStart+1","HollowMod:QuickDashStart","HollowMod:QuickDashStart","HollowMod:FocusHealStart","HollowMod:PogoStrike","Dramatic Entrance","HollowMod:MothsMistake+1","HollowMod:NewJinnsSoul","HollowMod:InfectedCysts+1","HollowMod:InfectedAttack+1","HollowMod:NewInfectedGuardian","HollowMod:AbyssShriek","HollowMod:PerfectDash","HollowMod:VoidDash","HollowMod:InfectedCysts+1","HollowMod:NewJinnsSoul+1","HollowMod:CornifersMapStart+1","HollowMod:DreamGate+1","HollowMod:AbyssShriek","HollowMod:BrokenVessel","HollowMod:DashSlash+1"],"relics":["HollowMod:VesselMask","Regal Pillow","InkBottle","Anchor","Sozu","Nilry\u0027s Codex","Mummified Hand","Bronze Scales","StoneCalendar"],"acts_visited":["Exordium","TheCity"],"potions_floor_usage":[16,31,31,31],"damage_taken":[{"damage":1,"enemies":"Cultist","floor":1,"turns":3},{"damage":0,"enemies":"Small Slimes","floor":2,"turns":2},{"damage":1,"enemies":"Jaw Worm","floor":4,"turns":4},{"damage":11,"enemies":"3 Louse","floor":10,"turns":2},{"damage":30,"enemies":"Gremlin Nob","floor":11,"turns":4},{"damage":10,"enemies":"Looter","floor":12,"turns":2},{"damage":2,"enemies":"Blue Slaver","floor":14,"turns":2},{"damage":29,"enemies":"The Guardian","floor":16,"turns":7},{"damage":15,"enemies":"3 Byrds","floor":18,"turns":3},{"damage":15,"enemies":"Chosen","floor":22,"turns":4},{"damage":15,"enemies":"Snake Plant","floor":25,"turns":3},{"damage":24,"enemies":"Gremlin Leader","floor":27,"turns":3},{"damage":1,"enemies":"Centurion and Healer","floor":28,"turns":5},{"damage":7,"enemies":"Shelled Parasite and Fungi","floor":31,"turns":3},{"damage":79,"enemies":"Automaton","floor":33,"turns":6}],"seed_played":"6029228144003907137","potions_obtained":[{"floor":1,"key":"EssenceOfSteel"},{"floor":4,"key":"EntropicBrew"},{"floor":10,"key":"PowerPotion"},{"floor":16,"key":"DistilledChaos"}],"is_trial":false,"path_per_floor":["M","M","?","M","?","R","?","$","T","M","E","M","R","M","R","B",null,"M","?","?","T","M","R","?","M","T","E","M","?","$","M","R","B"],"character_chosen":"THE_BUGKNIGHT","items_purchased":["Regal Pillow","HollowMod:BrokenVessel"],"campfire_rested":3,"item_purchase_floors":[8,30],"current_hp_per_floor":[74,74,74,73,58,58,58,58,58,47,23,13,50,48,48,25,75,60,44,44,44,29,66,66,51,51,33,32,32,32,25,62,0,0],"gold":139,"neow_bonus":"RANDOM_COLORLESS","is_daily":false,"chose_seed":false,"campfire_upgraded":2,"win_rate":0.0,"timestamp":1613315051,"path_taken":["M","M","?","?","?","R","?","?","T","M","E","M","R","M","R","BOSS","M","?","?","?","M","R","?","M","T","E","?","?","?","M","R","BOSS"],"items_purchased_type":["Relic","Card"],"build_version":"2020-12-22","purchased_purges":1,"victory":false,"max_hp_per_floor":[75,75,75,75,75,75,75,75,75,75,75,75,75,75,75,75,75,75,75,75,75,75,75,75,75,75,75,75,75,75,75,75,75,75],"card_choices":[{"not_picked":["Purity","Trip"],"picked":"Dramatic Entrance","floor":0},{"not_picked":["HollowMod:TaintedHusks","HollowMod:NewGlowingWomb"],"picked":"HollowMod:MothsMistake","floor":1},{"not_picked":["HollowMod:HowlingWraiths","HollowMod:CornifersMapStart"],"picked":"HollowMod:NewJinnsSoul","floor":2},{"not_picked":["HollowMod:DoubleDash","HollowMod:BlackTendrils"],"picked":"HollowMod:InfectedCysts","floor":4},{"not_picked":["HollowMod:MidwifesHunger","HollowMod:ChannelNail"],"picked":"HollowMod:InfectedAttack","floor":10},{"not_picked":["HollowMod:GrimmsGift","HollowMod:SiblingsSouls"],"picked":"HollowMod:NewInfectedGuardian","floor":11},{"not_picked":["HollowMod:SoulShaman","HollowMod:QuirrelsAssistance"],"picked":"HollowMod:AbyssShriek","floor":12},{"not_picked":["HollowMod:CrystalDash","HollowMod:CycloneSlash"],"picked":"HollowMod:PerfectDash","floor":14},{"not_picked":["HollowMod:SlysStrikes","HollowMod:theNailsmith"],"picked":"HollowMod:VoidDash","floor":16},{"not_picked":["HollowMod:NewLittleFool","HollowMod:CloakDash"],"picked":"HollowMod:InfectedCysts+1","floor":18},{"not_picked":["HollowMod:ChannelNail+1","HollowMod:MonarchWings"],"picked":"HollowMod:NewJinnsSoul+1","floor":22},{"not_picked":["HollowMod:DoubleDash","HollowMod:MawleksShell"],"picked":"HollowMod:CornifersMapStart+1","floor":25},{"not_picked":["HollowMod:NewLittleFool+1","HollowMod:ShapeofUnn"],"picked":"HollowMod:DreamGate+1","floor":27},{"not_picked":["HollowMod:DashSlash","HollowMod:Hiveblood"],"picked":"HollowMod:AbyssShriek","floor":28},{"not_picked":["HollowMod:AbyssShriek","HollowMod:HowlingWraiths"],"picked":"HollowMod:DashSlash+1","floor":31}],"player_experience":69444,"relics_obtained":[{"floor":9,"key":"InkBottle"},{"floor":11,"key":"Anchor"},{"floor":19,"key":"Nilry\u0027s Codex"},{"floor":21,"key":"Mummified Hand"},{"floor":26,"key":"Bronze Scales"},{"floor":27,"key":"StoneCalendar"}],"event_choices":[{"damage_healed":0,"gold_gain":0,"player_choice":"Bought 0 Potions","damage_taken":0,"max_hp_gain":0,"max_hp_loss":0,"event_name":"The Woman in Blue","floor":3,"gold_loss":0},{"damage_healed":0,"gold_gain":0,"player_choice":"Entered Light","damage_taken":15,"max_hp_gain":0,"max_hp_loss":0,"event_name":"Shining Light","floor":5,"gold_loss":0,"cards_upgraded":["HollowMod:QuickDashStart","HollowMod:InfectedCysts"]},{"damage_healed":0,"gold_gain":30,"player_choice":"Searched \u00271\u0027 times","damage_taken":0,"max_hp_gain":0,"max_hp_loss":0,"event_name":"Dead Adventurer","floor":7,"gold_loss":0},{"damage_healed":0,"gold_gain":0,"player_choice":"Obtained Book","damage_taken":16,"max_hp_gain":0,"max_hp_loss":0,"event_name":"Cursed Tome","floor":19,"gold_loss":0},{"damage_healed":0,"gold_gain":0,"player_choice":"Ignored","damage_taken":0,"max_hp_gain":0,"max_hp_loss":0,"event_name":"Ghosts","floor":20,"gold_loss":0},{"cards_removed":["HollowMod:NailStrikeStart"],"damage_healed":0,"gold_gain":0,"player_choice":"Offered Basic","damage_taken":0,"max_hp_gain":0,"max_hp_loss":0,"event_name":"Bonfire Elementals","floor":24,"gold_loss":0},{"cards_removed":["HollowMod:NailStrikeStart"],"damage_healed":0,"gold_gain":0,"player_choice":"Gave Gold","damage_taken":0,"max_hp_gain":0,"max_hp_loss":0,"event_name":"Beggar","floor":29,"gold_loss":75}],"is_beta":false,"boss_relics":[{"not_picked":["Runic Pyramid","Velvet Choker"],"picked":"Sozu"}],"items_purged_floors":[30],"is_endless":false,"potions_floor_spawned":[1,4,10,16,18,28,31],"killed_by":"Automaton","ascension_level":0}}