{"host":"mu5qkq7030l6349q","time":1613323053,"event":{"mods":["AchievementEnabler","BaseMod","Colored Powertips","Downfall","Highlight Path","Minty Spire (QoL Compilation)","Permanent Neow","Rare Cards Sparkle","StSLib"],"gold_per_floor":[114,125,125,136,152,181,192,192,239,267,267,299,0,20,20,115,115,129,141,141,155,170,201,201,201,201,220,240,240,266,278,278,383,383,399,2,17,29,29,29,54,71,71,71,96,107,70,70,70,70],"floor_reached":51,"language":"ENG","playtime":2539,"items_purged":[],"score":846,"play_id":"0e1826b6-3cd6-4054-b4dd-34374567008e","local_time":"20210214181733","is_ascension_mode":false,"campfire_choices":[{"data":"Perfected Strike","floor":8.0,"key":"SMITH"},{"data":"Perfected Strike","floor":11.0,"key":"SMITH"},{"floor":15.0,"key":"REST"},{"data":"Armaments","floor":29.0,"key":"SMITH"},{"data":"Double Tap","floor":32.0,"key":"SMITH"},{"data":"Sword Boomerang","floor":40.0,"key":"SMITH"},{"data":"Shockwave","floor":44.0,"key":"SMITH"},{"data":"Bash","floor":49.0,"key":"SMITH"}],"circlet_count":0,"master_deck":["Strike_R","Strike_R","Strike_R","Strike_R","Strike_R","Defend_R","Defend_R","Bash+1","Sword Boomerang+1","Perfected Strike+1","Iron Wave","Twin Strike","Perfected Strike+1","Armaments+1","Twin Strike","Shrug It Off","Shockwave+1","Iron Wave","Dropkick+1","Pommel Strike","Double Tap+1","Pommel Strike+1","Cleave+1","Cleave+1","Swift Strike+1","Iron Wave+1","Perfected Strike+1","Rage+1","Twin Strike+1","Infernal Blade+1","Inflame"],"relics":["Burning Blood","PreservedInsect","Magic Flower","Juzu Bracelet","Gremlin Horn","Pen Nib","Brimstone","Dream Catcher","Philosopher\u0027s Stone","Lantern","Molten Egg 2","Vajra","SacredBark","Bag of Preparation","ClockworkSouvenir","Blood Vial","Bottled Lightning","Toxic Egg 2"],"acts_visited":["Exordium","TheCity","TheBeyond"],"potions_floor_usage":[50,50,50],"damage_taken":[{"damage":4.0,"enemies":"2 Louse","floor":1.0,"turns":3.0},{"damage":1.0,"enemies":"Cultist","floor":2.0,"turns":3.0},{"damage":7.0,"enemies":"Small Slimes","floor":4.0,"turns":3.0},{"damage":11.0,"enemies":"3 Louse","floor":5.0,"turns":3.0},{"damage":21.0,"enemies":"3 Sentries","floor":6.0,"turns":6.0},{"damage":14.0,"enemies":"Exordium Wildlife","floor":7.0,"turns":4.0},{"damage":31.0,"enemies":"Lagavulin","floor":10.0,"turns":4.0},{"damage":0.0,"enemies":"Gremlin Nob","floor":12.0,"turns":2.0},{"damage":4.0,"enemies":"Exordium Thugs","floor":14.0,"turns":3.0},{"damage":40.0,"enemies":"The Guardian","floor":16.0,"turns":5.0},{"damage":7.0,"enemies":"Shell Parasite","floor":18.0,"turns":3.0},{"damage":5.0,"enemies":"Spheric Guardian","floor":19.0,"turns":3.0},{"damage":14.0,"enemies":"Shelled Parasite and Fungi","floor":21.0,"turns":3.0},{"damage":0.0,"enemies":"3 Cultists","floor":22.0,"turns":3.0},{"damage":17.0,"enemies":"Slavers","floor":23.0,"turns":3.0},{"damage":0.0,"enemies":"Snecko","floor":27.0,"turns":1.0},{"damage":7.0,"enemies":"Chosen and Byrds","floor":28.0,"turns":3.0},{"damage":0.0,"enemies":"Gremlin Leader","floor":30.0,"turns":2.0},{"damage":4.0,"enemies":"Cultist and Chosen","floor":31.0,"turns":2.0},{"damage":33.0,"enemies":"Champ","floor":33.0,"turns":5.0},{"damage":0.0,"enemies":"Orb Walker","floor":35.0,"turns":2.0},{"damage":0.0,"enemies":"3 Darklings","floor":37.0,"turns":2.0},{"damage":20.0,"enemies":"Spire Growth","floor":38.0,"turns":3.0},{"damage":6.0,"enemies":"Giant Head","floor":41.0,"turns":4.0},{"damage":15.0,"enemies":"Transient","floor":42.0,"turns":5.0},{"damage":0.0,"enemies":"Reptomancer","floor":45.0,"turns":1.0},{"damage":13.0,"enemies":"Sphere and 2 Shapes","floor":46.0,"turns":2.0},{"damage":117,"enemies":"Awakened One","floor":50,"turns":7}],"seed_played":"-6449149789960578081","potions_obtained":[{"floor":2.0,"key":"LiquidBronze"},{"floor":4.0,"key":"PowerPotion"},{"floor":6.0,"key":"FearPotion"},{"floor":16.0,"key":"sneckomod:MuddlingPotion"},{"floor":22.0,"key":"Regen Potion"},{"floor":28.0,"key":"Energy Potion"},{"floor":30.0,"key":"Ancient Potion"},{"floor":33.0,"key":"Fire Potion"},{"floor":35.0,"key":"BloodPotion"},{"floor":46.0,"key":"DuplicationPotion"}],"is_trial":false,"path_per_floor":["M","M","?","M","M","E","M","R","T","E","R","E","$","M","R","B",null,"M","M","?","M","M","E","?","?","T","M","M","R","E","M","R","B",null,"M","$","M","M","?","R","E","M","T","R","E","M","$","?","R","B",null],"character_chosen":"IRONCLAD","items_purchased":["Brimstone","Dream Catcher","Swift Strike+1","Bag of Preparation","ClockworkSouvenir","Infernal Blade+1"],"campfire_rested":1,"item_purchase_floors":[13,13,36,36,36,47],"current_hp_per_floor":[80,80,80,79,74,59,54,54,54,32,32,41,41,46,70,39,80,80,80,65,60,69,61,61,61,61,70,72,72,81,85,85,61,85,85,85,85,74,74,74,77,74,74,74,85,81,81,81,81,20],"gold":70,"neow_bonus":"RANDOM_COMMON_RELIC","is_daily":false,"chose_seed":false,"campfire_upgraded":7,"win_rate":0.0,"timestamp":1613323053,"path_taken":["M","M","?","M","M","E","M","R","T","E","R","E","$","M","R","BOSS","M","M","?","M","M","E","?","?","T","M","M","R","E","M","R","BOSS","M","$","M","M","?","R","E","M","T","R","E","M","?","?","R","BOSS"],"items_purchased_type":["Relic","Relic","Card","Relic","Relic","Card"],"build_version":"2020-12-22","purchased_purges":0,"victory":true,"max_hp_per_floor":[80,80,80,80,80,80,80,80,80,80,80,80,80,80,80,80,80,80,80,85,85,85,85,85,85,85,85,85,85,85,85,85,85,85,85,85,85,85,85,85,85,85,85,85,85,85,85,85,85,85],"card_choices":[{"not_picked":["Anger","Flex"],"picked":"Sword Boomerang","floor":1.0},{"not_picked":["Clash","Flame Barrier"],"picked":"Perfected Strike","floor":2.0},{"not_picked":["Thunderclap","Pummel","True Grit"],"picked":"SKIP","floor":4.0},{"not_picked":["True Grit","Warcry"],"picked":"Iron Wave","floor":5.0},{"not_picked":["Rupture","Battle Trance"],"picked":"Twin Strike","floor":6.0},{"not_picked":["Twin Strike","True Grit"],"picked":"Perfected Strike","floor":7.0},{"not_picked":["Dual Wield","Burning Pact"],"picked":"Armaments","floor":10.0},{"not_picked":["Searing Blow","Dual Wield"],"picked":"Twin Strike","floor":12.0},{"not_picked":["Armaments","Body Slam","Clash"],"picked":"SKIP","floor":14.0},{"not_picked":["Battle Trance","Brutality"],"picked":"Shrug It Off","floor":15.0},{"not_picked":["Flex","Pommel Strike+1"],"picked":"Shockwave","floor":18.0},{"not_picked":["Blood for Blood","Anger"],"picked":"Iron Wave","floor":19.0},{"not_picked":["Flex+1","Sword Boomerang"],"picked":"Dropkick+1","floor":21.0},{"not_picked":["Second Wind+1","Bloodletting"],"picked":"Pommel Strike","floor":22.0},{"not_picked":["Fire Breathing+1","Armaments","Rupture"],"picked":"SKIP","floor":23.0},{"not_picked":["Searing Blow+1","Headbutt+1"],"picked":"Double Tap","floor":27.0},{"not_picked":["Armaments","Metallicize+1"],"picked":"Pommel Strike+1","floor":28.0},{"not_picked":["Entrench","Body Slam+1","Headbutt+1"],"picked":"SKIP","floor":30.0},{"not_picked":["Body Slam+1","Burning Pact"],"picked":"Cleave+1","floor":31.0},{"not_picked":["Flex","Clash+1"],"picked":"Cleave+1","floor":35.0},{"not_picked":["Clash+1","Blood for Blood+1"],"picked":"Iron Wave+1","floor":37.0},{"not_picked":["Warcry","Shrug It Off","Armaments"],"picked":"SKIP","floor":38.0},{"not_picked":["Fiend Fire+1","Cleave+1","Anger+1"],"picked":"SKIP","floor":41.0},{"not_picked":["Clothesline+1","Shrug It Off+1"],"picked":"Perfected Strike+1","floor":42.0},{"not_picked":["Flex+1","Iron Wave+1"],"picked":"Rage+1","floor":45.0},{"not_picked":["Flex+1","Disarm+1"],"picked":"Twin Strike+1","floor":46.0}],"player_experience":450,"relics_obtained":[{"floor":6.0,"key":"Magic Flower"},{"floor":9.0,"key":"Juzu Bracelet"},{"floor":10.0,"key":"Gremlin Horn"},{"floor":12.0,"key":"Pen Nib"},{"floor":23.0,"key":"Lantern"},{"floor":26.0,"key":"Molten Egg 2"},{"floor":30.0,"key":"Vajra"},{"floor":41.0,"key":"Blood Vial"},{"floor":43.0,"key":"Bottled Lightning"},{"floor":45.0,"key":"Toxic Egg 2"}],"event_choices":[{"cards_removed":["Defend_R"],"damage_healed":0.0,"max_hp_gain":0.0,"max_hp_loss":0.0,"gold_gain":0.0,"event_name":"Bonfire Elementals","player_choice":"Offered Basic","floor":3.0,"gold_loss":0.0,"damage_taken":0.0},{"damage_healed":0.0,"max_hp_gain":5.0,"max_hp_loss":0.0,"gold_gain":0.0,"event_name":"Forgotten Altar","player_choice":"Shed Blood","floor":20.0,"gold_loss":0.0,"damage_taken":20.0},{"damage_healed":0.0,"max_hp_gain":0.0,"max_hp_loss":0.0,"gold_gain":0.0,"event_name":"Beggar","player_choice":"Ignored","floor":25.0,"gold_loss":0.0,"damage_taken":0.0},{"damage_healed":0.0,"max_hp_gain":0.0,"max_hp_loss":0.0,"gold_gain":0.0,"event_name":"Lab","player_choice":"Got Potions","floor":39.0,"gold_loss":0.0,"damage_taken":0.0},{"damage_healed":0.0,"max_hp_gain":0.0,"max_hp_loss":0.0,"gold_gain":0.0,"cards_transformed":["Defend_R"],"event_name":"Transmorgrifier","player_choice":"Transformed","floor":48.0,"gold_loss":0.0,"damage_taken":0.0,"cards_obtained":["Inflame"]}],"is_beta":false,"boss_relics":[{"not_picked":["Sozu","Busted Crown"],"picked":"Philosopher\u0027s Stone"},{"not_picked":["Runic Dome","Tiny House"],"picked":"SacredBark"}],"items_purged_floors":[],"is_endless":false,"potions_floor_spawned":[2,4,6,16,22,28,30,33,35,38,45,46],"ascension_level":0}}