{"host":"8am31i0j9qpslrrv","time":1613267434,"event":{"mods":["BaseMod","Curses Come First","Minty Spire (QoL Compilation)","Quick Restart","Replay The Spire","StSLib"],"gold_per_floor":[112,92,109,34,46,46,46,58,83,115,115,147,147,163,163,163,163],"floor_reached":16,"language":"ENG","playtime":334,"items_purged":["Strike_B"],"score":209,"play_id":"eb498f14-d8c4-45db-89a9-8241041b34da","local_time":"20210213205034","is_ascension_mode":true,"campfire_choices":[{"data":"Electrodynamics","floor":6.0,"key":"SMITH"},{"data":"ReplayTheSpireMod:Calculation Training","floor":11.0,"key":"SMITH"},{"data":"Darkness","floor":15.0,"key":"SMITH"}],"circlet_count":0,"master_deck":["AscendersBane","Strike_B","Strike_B","Strike_B","Defend_B","Defend_B","Defend_B","Defend_B","Zap","Dualcast","Electrodynamics+1","Darkness+1","ReplayTheSpireMod:Calculation Training+1","Decay"],"relics":["Cracked Core","Replay:Wax Seal","Shuriken"],"acts_visited":["Exordium"],"potions_floor_usage":[],"damage_taken":[{"damage":0.0,"enemies":"2 Louse","floor":1.0,"turns":2.0},{"damage":1.0,"enemies":"Cultist","floor":3.0,"turns":3.0},{"damage":2.0,"enemies":"Jaw Worm","floor":5.0,"turns":3.0},{"damage":0.0,"enemies":"3 Louse","floor":8.0,"turns":1.0},{"damage":14.0,"enemies":"Gremlin Nob","floor":10.0,"turns":3.0},{"damage":30.0,"enemies":"Lagavulin","floor":12.0,"turns":6.0},{"damage":7.0,"enemies":"Gremlin Gang","floor":14.0,"turns":2.0},{"damage":0,"enemies":"The Guardian","floor":16,"turns":2}],"seed_played":"4702353974293841150","potions_obtained":[{"floor":2.0,"key":"Cursed Concoction"},{"floor":3.0,"key":"ColorlessPotion"},{"floor":14.0,"key":"Regen Potion"}],"is_trial":false,"path_per_floor":["M","?","M","$","M","R","?","M","T","E","R","E","?","M","R","B"],"character_chosen":"DEFECT","items_purchased":[],"campfire_rested":0,"item_purchase_floors":[],"current_hp_per_floor":[64,64,63,63,61,61,66,66,66,52,52,22,22,15,15,15,15],"gold":163,"neow_bonus":"ONE_RANDOM_RARE_CARD","is_daily":false,"chose_seed":false,"campfire_upgraded":3,"win_rate":0.0,"timestamp":1613267434,"path_taken":["M","?","M","$","?","R","?","M","T","E","R","E","?","?","R","BOSS"],"items_purchased_type":[],"build_version":"2020-12-22","purchased_purges":1,"victory":false,"max_hp_per_floor":[71,71,71,71,71,71,76,76,76,76,76,76,76,76,76,76,76],"card_choices":[{"not_picked":["Gash","Rebound","Reprogram"],"picked":"SKIP","floor":1.0},{"not_picked":["Steam","ReplayTheSpireMod:GoodbyeWorld","Lockon"],"picked":"SKIP","floor":3.0},{"not_picked":["Redo","Coolheaded"],"picked":"Darkness","floor":5.0},{"not_picked":["Streamline","Steam","White Noise"],"picked":"SKIP","floor":8.0},{"not_picked":["ReplayGash","Stack"],"picked":"ReplayTheSpireMod:Calculation Training","floor":10.0},{"not_picked":["ReplayTheSpireMod:Omega Cannon","Heatsinks","Self Repair"],"picked":"SKIP","floor":12.0},{"not_picked":["Gash","ReplayTheSpireMod:Calculation Training","Cold Snap"],"picked":"SKIP","floor":14.0}],"player_experience":789590,"relics_obtained":[{"floor":10.0,"key":"Replay:Wax Seal"},{"floor":12.0,"key":"Shuriken"}],"event_choices":[{"damage_healed":0.0,"max_hp_gain":0.0,"max_hp_loss":0.0,"gold_gain":0.0,"event_name":"The Woman in Blue","player_choice":"Bought 1 Potion","floor":2.0,"gold_loss":0.0,"damage_taken":0.0},{"damage_healed":0.0,"max_hp_gain":5.0,"max_hp_loss":0.0,"gold_gain":0.0,"event_name":"Big Fish","player_choice":"Donut","floor":7.0,"gold_loss":0.0,"damage_taken":0.0},{"damage_healed":0.0,"max_hp_gain":0.0,"max_hp_loss":0.0,"gold_gain":0.0,"event_name":"Wheel of Change","player_choice":"Cursed","floor":13.0,"gold_loss":0.0,"damage_taken":0.0,"cards_obtained":["Decay"]}],"is_beta":false,"boss_relics":[],"items_purged_floors":[4],"is_endless":false,"potions_floor_spawned":[3,14],"killed_by":"The Guardian","ascension_level":18}}