{"host":"mmyob72dycyg5z21","time":1613276406,"event":{"mods":["Act Like it!","Alarm Clock","BaseMod","Better Note","Better Third Choice","Better Vampires","Colored Powertips","Gold Saver","Infinite Spire","KinomotoSakuraMod(木之本樱)","Minty Spire (QoL Compilation)","Rare Cards Sparkle","Spicy Shops","StSLib","SuperFastMode","[功能]功能增强和修复MOD","【功能Mod】精心准备"],"gold_per_floor":[20,20,20,20,20,55,55,55,55,87,87,112,112,141,141,236,236,253,271,271,271,271,301,571,571,571,571,571],"floor_reached":27,"language":"ZHS","playtime":2930,"items_purged":[],"score":342,"play_id":"6bf28702-6c68-4eb6-aec8-b1a952c74aeb","local_time":"20210214122006","is_ascension_mode":true,"campfire_choices":[{"data":"SpellCardSeal","floor":7.0,"key":"SMITH"},{"data":"ClowCardTheSword","floor":11.0,"key":"SMITH"},{"data":"ClowCardTheFirey","floor":13.0,"key":"SMITH"},{"data":"ClowCardTheArrow","floor":15.0,"key":"SMITH"},{"floor":25.0,"key":"REST"}],"circlet_count":0,"master_deck":["SakuraCardTheSword+","ClowCardTheSword+1","ClowCardTheShield","ClowCardTheShield","ClowCardTheShield","SpellCardSeal+1","SpellCardRelease","ClowCardTheLittle","ClowCardTheSleep","ClowCardTheArrow+1","ClowCardTheIllusion","ClowCardTheWave","ClowCardTheFirey+1","ClowCardTheMaze","ClowCardTheLight","ClowCardTheMirror+1","ClowCardTheFreeze+1","ClowCardTheChange"],"relics":["KSMOD_SealedBook","KSMOD_StarWand","KSMOD_TouyasBicycle","Bag of Preparation","Boot","Matryoshka","The Courier","Nunchaku","Darkstone Periapt","Strawberry","KSMOD_SwordJade","Meat on the Bone"],"acts_visited":["Exordium","TheCity"],"potions_floor_usage":[27],"damage_taken":[{"damage":0.0,"enemies":"Cultist","floor":1.0,"turns":8.0},{"damage":24.0,"enemies":"3 Sentries","floor":6.0,"turns":14.0},{"damage":15.0,"enemies":"Gremlin Nob","floor":10.0,"turns":4.0},{"damage":13.0,"enemies":"3 Sentries","floor":12.0,"turns":11.0},{"damage":0.0,"enemies":"Gremlin Nob","floor":14.0,"turns":2.0},{"damage":0.0,"enemies":"Slime Boss","floor":16.0,"turns":3.0},{"damage":0.0,"enemies":"Spheric Guardian","floor":18.0,"turns":3.0},{"damage":0.0,"enemies":"3 Byrds","floor":19.0,"turns":2.0},{"damage":25.0,"enemies":"Book of Stabbing","floor":23.0,"turns":5.0},{"damage":52,"enemies":"Nightmare","floor":27,"turns":8}],"seed_played":"4893629818940477468","potions_obtained":[{"floor":1.0,"key":"EntropicBrew"},{"floor":14.0,"key":"SteroidPotion"},{"floor":16.0,"key":"AttackPotion"},{"floor":19.0,"key":"Swift Potion"}],"is_trial":false,"path_per_floor":["M","$","?","?","?","E","R","$","T","E","R","E","R","E","R","B",null,"M","M","T","?","?","E","?","R","T","NM"],"character_chosen":"KINOMOTOSAKURA","items_purchased":[],"campfire_rested":1,"item_purchase_floors":[],"current_hp_per_floor":[70,70,75,75,75,51,51,51,51,36,36,23,23,23,23,23,75,75,75,75,82,82,57,24,48,48,0,0],"gold":571,"neow_bonus":"TRANSFORM_TWO_CARDS","is_daily":false,"chose_seed":false,"campfire_upgraded":4,"win_rate":0.0,"timestamp":1613276406,"path_taken":["M","?","?","?","?","E","R","$","T","E","R","E","R","E","R","BOSS","M","M","?","?","?","E","?","R","T","NM"],"items_purchased_type":[],"build_version":"2020-12-22","purchased_purges":0,"victory":false,"max_hp_per_floor":[70,70,75,75,75,75,75,75,75,75,75,75,75,75,75,75,75,75,75,75,82,82,82,82,82,82,82,82],"card_choices":[{"not_picked":["ClowCardTheMist","ClowCardTheSweet"],"picked":"ClowCardTheArrow","floor":1.0},{"not_picked":["ClowCardTheLock","ClowCardTheSnow"],"picked":"ClowCardTheIllusion","floor":6.0},{"not_picked":["ClowCardTheSilent","ClowCardTheIllusion"],"picked":"ClowCardTheWave","floor":10.0},{"not_picked":["ClowCardTheTwin","ClowCardTheDream"],"picked":"ClowCardTheFirey","floor":12.0},{"not_picked":["ClowCardTheLibra","ClowCardTheDream"],"picked":"ClowCardTheMaze","floor":14.0},{"not_picked":["ClowCardTheTime","ClowCardTheCreate"],"picked":"ClowCardTheLight","floor":16.0},{"not_picked":["ClowCardTheStorm","ClowCardTheFirey"],"picked":"ClowCardTheMirror+1","floor":18.0},{"not_picked":["ClowCardTheWave","ClowCardTheSilent"],"picked":"ClowCardTheFreeze+1","floor":19.0},{"not_picked":["ClowCardTheShot","ClowCardTheSong"],"picked":"ClowCardTheChange","floor":23.0}],"player_experience":395579,"relics_obtained":[{"floor":6.0,"key":"KSMOD_TouyasBicycle"},{"floor":9.0,"key":"Bag of Preparation"},{"floor":10.0,"key":"Boot"},{"floor":12.0,"key":"Matryoshka"},{"floor":14.0,"key":"The Courier"},{"floor":20.0,"key":"Nunchaku"},{"floor":20.0,"key":"Darkstone Periapt"},{"floor":23.0,"key":"KSMOD_SwordJade"},{"floor":26,"key":"Meat on the Bone"}],"event_choices":[{"damage_healed":0.0,"max_hp_gain":5.0,"max_hp_loss":0.0,"gold_gain":0.0,"event_name":"Big Fish","player_choice":"Donut","floor":3.0,"gold_loss":0.0,"damage_taken":0.0},{"damage_healed":0.0,"max_hp_gain":0.0,"max_hp_loss":0.0,"gold_gain":0.0,"event_name":"Lab","player_choice":"Got Potions","floor":5.0,"gold_loss":0.0,"damage_taken":0.0},{"damage_healed":0.0,"max_hp_gain":0.0,"max_hp_loss":0.0,"gold_gain":0.0,"event_name":"WeMeetAgain","player_choice":"Gave Potion","floor":21.0,"gold_loss":0.0,"damage_taken":0.0,"relics_obtained":["Strawberry"]},{"cards_removed":["ClowCardTheShield"],"damage_healed":0.0,"max_hp_gain":0.0,"max_hp_loss":0.0,"gold_gain":0.0,"event_name":"Purifier","player_choice":"Purged","floor":22.0,"gold_loss":0.0,"damage_taken":0.0},{"damage_healed":0.0,"max_hp_gain":0.0,"max_hp_loss":0.0,"gold_gain":270.0,"event_name":"Knowing Skull","player_choice":"GOLD GOLD POTION GOLD ","floor":24.0,"potions_obtained":["GamblersBrew"],"gold_loss":0.0,"damage_taken":33.0,"cards_obtained":[]}],"is_beta":false,"boss_relics":[{"not_picked":["Empty Cage","KSMOD_DarknessWand"],"picked":"KSMOD_StarWand"}],"items_purged_floors":[],"is_endless":false,"potions_floor_spawned":[1,14,16,19],"killed_by":"Nightmare","ascension_level":1}}