{"host":"7nm1ow5v9mg4ehcw","time":1613342930,"event":{"mods":["BaseMod","Minty Spire (QoL Compilation)","Relic Stats","StSLib"],"gold_per_floor":[113,132,14,89,107,138,152,185,185,221,221,221,221,241,241,327,327,347,367,67,76,95,136,136,171,180,90,117,144,144,171,171,254,254,277,303,327,336,336,336,114,114,147,147,174,210,236,270,270,270],"floor_reached":51,"language":"ENG","playtime":3933,"items_purged":["Normality"],"score":1402,"play_id":"6d202dd8-c48c-4f5f-a256-28581424f12d","local_time":"20210214234850","is_ascension_mode":true,"campfire_choices":[{"floor":11.0,"key":"REST"},{"data":"Night Terror","floor":13.0,"key":"SMITH"},{"data":"Envenom","floor":15.0,"key":"SMITH"},{"data":"Catalyst","floor":24,"key":"SMITH"},{"floor":30,"key":"REST"},{"data":"Footwork","floor":32,"key":"SMITH"},{"data":"Expertise","floor":40,"key":"SMITH"},{"data":"Malaise","floor":42,"key":"SMITH"},{"floor":44,"key":"REST"},{"data":"Calculated Gamble","floor":49,"key":"SMITH"}],"circlet_count":0,"master_deck":["AscendersBane","Survivor","Neutralize","Envenom+1","Night Terror+1","Deflect","Concentrate+1","Backflip","Adrenaline+1","Malaise+1","Finisher","Acrobatics","Skewer","Reflex","Leg Sweep","Well Laid Plans+1","Dash","Unload","Dagger Throw","Endless Agony","Noxious Fumes+1","Expertise+1","Die Die Die","Catalyst+1","PiercingWail+1","Footwork+1","Poisoned Stab","Infinite Blades","Backflip","Adrenaline","Quick Slash","Venomology","Catalyst+1","Pain","Acrobatics+1","Footwork","Parasite","Calculated Gamble+1"],"relics":["Pandora\u0027s Box","Anchor","War Paint","CeramicFish","Meat on the Bone","Cursed Key","Torii","HornCleat","Blue Candle","Kunai","Vajra","Philosopher\u0027s Stone","Pantograph","Bronze Scales","PreservedInsect","Toy Ornithopter","Lantern"],"acts_visited":["Exordium","TheCity","TheBeyond"],"potions_floor_usage":[16,18,23,31,33,37,46,46,48,48,50],"damage_taken":[{"damage":4.0,"enemies":"Jaw Worm","floor":1.0,"turns":4.0},{"damage":0.0,"enemies":"Cultist","floor":2.0,"turns":3.0},{"damage":3.0,"enemies":"Small Slimes","floor":5.0,"turns":4.0},{"damage":0.0,"enemies":"Lagavulin","floor":6.0,"turns":10.0},{"damage":3.0,"enemies":"Exordium Thugs","floor":7.0,"turns":5.0},{"damage":11.0,"enemies":"Gremlin Nob","floor":8.0,"turns":5.0},{"damage":23.0,"enemies":"3 Sentries","floor":10.0,"turns":11.0},{"damage":0.0,"enemies":"Blue Slaver","floor":14.0,"turns":2.0},{"damage":17,"enemies":"Slime Boss","floor":16,"turns":9},{"damage":0,"enemies":"3 Byrds","floor":18,"turns":3},{"damage":10,"enemies":"Spheric Guardian","floor":19,"turns":4},{"damage":0,"enemies":"Snake Plant","floor":22,"turns":6},{"damage":3,"enemies":"Gremlin Leader","floor":23,"turns":7},{"damage":2,"enemies":"Book of Stabbing","floor":25,"turns":7},{"damage":0,"enemies":"3 Cultists","floor":28,"turns":5},{"damage":9,"enemies":"Cultist and Chosen","floor":29,"turns":6},{"damage":0,"enemies":"Slavers","floor":31,"turns":4},{"damage":18,"enemies":"Automaton","floor":33,"turns":5},{"damage":6,"enemies":"3 Shapes","floor":35,"turns":6},{"damage":7,"enemies":"Orb Walker","floor":36,"turns":4},{"damage":12,"enemies":"Sphere and 2 Shapes","floor":37,"turns":6},{"damage":23,"enemies":"Jaw Worm Horde","floor":45,"turns":4},{"damage":25,"enemies":"Reptomancer","floor":46,"turns":5},{"damage":10,"enemies":"Writhing Mass","floor":47,"turns":5},{"damage":11,"enemies":"Nemesis","floor":48,"turns":7},{"damage":44,"enemies":"Time Eater","floor":50,"turns":8}],"seed_played":"8156869074200736005","potions_obtained":[{"floor":1.0,"key":"Strength Potion"},{"floor":7.0,"key":"Fire Potion"},{"floor":10.0,"key":"Energy Potion"},{"floor":16,"key":"LiquidBronze"},{"floor":19,"key":"SpeedPotion"},{"floor":22,"key":"DistilledChaos"},{"floor":25,"key":"Strength Potion"},{"floor":35,"key":"Block Potion"},{"floor":45,"key":"Fire Potion"},{"floor":47,"key":"DistilledChaos"}],"is_trial":false,"path_per_floor":["M","M","$","?","M","E","M","E","T","E","R","?","R","M","R","B",null,"M","M","$","?","M","E","R","E","T","?","M","M","R","E","R","B",null,"M","M","M","T","?","R","$","R","T","R","M","E","M","E","R","B",null],"character_chosen":"THE_SILENT","items_purchased":["Leg Sweep","Well Laid Plans","Torii","Bronze Scales"],"campfire_rested":3,"item_purchase_floors":[3,3,20,41],"current_hp_per_floor":[55,55,55,49,46,46,43,32,32,9,28,28,28,40,40,35,58,58,48,48,48,48,45,45,43,43,43,43,34,53,53,53,35,58,52,45,45,45,45,45,45,45,45,64,41,28,30,41,41,39],"gold":270,"neow_bonus":"BOSS_RELIC","is_daily":false,"chose_seed":false,"campfire_upgraded":7,"win_rate":0.0,"timestamp":1613342930,"path_taken":["M","M","$","?","M","E","?","E","T","E","R","?","R","M","R","BOSS","M","M","$","?","M","E","R","E","T","?","?","M","R","E","R","BOSS","M","M","M","?","?","R","$","R","T","R","M","E","M","E","R","BOSS"],"items_purchased_type":["Card","Card","Relic","Relic"],"build_version":"2020-12-22","purchased_purges":1,"victory":true,"max_hp_per_floor":[66,66,66,66,66,66,66,66,66,66,66,66,66,66,66,66,66,66,66,66,66,66,66,66,66,66,66,66,66,66,66,66,66,66,66,66,66,66,66,66,66,66,66,66,66,66,66,66,66,66],"relic_stats":{"Torii":16,"counters":[26,145],"CeramicFish":180,"Blue Candle":[6],"PreservedInsect":110,"War Paint":["Concentrate","Adrenaline"],"Cursed Key":3,"Pantograph":25,"Bronze Scales":[79],"Pandora\u0027s Box":["Envenom","Night Terror","Deflect","Concentrate","Backflip","Adrenaline","Malaise","Finisher","Acrobatics","Skewer"],"Kunai":[25],"obtain_stats":[{"Lantern":48,"Torii":20,"CeramicFish":9,"Blue Candle":25,"Vajra":31,"PreservedInsect":43,"War Paint":8,"Cursed Key":17,"Anchor":6,"HornCleat":23,"Pantograph":38,"Bronze Scales":41,"Pandora\u0027s Box":0,"Philosopher\u0027s Stone":34,"Kunai":26,"Toy Ornithopter":46,"Ring of the Snake":0,"Meat on the Bone":10},{"Lantern":25,"Torii":11,"CeramicFish":6,"Blue Candle":14,"Vajra":17,"PreservedInsect":21,"War Paint":6,"Cursed Key":9,"Anchor":4,"HornCleat":13,"Pantograph":21,"Bronze Scales":21,"Pandora\u0027s Box":0,"Philosopher\u0027s Stone":18,"Kunai":14,"Toy Ornithopter":23,"Ring of the Snake":0,"Meat on the Bone":7},{"Lantern":137,"Torii":60,"CeramicFish":31,"Blue Candle":80,"Vajra":95,"PreservedInsect":116,"War Paint":31,"Cursed Key":53,"Anchor":21,"HornCleat":73,"Pantograph":116,"Bronze Scales":116,"Pandora\u0027s Box":0,"Philosopher\u0027s Stone":100,"Kunai":80,"Toy Ornithopter":125,"Ring of the Snake":0,"Meat on the Bone":42}],"Toy Ornithopter":15,"Meat on the Bone":84},"card_choices":[{"not_picked":["All Out Attack","Acrobatics","Deflect"],"picked":"SKIP","floor":1.0},{"not_picked":["Sucker Punch","Flying Knee"],"picked":"Reflex","floor":2.0},{"not_picked":["Backflip","Poisoned Stab"],"picked":"Dash","floor":5.0},{"not_picked":["Backflip","Concentrate"],"picked":"Unload","floor":6.0},{"not_picked":["Prepared","Cloak And Dagger"],"picked":"Dagger Throw","floor":7.0},{"not_picked":["Finisher","Underhanded Strike"],"picked":"Endless Agony","floor":8.0},{"not_picked":["Prepared","Dodge and Roll"],"picked":"Noxious Fumes","floor":10.0},{"not_picked":["Leg Sweep","Night Terror"],"picked":"Expertise","floor":14.0},{"not_picked":["Grand Finale","Malaise"],"picked":"Die Die Die","floor":16},{"not_picked":["Deflect","Setup"],"picked":"Catalyst","floor":18},{"not_picked":["Outmaneuver","Prepared"],"picked":"PiercingWail+1","floor":19},{"not_picked":["Riddle With Holes","Dagger Throw","Blade Dance"],"picked":"SKIP","floor":22},{"not_picked":["Deflect","Infinite Blades"],"picked":"Poisoned Stab","floor":23},{"not_picked":["Distraction","Skewer","Accuracy"],"picked":"SKIP","floor":25},{"not_picked":["Prepared","Acrobatics"],"picked":"Infinite Blades","floor":28},{"not_picked":["Cloak And Dagger","PiercingWail"],"picked":"Backflip","floor":29},{"not_picked":["Dash+1","Underhanded Strike","Eviscerate+1"],"picked":"SKIP","floor":31},{"not_picked":["Wraith Form v2","Unload"],"picked":"Adrenaline","floor":33},{"not_picked":["Prepared","Deflect"],"picked":"Quick Slash","floor":35},{"not_picked":["Sucker Punch","Leg Sweep"],"picked":"Venomology","floor":36},{"not_picked":["Heel Hook","PiercingWail"],"picked":"Catalyst+1","floor":37},{"not_picked":["Slice+1","Cloak And Dagger"],"picked":"Acrobatics+1","floor":45},{"not_picked":["Envenom","Dagger Spray+1"],"picked":"Footwork","floor":46},{"not_picked":["Acrobatics","Flying Knee","Setup+1"],"picked":"SKIP","floor":47},{"not_picked":["Dagger Spray+1","Acrobatics"],"picked":"Calculated Gamble","floor":48}],"player_experience":397749,"relics_obtained":[{"floor":6.0,"key":"Anchor"},{"floor":8.0,"key":"War Paint"},{"floor":9.0,"key":"CeramicFish"},{"floor":10.0,"key":"Meat on the Bone"},{"floor":23,"key":"HornCleat"},{"floor":25,"key":"Blue Candle"},{"floor":26,"key":"Kunai"},{"floor":31,"key":"Vajra"},{"floor":38,"key":"Pantograph"},{"floor":43,"key":"PreservedInsect"},{"floor":46,"key":"Toy Ornithopter"},{"floor":48,"key":"Lantern"}],"event_choices":[{"damage_healed":0.0,"max_hp_gain":0.0,"max_hp_loss":0.0,"gold_gain":75.0,"event_name":"FaceTrader","player_choice":"Touch","floor":4.0,"gold_loss":0.0,"damage_taken":6.0},{"damage_healed":0.0,"max_hp_gain":0.0,"max_hp_loss":0.0,"gold_gain":0.0,"event_name":"Upgrade Shrine","player_choice":"Upgraded","floor":12.0,"gold_loss":0.0,"damage_taken":0.0,"cards_upgraded":["Noxious Fumes"]},{"damage_healed":0,"gold_gain":0,"player_choice":"Read","damage_taken":0,"max_hp_gain":0,"max_hp_loss":0,"event_name":"The Library","floor":21,"gold_loss":0,"cards_obtained":["Footwork"]},{"cards_removed":["Normality"],"damage_healed":0,"gold_gain":0,"player_choice":"Upgrade and Remove","damage_taken":0,"max_hp_gain":0,"max_hp_loss":0,"event_name":"Designer","floor":27,"gold_loss":90,"cards_upgraded":["Well Laid Plans"]},{"damage_healed":0,"gold_gain":0,"player_choice":"Ignored","damage_taken":0,"max_hp_gain":0,"max_hp_loss":0,"event_name":"Tomb of Lord Red Mask","floor":39,"gold_loss":0}],"is_beta":false,"boss_relics":[{"not_picked":["Snecko Eye","Empty Cage"],"picked":"Cursed Key"},{"not_picked":["Velvet Choker","Coffee Dripper"],"picked":"Philosopher\u0027s Stone"}],"items_purged_floors":[41],"is_endless":false,"potions_floor_spawned":[1,7,10,14,16,19,22,25,35,45,47],"ascension_level":14}}