{"host":"n5x0e04y88v3omrc","time":1613285088,"event":{"mods":["Aspiration","BaseMod","Colored Powertips","Downfall","Minty Spire (QoL Compilation)","Replay The Spire","Shop Mod","StSLib"],"gold_per_floor":[112,112,37,52,4,21,21,36,36,36,48,48,64,75,75,172,172,190,202,202,218,72,72,102,119,119,119,132,232,251,263,263,362,362,373,311,311,161,176,176,188,13,91,91,91,119,119,132,132,132],"floor_reached":51,"language":"ZHS","playtime":3522,"items_purged":["Defend_G","Defend_G","Strike_G","Defend_G","Strike_G"],"score":691,"play_id":"7397696b-8ac6-4f3d-bff8-ac331e347a61","local_time":"20210214144448","is_ascension_mode":false,"campfire_choices":[{"data":"Slice","floor":7,"key":"SMITH"},{"data":"Neutralize","floor":10,"key":"SMITH"},{"data":"Burst","floor":12,"key":"SMITH"},{"data":"Strike_G","floor":15,"key":"PURGE"},{"data":"Replay:Bag of Tricks","floor":23,"key":"SMITH"},{"data":"Outmaneuver","floor":32,"key":"SMITH"},{"data":"Hidden Blade","floor":40,"key":"SMITH"},{"floor":44,"key":"REST"},{"data":"Adrenaline","floor":47,"key":"SMITH"},{"data":"Slice","floor":49,"key":"SMITH"}],"circlet_count":0,"master_deck":["Strike_G","Strike_G","Defend_G","Neutralize+1","Blade Dance+1","Escape Plan","Slice+1","Hidden Blade+1","Burst+1","Quick Slash","Replay:Bag of Tricks+1","Backstab+1","PiercingWail+1","Escape Plan","Slice","Blade Dance+1","Outmaneuver+1","Dagger Throw+1","Backstab","PiercingWail","Slice+1","Adrenaline+1","PiercingWail+1","Backstab","Prepared+1"],"relics":["WristBlade","ReplayTheSpireMod:Ninjato","MutagenicStrength","Gremlin Horn","bronze:DecasWashers","Pondfish Scales","Iron Hammer","Black Star","MerchantsRug","Replay:Bottled Steam","Anchor","ReplayTheSpireMod:Shallot"],"acts_visited":["Exordium","TheCity","TheBeyond"],"potions_floor_usage":[16,16,16,33,50],"damage_taken":[{"damage":0,"enemies":"Cultist","floor":1,"turns":4},{"damage":0,"enemies":"Small Slimes","floor":4,"turns":2},{"damage":5,"enemies":"2 Louse","floor":6,"turns":2},{"damage":11,"enemies":"Exordium Thugs","floor":8,"turns":4},{"damage":0,"enemies":"2 Fungi Beasts","floor":11,"turns":2},{"damage":10,"enemies":"Looter","floor":13,"turns":2},{"damage":0,"enemies":"Lots of Slimes","floor":14,"turns":2},{"damage":0,"enemies":"Fading Forest","floor":16,"turns":11},{"damage":14,"enemies":"2 Thieves","floor":18,"turns":2},{"damage":0,"enemies":"3 Byrds","floor":19,"turns":3},{"damage":0,"enemies":"Snecko","floor":21,"turns":1},{"damage":0,"enemies":"Gremlin Leader","floor":24,"turns":2},{"damage":0,"enemies":"Cultist and Chosen","floor":25,"turns":2},{"damage":0,"enemies":"Centurion and Healer","floor":28,"turns":2},{"damage":0,"enemies":"Colosseum Slavers","floor":29,"turns":2},{"damage":0,"enemies":"Colosseum Nobs","floor":29,"turns":2},{"damage":0,"enemies":"Shelled Parasite and Fungi","floor":30,"turns":1},{"damage":0,"enemies":"Cultist and Chosen","floor":31,"turns":2},{"damage":0,"enemies":"Collector","floor":33,"turns":2},{"damage":9,"enemies":"3 Shapes","floor":35,"turns":1},{"damage":0,"enemies":"Orb Walker","floor":39,"turns":1},{"damage":0,"enemies":"3 Darklings","floor":41,"turns":1},{"damage":0,"enemies":"Giant Head","floor":46,"turns":3},{"damage":0,"enemies":"Maw","floor":48,"turns":2},{"damage":0,"enemies":"Replay:Hell Engine","floor":50,"turns":3}],"seed_played":"3789168197925106734","potions_obtained":[{"floor":6,"key":"Reflective Coating"},{"floor":8,"key":"Dexterity Potion"},{"floor":13,"key":"DistilledChaos"},{"floor":18,"key":"Toxic Potion"},{"floor":19,"key":"AttackPotion"},{"floor":24,"key":"Elixir"},{"floor":28,"key":"bronze:BurnAndBuffPotion"},{"floor":33,"key":"Ancient Potion"},{"floor":48,"key":"Fire Potion"}],"is_trial":false,"path_per_floor":["M","?","$","M","$","M","R","M","T","R","M","R","M","M","R","B",null,"M","M","?","M","$","R","E","M","T","?","M","?","M","M","R","B",null,"M","$","?","$","M","R","M","$","T","R","?","E","R","M","R","B",null],"character_chosen":"THE_SILENT","items_purchased":["Slice","Slice","MerchantsRug"],"campfire_rested":1,"item_purchase_floors":[5,22,36],"current_hp_per_floor":[70,70,70,70,70,65,65,54,54,54,54,54,44,44,44,54,70,56,56,56,56,56,56,56,56,56,56,56,56,56,56,56,56,70,61,61,61,61,61,61,61,61,61,70,70,70,70,70,70,70],"gold":132,"neow_bonus":"BOSS_RELIC","is_daily":false,"chose_seed":false,"campfire_upgraded":8,"win_rate":0.0,"timestamp":1613285088,"path_taken":["M","?","$","?","?","M","R","M","T","R","?","R","M","M","R","BOSS","M","M","?","M","$","R","E","M","T","?","?","?","M","M","R","BOSS","M","$","?","$","?","R","M","$","T","R","?","E","R","M","R","BOSS"],"items_purchased_type":["Card","Card","Relic"],"build_version":"2020-12-22","purchased_purges":5,"victory":true,"max_hp_per_floor":[70,70,70,70,70,70,70,70,70,70,70,70,70,70,70,70,70,70,70,70,70,70,70,70,70,70,70,70,70,70,70,70,70,70,70,70,70,70,70,70,70,70,70,70,70,70,70,70,70,70],"card_choices":[{"not_picked":["Dagger Throw","Poisoned Stab"],"picked":"Blade Dance","floor":1},{"not_picked":["Heel Hook","Eviscerate"],"picked":"Escape Plan","floor":4},{"not_picked":["Flying Knee","Deflect","Leg Sweep"],"picked":"SKIP","floor":6},{"not_picked":["Outmaneuver","Dodge and Roll"],"picked":"Hidden Blade","floor":8},{"not_picked":["Crippling Poison","Outmaneuver"],"picked":"Burst","floor":11},{"not_picked":["Sneak Up","Heel Hook","Deadly Poison"],"picked":"SKIP","floor":13},{"not_picked":["Dodge and Roll","Reflex"],"picked":"Quick Slash","floor":14},{"not_picked":["Tools of the Trade","Bullet Time"],"picked":"Replay:Bag of Tricks","floor":16},{"not_picked":["Heel Hook","Outmaneuver+1","Dagger Throw"],"picked":"Backstab+1","floor":18},{"not_picked":["Flying Knee","Flechettes","Deadly Poison"],"picked":"PiercingWail+1","floor":19},{"not_picked":["Backflip","Deflect","Poisoned Stab"],"picked":"Escape Plan","floor":21},{"not_picked":["Masterful Stab","Outmaneuver+1","ReplayTheSpireMod:The Works"],"picked":"Blade Dance","floor":24},{"not_picked":["Toxin Wave","Sucker Punch","ReplayTheSpireMod:Necrosis"],"picked":"Outmaneuver","floor":25},{"not_picked":["Crippling Poison","Poisoned Stab","Underhanded Strike"],"picked":"Dagger Throw+1","floor":28},{"not_picked":["Dagger Throw","Hidden Blade","All Out Attack"],"picked":"Backstab","floor":29},{"not_picked":["Bane","Reflex","Crippling Poison"],"picked":"PiercingWail","floor":30},{"not_picked":["Prepared","Expertise","Dagger Throw"],"picked":"Slice","floor":31},{"not_picked":["Wraith Form v2","Burst","aspiration:Lunge"],"picked":"Adrenaline","floor":33},{"not_picked":["Dagger Spray+1","Flying Knee","Toxin Wave+1"],"picked":"PiercingWail+1","floor":35},{"not_picked":["Poisoned Stab","Acrobatics+1","Escape Plan"],"picked":"SKIP","floor":39},{"not_picked":["Outmaneuver","Well Laid Plans+1"],"picked":"Backstab","floor":41},{"not_picked":["Draining Mist+1","Acrobatics+1"],"picked":"Prepared+1","floor":46},{"not_picked":["Prepared","Bane","Well Laid Plans+1"],"picked":"SKIP","floor":48}],"player_experience":38568,"relics_obtained":[{"floor":9,"key":"ReplayTheSpireMod:Ninjato"},{"floor":24,"key":"Gremlin Horn"},{"floor":26,"key":"bronze:DecasWashers"},{"floor":29,"key":"Pondfish Scales"},{"floor":29,"key":"Iron Hammer"},{"floor":43,"key":"Replay:Bottled Steam"},{"floor":46,"key":"Anchor"},{"floor":46,"key":"ReplayTheSpireMod:Shallot"}],"event_choices":[{"damage_healed":0,"gold_gain":0,"player_choice":"Upgraded","damage_taken":0,"max_hp_gain":0,"max_hp_loss":0,"event_name":"Upgrade Shrine","floor":2,"gold_loss":0,"cards_upgraded":["Blade Dance"]},{"damage_healed":0,"gold_gain":0,"player_choice":"Inject Mutagens","damage_taken":0,"relics_obtained":["MutagenicStrength"],"max_hp_gain":0,"max_hp_loss":0,"event_name":"Drug Dealer","floor":20,"gold_loss":0},{"damage_healed":0,"gold_gain":0,"player_choice":"Forge","damage_taken":0,"max_hp_gain":0,"max_hp_loss":0,"event_name":"Accursed Blacksmith","floor":27,"gold_loss":0,"cards_upgraded":["Blade Dance"]},{"damage_healed":0,"gold_gain":0,"player_choice":"Fight","damage_taken":0,"max_hp_gain":0,"max_hp_loss":0,"event_name":"Colosseum","floor":29,"gold_loss":0},{"damage_healed":0,"gold_gain":0,"player_choice":"Fought Nobs","damage_taken":0,"max_hp_gain":0,"max_hp_loss":0,"event_name":"Colosseum","floor":29,"gold_loss":0},{"cards_removed":["Survivor"],"damage_healed":0,"gold_gain":0,"player_choice":"Offered Basic","damage_taken":0,"max_hp_gain":0,"max_hp_loss":0,"event_name":"Bonfire Elementals","floor":37,"gold_loss":0},{"cards_removed":["Defend_G"],"damage_healed":0,"gold_gain":0,"player_choice":"Purged","damage_taken":0,"max_hp_gain":0,"max_hp_loss":0,"event_name":"Purifier","floor":45,"gold_loss":0}],"is_beta":false,"boss_relics":[{"not_picked":["Ectoplasm","bronze:MakeshiftBattery"],"picked":"Honey Jar"},{"not_picked":["aspiration:FutureDiary","aspiration:RunicSpoon"],"picked":"Black Star"}],"items_purged_floors":[3,22,36,38,42],"is_endless":false,"potions_floor_spawned":[6,8,13,18,19,24,28,33,48],"ascension_level":0}}