{"host":"bp3tm7tvk8nf4kb2","time":1613288784,"event":{"mods":["2.2 Compatiblity","AchievementEnabler","BaseMod","Bestiary","Better Match","Better Third Choice","BetterRewards","Colored Map","Colored Powertips","Curses Come First","DeckTracker","Downfall","Duelist Mod","Friendly Minions","Googly Eyes","Halation","Highlight Path","Marisa????????","Minty Spire (QoL Compilation)","Morshu Shopkeeper - ENHANCED","Permanent Neow","Quick Restart","Rare Cards Sparkle","Reorder Act Four","Replay The Spire","Shop Mod","Spicy Shops","StSLib","The Animator","TheBandit","Waifu the Spire","Wide Potions","everything is the same but u backflip on backflip"],"gold_per_floor":[112,128,128,138,150,150,150,166,166,166,166,186,32,50,50,150,150,165,165,185,185,185,185,100,100,100,122,135,135,135,158,158,275,275,293,8,28,28,46,90,90,91,91],"floor_reached":42,"language":"ENG","playtime":1390,"items_purged":[],"score":620,"play_id":"860729f0-9c2c-4e94-87ef-9dc59b9b0c5b","local_time":"20210213234624","is_ascension_mode":false,"campfire_choices":[{"floor":23,"key":"DIG"},{"floor":25,"key":"REST"},{"floor":30,"key":"REST"},{"floor":32,"key":"REST"},{"floor":41,"key":"RECALL"}],"circlet_count":0,"master_deck":["Defend_B","Zap","Dualcast","FIFO Queue+1","Compile Driver","Ball Lightning+1","Compile Driver+1","Melter+1","BasicCrystalCard+1","Static Discharge","Multi-Cast","Redo","Beam Cell","Compile Driver","Bite+1","Bite","Bite","Bite","Bite+1","Ball Lightning+1","ReplayTheSpireMod:Calculation Training","Melter+1","Electrodynamics","Ball Lightning","Conserve Battery+1"],"relics":["Cracked Core","Replay:Mystery Machine","Oddly Smooth Stone","Replay:Multitool","Carrot","halation:IllGainedPizza","Sozu","Torii","halation:AfternoonTea","Question Card","Painkiller Herb","Replay:Arrowhead","Whetstone","halation:BottledLove"],"acts_visited":["Exordium","TheCity","TheBeyond"],"potions_floor_usage":[],"damage_taken":[{"damage":3.0,"enemies":"Cultist","floor":1.0,"turns":4.0},{"damage":1.0,"enemies":"2 Louse","floor":2.0,"turns":2.0},{"damage":11.0,"enemies":"Jaw Worm","floor":4.0,"turns":3.0},{"damage":30.0,"enemies":"Exordium Thugs","floor":5.0,"turns":4.0},{"damage":0.0,"enemies":"2 Fungi Beasts","floor":8.0,"turns":2.0},{"damage":4.0,"enemies":"Red Slaver","floor":12.0,"turns":2.0},{"damage":15,"enemies":"Exordium Thugs","floor":14,"turns":4},{"damage":16,"enemies":"Slime Boss","floor":16,"turns":6},{"damage":10,"enemies":"Chosen","floor":18,"turns":3},{"damage":30,"enemies":"2 Thieves","floor":20,"turns":4},{"damage":26,"enemies":"Cultist and Chosen","floor":27,"turns":5},{"damage":21,"enemies":"Snake Plant","floor":28,"turns":2},{"damage":38,"enemies":"Centurion and Healer","floor":31,"turns":3},{"damage":27,"enemies":"Pondfish","floor":33,"turns":5},{"damage":0,"enemies":"3 Shapes","floor":35,"turns":2},{"damage":10,"enemies":"Orb Walker","floor":37,"turns":2},{"damage":9,"enemies":"3 Darklings","floor":39,"turns":2},{"damage":37,"enemies":"Nemesis","floor":40,"turns":5},{"damage":25,"enemies":"Maw","floor":42,"turns":2}],"seed_played":"7208048557731854329","potions_obtained":[{"floor":2.0,"key":"Adrenaline Potion"},{"floor":16,"key":"PowerPotion"}],"is_trial":false,"path_per_floor":["M","M","?","M","M","?","?","M","T","?","R","M","$","M","R","B",null,"M","?","M","?","?","R","?","R","T","M","M","T","R","M","R","B",null,"?","T","?","?","?","E","T","?"],"character_chosen":"DEFECT","items_purchased":["Replay:Mystery Machine","FIFO Queue","halation:IllGainedPizza","Static Discharge","Ball Lightning","Replay:Arrowhead","Whetstone"],"campfire_rested":3,"item_purchase_floors":[0,0,13,13,36,36,36],"current_hp_per_floor":[60,59,59,48,18,18,18,18,18,18,40,36,36,21,43,27,75,65,65,35,35,27,27,27,44,44,41,22,22,39,19,36,31,57,57,57,52,52,46,18,18,0,0],"gold":91,"neow_bonus":"","is_daily":false,"chose_seed":false,"campfire_upgraded":0,"win_rate":0.0,"timestamp":1613288784,"path_taken":["M","M","?","?","?","?","?","?","T","?","R","M","$","M","R","BOSS","M","?","?","?","?","R","?","R","T","M","M","?","R","?","R","BOSS","?","T","?","?","?","E","T","?"],"items_purchased_type":["Relic","Card","Relic","Card","Card","Relic","Relic"],"build_version":"2020-12-22","purchased_purges":0,"victory":false,"max_hp_per_floor":[75,75,75,75,75,75,75,75,75,75,75,75,75,75,75,75,75,75,75,75,52,57,57,57,57,57,57,57,57,57,57,57,57,57,57,57,57,57,57,57,57,57,57],"card_choices":[{"not_picked":["Blizzard","Leap"],"picked":"Compile Driver","floor":1.0},{"not_picked":["Heatsinks","Go for the Eyes"],"picked":"Ball Lightning","floor":2.0},{"not_picked":["Glacier","Conserve Battery"],"picked":"Compile Driver","floor":4.0},{"not_picked":["Stack","Gash","Barrage"],"picked":"SKIP","floor":5.0},{"not_picked":["Leap","Time Bomb"],"picked":"BasicCrystalCard","floor":8.0},{"not_picked":["Beam Cell","Fission","Go for the Eyes"],"picked":"SKIP","floor":12.0},{"not_picked":["FIFO Queue","ReplaySolidLightProjector","Barrage"],"picked":"SKIP","floor":14},{"not_picked":["Mirror Shield","ReplayTheSpireMod:Omega Cannon"],"picked":"Multi-Cast","floor":16},{"not_picked":["Chaos","Undo+1"],"picked":"Redo","floor":18},{"not_picked":["Crystallizer","Go for the Eyes"],"picked":"Compile Driver","floor":20},{"not_picked":["BasicCrystalCard+1","Leap+1","Redo"],"picked":"Ball Lightning+1","floor":27},{"not_picked":["Stack+1","Fusion","ReplayTheSpireMod:System Scan"],"picked":"ReplayTheSpireMod:Calculation Training","floor":28},{"not_picked":["Panic Button","Double Energy+1","Ball Lightning"],"picked":"Melter+1","floor":31},{"not_picked":["Rainbow","Hyperbeam","Echo Form"],"picked":"Electrodynamics","floor":33},{"not_picked":["Consume","ReplayTheSpireMod:Reroute Power","BasicCrystalCard","Streamline"],"picked":"SKIP","floor":35},{"not_picked":["Melter","Gash","Scrape","ReplayTheSpireMod:System Scan"],"picked":"SKIP","floor":37},{"not_picked":["Coolheaded","Barrage+1","Glacier+1"],"picked":"Conserve Battery+1","floor":39},{"not_picked":["Streamline","Barrage","Reprogram+1","Stack"],"picked":"SKIP","floor":40}],"player_experience":57722,"relics_obtained":[{"floor":9.0,"key":"Carrot"},{"floor":23,"key":"Torii"},{"floor":26,"key":"Question Card"},{"floor":40,"key":"halation:BottledLove"}],"event_choices":[{"damage_healed":0.0,"max_hp_gain":0.0,"max_hp_loss":0.0,"gold_gain":0.0,"event_name":"Accursed Blacksmith","player_choice":"Forge","floor":3.0,"gold_loss":0.0,"damage_taken":0.0,"cards_upgraded":["FIFO Queue"]},{"damage_healed":0.0,"max_hp_gain":0.0,"max_hp_loss":0.0,"gold_gain":0.0,"event_name":"Upgrade Shrine","player_choice":"Upgraded","floor":10.0,"gold_loss":0.0,"damage_taken":0.0,"cards_upgraded":["BasicCrystalCard"]},{"damage_healed":0,"gold_gain":0,"cards_transformed":["Defend_B"],"player_choice":"Transformed","damage_taken":0,"max_hp_gain":0,"max_hp_loss":0,"event_name":"Transmorgrifier","floor":19,"gold_loss":0,"cards_obtained":["Beam Cell"]},{"damage_healed":0,"gold_gain":0,"player_choice":"Became a vampire","damage_taken":0,"max_hp_gain":0,"max_hp_loss":23,"event_name":"Vampires","floor":21,"gold_loss":0,"cards_obtained":["Bite","Bite","Bite","Bite","Bite"]},{"damage_healed":0,"gold_gain":0,"player_choice":"Shed Blood","damage_taken":13,"max_hp_gain":5,"max_hp_loss":0,"event_name":"Forgotten Altar","floor":22,"gold_loss":0},{"damage_healed":0,"gold_gain":0,"player_choice":"Obtained Relic","damage_taken":0,"relics_obtained":["halation:AfternoonTea"],"max_hp_gain":0,"max_hp_loss":0,"event_name":"Addict","floor":24,"gold_loss":85},{"cards_removed":["Defend_B"],"damage_healed":0,"gold_gain":0,"player_choice":"Purged","damage_taken":0,"max_hp_gain":0,"max_hp_loss":0,"event_name":"Purifier","floor":38,"gold_loss":0}],"is_beta":false,"boss_relics":[{"not_picked":["halation:Yufonium","Coffee Dripper"],"picked":"Sozu"},{"not_picked":["halation:Risk","Astrolabe"],"picked":"Painkiller Herb"}],"items_purged_floors":[],"is_endless":false,"potions_floor_spawned":[2,16,20,27,28,37,40],"killed_by":"Maw","ascension_level":0}}