{"host":"91blwi3hgehj6ch9","time":1613314200,"event":{"mods":["2.2 Compatiblity","AchievementEnabler","BaseMod","Colored Map","DeckTracker","Keyboard Shortcuts","Minty Spire (QoL Compilation)","Permanent Neow","Quick Restart","StSLib","SuperFastMode","everything is the same but u backflip on backflip"],"gold_per_floor":[17,29,29,49,49,49,76,76,122,197,197,66,66,85,85,161,211,227,53,103,113,124,124,142,11,35,35,35],"floor_reached":27,"language":"KOR","playtime":911,"items_purged":["Strike_G","Strike_G"],"score":411,"play_id":"d502aa98-6d5e-427b-95e3-cd3d9e303c67","local_time":"20210214235000","is_ascension_mode":true,"campfire_choices":[{"data":"Blade Dance","floor":6.0,"key":"SMITH"},{"data":"Flying Knee","floor":8.0,"key":"SMITH"},{"data":"Dagger Throw","floor":13.0,"key":"SMITH"},{"data":"Backflip","floor":15.0,"key":"SMITH"},{"floor":23,"key":"REST"}],"circlet_count":0,"master_deck":["AscendersBane","Strike_G","Strike_G","Defend_G","Defend_G","Defend_G","Defend_G","Survivor","Neutralize+1","Blade Dance+1","Flying Knee+1","Dagger Throw+1","Backflip+1","Prepared","Footwork","Acrobatics","Dodge and Roll","Heel Hook","Finesse"],"relics":["Ring of the Snake","Orichalcum","Regal Pillow","Tiny House","Bag of Preparation"],"acts_visited":["Exordium","TheCity"],"potions_floor_usage":[22],"damage_taken":[{"damage":5.0,"enemies":"Small Slimes","floor":1.0,"turns":4.0},{"damage":0.0,"enemies":"Cultist","floor":2.0,"turns":3.0},{"damage":4.0,"enemies":"2 Louse","floor":4.0,"turns":4.0},{"damage":18.0,"enemies":"Gremlin Nob","floor":7.0,"turns":4.0},{"damage":1.0,"enemies":"Red Slaver","floor":14.0,"turns":3.0},{"damage":38.0,"enemies":"The Guardian","floor":16.0,"turns":19.0},{"damage":17.0,"enemies":"Shell Parasite","floor":18.0,"turns":6.0},{"damage":2.0,"enemies":"3 Byrds","floor":21.0,"turns":6.0},{"damage":51,"enemies":"3 Cultists","floor":22,"turns":8},{"damage":36,"enemies":"Snecko","floor":24,"turns":8},{"damage":33,"enemies":"Slavers","floor":27,"turns":3}],"seed_played":"-225586742518607664","potions_obtained":[{"floor":7.0,"key":"FearPotion"},{"floor":14.0,"key":"EssenceOfSteel"},{"floor":21.0,"key":"FairyPotion"}],"is_trial":false,"path_per_floor":["M","M","?","M","$","R","E","R","T","?","?","$","R","M","R","B",null,"M","$","?","M","M","R","M","$","T","E"],"character_chosen":"THE_SILENT","items_purchased":["Dagger Throw","Footwork","Heel Hook","Finesse"],"campfire_rested":1,"item_purchase_floors":[12,19,25,25],"current_hp_per_floor":[54,54,54,50,50,50,32,32,32,21,66,66,66,65,65,27,61,44,44,44,42,21,57,21,21,21,0,0],"gold":35,"neow_bonus":"REMOVE_TWO","is_daily":false,"chose_seed":false,"campfire_upgraded":4,"win_rate":0.0,"timestamp":1613314200,"path_taken":["M","M","?","M","?","R","E","R","T","?","?","$","R","M","R","BOSS","M","?","?","M","M","R","?","?","T","E"],"items_purchased_type":["Card","Card","Card","Card"],"build_version":"2020-12-22","purchased_purges":2,"victory":false,"max_hp_per_floor":[66,66,66,66,66,66,66,66,66,66,66,66,66,66,66,66,71,71,71,71,71,71,71,71,71,71,71,71],"card_choices":[{"not_picked":["Quick Slash","Expertise"],"picked":"Blade Dance","floor":1.0},{"not_picked":["Reflex","Sucker Punch"],"picked":"Dagger Spray","floor":2.0},{"not_picked":["Terror","Poisoned Stab","Sucker Punch"],"picked":"SKIP","floor":4.0},{"not_picked":["Malaise","Outmaneuver"],"picked":"Flying Knee","floor":7.0},{"not_picked":["Caltrops","Dash"],"picked":"Backflip","floor":14.0},{"not_picked":["Expertise","Blade Dance"],"picked":"Prepared","floor":17.0},{"not_picked":["Flying Knee","Endless Agony","Cloak And Dagger"],"picked":"SKIP","floor":18.0},{"not_picked":["Flying Knee","Cloak And Dagger"],"picked":"Acrobatics","floor":21.0},{"not_picked":["Deflect+1","Bouncing Flask","Poisoned Stab"],"picked":"SKIP","floor":22},{"not_picked":["Phantasmal Killer","Deadly Poison"],"picked":"Dodge and Roll","floor":24}],"player_experience":252829,"relics_obtained":[{"floor":7.0,"key":"Regal Pillow"},{"floor":26,"key":"Bag of Preparation"}],"event_choices":[{"cards_removed":["Dagger Spray"],"damage_healed":0.0,"max_hp_gain":0.0,"max_hp_loss":0.0,"gold_gain":0.0,"event_name":"WeMeetAgain","player_choice":"Gave Card","floor":3.0,"gold_loss":0.0,"damage_taken":0.0,"relics_obtained":["Orichalcum"]},{"damage_healed":0.0,"max_hp_gain":0.0,"max_hp_loss":0.0,"gold_gain":75.0,"event_name":"World of Goop","player_choice":"Gather Gold","floor":10.0,"gold_loss":0.0,"damage_taken":11.0},{"damage_healed":45.0,"max_hp_gain":0.0,"max_hp_loss":0.0,"gold_gain":0.0,"event_name":"Wheel of Change","player_choice":"Full Heal","floor":11.0,"gold_loss":0.0,"damage_taken":0.0},{"damage_healed":0.0,"max_hp_gain":0.0,"max_hp_loss":0.0,"gold_gain":50.0,"event_name":"Golden Shrine","player_choice":"Pray","floor":20.0,"gold_loss":0.0,"damage_taken":0.0}],"is_beta":false,"boss_relics":[{"not_picked":["Runic Dome","Coffee Dripper"],"picked":"Tiny House"}],"items_purged_floors":[12,19],"is_endless":false,"potions_floor_spawned":[7,14,18,21],"killed_by":"Slavers","ascension_level":19}}