{"host":"92wx9z21c4p52du4","time":1613269476,"event":{"mods":["Act Like it!","Bard","BaseMod","ChefMod","Elementarium","Evolution","GungeonMod","Hallownest","Infinite Spire","Lobotomy","Minty Spire (QoL Compilation)","QueenMod","Relic Stats","Reliquary","Robot Space Explorer","StSLib","SuperFastMode","The Blue Laboratory","The Bug Knight","The Disciple","The Hierophant","The Runesmith","TheSurvivalist"],"gold_per_floor":[118,118,118,134,134,134,134,134,134,151,151,151,176,4,4,102,152,165,165,178,193,210,210,224,259,259,259,273,308,308,327,327,430,430,441,441,22,33,33,33],"floor_reached":39,"language":"ENG","playtime":2501,"items_purged":["HollowMod:QuickDashStart","HollowMod:QuickDashStart"],"score":426,"play_id":"38eac263-4aab-48c4-a8b7-47061d458e4f","local_time":"20210213202436","is_ascension_mode":false,"campfire_choices":[{"data":"HollowMod:FocusHealStart","floor":6,"key":"SMITH"},{"data":"infinitespire:Execution","floor":8,"key":"SMITH"},{"data":"HollowMod:NewGlowingWomb","floor":11,"key":"SMITH"},{"floor":15,"key":"REST"},{"data":"Hallownest:attackMasterCycloneSlash","floor":23,"key":"SMITH"},{"floor":32,"key":"REST"}],"circlet_count":0,"master_deck":["HollowMod:SoulStrike","HollowMod:SoulStrike+1","HollowMod:SoulStrike","HollowMod:SoulStrike+1","HollowMod:QuickDashStart+1","HollowMod:QuickDashStart","HollowMod:FocusHealStart+1","HollowMod:PogoStrike","HollowMod:NewGlowingWomb+1","infinitespire:Execution+1","HollowMod:SoulSplash+1","HollowMod:CornifersMapStart+1","HollowMod:NewJinnsSoul+1","HollowMod:theNailsmith+1","HollowMod:MawleksShell+1","HollowMod:SoulShaman+1","Hallownest:attackMasterCycloneSlash+1","HollowMod:SiblingsSouls+1","HollowMod:Weaversong","HollowMod:DoubleDash+1","HollowMod:Weaversong","infinitespire:Collect+1","HollowMod:MantisMark+1","HollowMod:Hiveblood+1","HollowMod:DashSlash+1","HollowMod:MantisMark"],"relics":["HollowMod:VesselMask","EVO:Axolotl","reliquary:OuijaBoard","Chemical X","Tiny House","CaptainsWheel","reliquary:Bookmark","Hallownest:WatcherSealRelic","reliquary:RedPaperclip","Boot","Toolbox"],"acts_visited":["Exordium","Hallownest:Greenpath","Hallownest:CityofTears"],"potions_floor_usage":[4,10,20,20,24,25,29,39],"damage_taken":[{"damage":5,"enemies":"Hallownest:2_Baldur","floor":1,"turns":3},{"damage":1,"enemies":"Hallownest:monsterHuskGuard","floor":4,"turns":4},{"damage":8,"enemies":"Hallownest:monsterHuskWarrior","floor":10,"turns":3},{"damage":7,"enemies":"Hallownest:eliteCrystalGuardian","floor":13,"turns":5},{"damage":31,"enemies":"Hallownest:BossHornet","floor":16,"turns":7},{"damage":0,"enemies":"Hallownest:Flukemon_and_Top","floor":18,"turns":8},{"damage":1,"enemies":"Hallownest:2_Mistakes","floor":20,"turns":5},{"damage":12,"enemies":"Hallownest:Master_and_Novice","floor":21,"turns":6},{"damage":14,"enemies":"Hallownest:2_Flukemon","floor":22,"turns":9},{"damage":6,"enemies":"Hallownest:monsterShrumalOgre","floor":24,"turns":4},{"damage":57,"enemies":"Hallownest:eliteWatcherKnight","floor":25,"turns":15},{"damage":9,"enemies":"Hallownest:2_Husk_Sentries","floor":28,"turns":5},{"damage":6,"enemies":"Hallownest:Glutton_and_Coward","floor":29,"turns":4},{"damage":11,"enemies":"Hallownest:monsterMisterMushroom","floor":31,"turns":6},{"damage":15,"enemies":"Hallownest:BossMantisLord","floor":33,"turns":6},{"damage":46,"enemies":"Hallownest:Shield_Heavy","floor":35,"turns":5},{"damage":13,"enemies":"Hallownest:2_Littles","floor":38,"turns":5},{"damage":16,"enemies":"Hallownest:2_Littles","floor":39,"turns":4},{"damage":18,"enemies":"Hallownest:2_Littles","floor":39,"turns":6},{"damage":39,"enemies":"Hallownest:2_Littles","floor":39,"turns":2}],"seed_played":"-9043246702304032692","potions_obtained":[{"floor":1,"key":"SkillPotion"},{"floor":10,"key":"Regen Potion"},{"floor":16,"key":"blueLaboratory:LouseDecoction"},{"floor":17,"key":"Energy Potion"},{"floor":21,"key":"blueLaboratory:ExaltedPotion"},{"floor":22,"key":"PowerPotion"},{"floor":28,"key":"EssenceOfSteel"},{"floor":29,"key":"blueLaboratory:EnragingPotion"},{"floor":31,"key":"FearPotion"},{"floor":38,"key":"BlessingOfTheForge"}],"is_trial":false,"path_per_floor":["M","?","?","M","?","R","?","R","T","M","R","?","E","$","R","B",null,"M","?","M","M","M","R","M","E","T","AVR","M","M","?","M","R","B",null,"M","?","$","M","?"],"character_chosen":"THE_BUGKNIGHT","items_purchased":["Chemical X","HollowMod:NewJinnsSoul+1","Boot","Toolbox","HollowMod:MantisMark"],"campfire_rested":2,"item_purchase_floors":[14,14,37,37,37],"current_hp_per_floor":[68,68,68,67,58,58,40,40,40,38,38,38,37,37,57,32,73,73,73,72,66,58,58,52,20,20,20,17,17,17,12,33,24,73,27,27,27,32,0,0],"gold":33,"neow_bonus":"ONE_RARE_RELIC","is_daily":false,"chose_seed":false,"campfire_upgraded":4,"win_rate":0.0,"timestamp":1613269476,"path_taken":["M","?","?","M","?","R","?","R","T","M","R","?","E","$","R","BOSS","M","?","M","?","M","R","M","E","T","AVR","M","M","?","M","R","BOSS","M","?","$","M","?"],"items_purchased_type":["Relic","Card","Relic","Relic","Card"],"build_version":"2020-12-22","purchased_purges":2,"victory":false,"max_hp_per_floor":[68,68,68,68,68,68,68,68,68,68,68,68,68,68,68,68,73,73,73,73,73,73,73,73,73,73,73,73,73,73,73,73,73,73,73,73,73,73,73,73],"relic_stats":{"counters":[20,112],"Chemical X":[1],"Boot":[5],"obtain_stats":[{"reliquary:OuijaBoard":0,"DemoMod:BlueGuonStone":13,"Tiny House":17,"HollowMod:VesselMask":0,"DemoMod:GlassGuonStoneRelic":1,"EVO:Axolotl":0,"Boot":37,"reliquary:Bookmark":27,"CaptainsWheel":25,"Hallownest:WatcherSealRelic":30,"reliquary:RedPaperclip":34,"Toolbox":37,"Chemical X":14,"Toxic Egg 2":9},{"reliquary:OuijaBoard":0,"DemoMod:BlueGuonStone":4,"Tiny House":5,"HollowMod:VesselMask":0,"DemoMod:GlassGuonStoneRelic":1,"EVO:Axolotl":0,"Boot":16,"reliquary:Bookmark":11,"CaptainsWheel":11,"Hallownest:WatcherSealRelic":13,"reliquary:RedPaperclip":15,"Toolbox":16,"Chemical X":4,"Toxic Egg 2":2},{"reliquary:OuijaBoard":0,"DemoMod:BlueGuonStone":15,"Tiny House":22,"HollowMod:VesselMask":0,"DemoMod:GlassGuonStoneRelic":3,"EVO:Axolotl":0,"Boot":95,"reliquary:Bookmark":69,"CaptainsWheel":69,"Hallownest:WatcherSealRelic":78,"reliquary:RedPaperclip":90,"Toolbox":95,"Chemical X":15,"Toxic Egg 2":7}]},"card_choices":[{"not_picked":["HollowMod:FallenFury","HollowMod:HeavyBlow","HollowMod:MonarchWings"],"picked":"SKIP","floor":1},{"not_picked":["HollowMod:InfectedAttack","HollowMod:SoulStrike"],"picked":"HollowMod:NewGlowingWomb","floor":4},{"not_picked":["infinitespire:Starlight","infinitespire:SealOfDarkness+"],"picked":"infinitespire:Execution","floor":7},{"not_picked":["HollowMod:InfectedAttack","HollowMod:CornifersMapStart+1"],"picked":"HollowMod:SoulSplash+1","floor":10},{"not_picked":["HollowMod:DoubleDash+1","HollowMod:AbyssShriek"],"picked":"HollowMod:CornifersMapStart+1","floor":13},{"not_picked":["HollowMod:ElderbugsWisdom","HollowMod:HerrahsAnger+1"],"picked":"HollowMod:theNailsmith+1","floor":16},{"not_picked":["HollowMod:NewLittleFool","HollowMod:AbyssShriek"],"picked":"HollowMod:MawleksShell+1","floor":17},{"not_picked":["HollowMod:SoulStrike","HollowMod:CornifersMapStart+1"],"picked":"HollowMod:SoulShaman+1","floor":18},{"not_picked":["HollowMod:InfectedCysts+1","HollowMod:PerfectDash+1"],"picked":"HollowMod:SiblingsSouls+1","floor":20},{"not_picked":["HollowMod:VengefulVoid","HollowMod:CycloneSlash","HollowMod:CrystalDash+1"],"picked":"SKIP","floor":21},{"not_picked":["HollowMod:NewJinnsSoul+1","HollowMod:DungDefenderAura+1"],"picked":"HollowMod:Weaversong","floor":22},{"not_picked":["HollowMod:InfectedAttack+1","HollowMod:PureNailStrike"],"picked":"HollowMod:DoubleDash+1","floor":24},{"not_picked":["HollowMod:DescendingDark","HollowMod:HeavyBlow"],"picked":"HollowMod:Weaversong","floor":25},{"not_picked":["HollowMod:SoulStrike+1","HollowMod:InfectedAttack","HollowMod:DescendingDark"],"picked":"SKIP","floor":28},{"not_picked":["HollowMod:InfectedAttack","HollowMod:BaldurShell"],"picked":"HollowMod:MantisMark+1","floor":29},{"not_picked":["HollowMod:FallenFury+1","HollowMod:DescendingDark","HollowMod:SoulSplash+1"],"picked":"SKIP","floor":31},{"not_picked":["HollowMod:PureVessel","HollowMod:MidwifesHunger"],"picked":"HollowMod:Hiveblood+1","floor":33},{"not_picked":["HollowMod:PerfectDash","HollowMod:LuriensSpire+1"],"picked":"HollowMod:DashSlash+1","floor":35},{"not_picked":["HollowMod:SiblingsShadow","HollowMod:NewLittleFool","HollowMod:DesolateDive"],"picked":"SKIP","floor":38}],"player_experience":261146,"relics_obtained":[{"floor":9,"key":"Toxic Egg 2"},{"floor":13,"key":"DemoMod:BlueGuonStone"},{"floor":25,"key":"CaptainsWheel"}],"event_choices":[],"is_beta":false,"boss_relics":[{"not_picked":["Philosopher\u0027s Stone","Fusion Hammer"],"picked":"Tiny House"},{"not_picked":["reliquary:Ember","Astrolabe"],"picked":"reliquary:RedPaperclip"}],"items_purged_floors":[27,37],"is_endless":false,"potions_floor_spawned":[1,10,16,21,22,28,29,31,38,39],"killed_by":"Hallownest:2_Littles","ascension_level":0}}