{"host":"jwbw4f4imxd0v0b0","time":1613295089,"event":{"mods":["BaseMod","Colored Map","Highlight Path","Minty Spire (QoL Compilation)","Relic Stats","StSLib"],"gold_per_floor":[109,59,59,73,73,73,89,128,128,142,167,205,221,221,221,345,345,366,402,426,426,7,7,7,7,57,57,57,92,92,116,116,244,244,262,281,294,294,294,294,516,532,557,35,35,70,70,86,86,86],"floor_reached":51,"language":"ENG","playtime":2890,"items_purged":["Strike_P"],"score":1175,"play_id":"5031cb84-7757-42cf-81b4-76da526ab090","local_time":"20210214033129","is_ascension_mode":true,"campfire_choices":[{"data":"Eruption","floor":6.0,"key":"SMITH"},{"floor":15.0,"key":"REST"},{"floor":23.0,"key":"REST"},{"floor":28.0,"key":"REST"},{"data":"LikeWater","floor":30.0,"key":"SMITH"},{"data":"LikeWater","floor":32.0,"key":"SMITH"},{"floor":40,"key":"REST"},{"data":"Apotheosis","floor":47,"key":"SMITH"},{"floor":49,"key":"REST"}],"circlet_count":0,"master_deck":["AscendersBane","Strike_P","Defend_P","Defend_P+1","Defend_P","Defend_P","Eruption+1","Vigilance+1","BattleHymn","FlurryOfBlows","CrushJoints","WheelKick","FollowUp","ThirdEye","Weave","DevaForm","Protect","LikeWater","LikeWater+1","LikeWater+1","MasterReality","Weave","WaveOfTheHand","Apotheosis+1","CutThroughFate+1","ClearTheMind","Fasting2","Wish"],"relics":["PureWater","Juzu Bracelet","Golden Idol","FaceOfCleric","Dream Catcher","Sundial","War Paint","SlaversCollar","Red Mask","Bag of Preparation","OrangePellets","WarpedTongs","Regal Pillow","SacredBark","Pen Nib","Omamori","Pear","Toy Ornithopter","Orichalcum"],"acts_visited":["Exordium","TheCity","TheBeyond"],"potions_floor_usage":[36,42,50,50],"damage_taken":[{"damage":9.0,"enemies":"Jaw Worm","floor":1.0,"turns":5.0},{"damage":0.0,"enemies":"2 Louse","floor":4.0,"turns":3.0},{"damage":0.0,"enemies":"Cultist","floor":7.0,"turns":3.0},{"damage":26.0,"enemies":"Gremlin Nob","floor":8.0,"turns":4.0},{"damage":4.0,"enemies":"Red Slaver","floor":10.0,"turns":2.0},{"damage":0.0,"enemies":"Exordium Wildlife","floor":11.0,"turns":3.0},{"damage":12.0,"enemies":"3 Sentries","floor":12.0,"turns":6.0},{"damage":0.0,"enemies":"Blue Slaver","floor":13.0,"turns":2.0},{"damage":0.0,"enemies":"Slime Boss","floor":16.0,"turns":3.0},{"damage":6.0,"enemies":"Shell Parasite","floor":18.0,"turns":4.0},{"damage":34.0,"enemies":"Masked Bandits","floor":19.0,"turns":6.0},{"damage":4.0,"enemies":"3 Byrds","floor":20.0,"turns":4.0},{"damage":8.0,"enemies":"Gremlin Leader","floor":29.0,"turns":7.0},{"damage":19.0,"enemies":"3 Cultists","floor":31.0,"turns":5.0},{"damage":9.0,"enemies":"Champ","floor":33.0,"turns":12.0},{"damage":0.0,"enemies":"Orb Walker","floor":35.0,"turns":3.0},{"damage":46,"enemies":"3 Darklings","floor":36,"turns":6},{"damage":1,"enemies":"Maw","floor":37,"turns":9},{"damage":47,"enemies":"Transient","floor":42,"turns":5},{"damage":1,"enemies":"Reptomancer","floor":46,"turns":8},{"damage":7,"enemies":"Writhing Mass","floor":48,"turns":9},{"damage":44,"enemies":"Awakened One","floor":50,"turns":10}],"seed_played":"495472588652415724","potions_obtained":[{"floor":4.0,"key":"StancePotion"},{"floor":8.0,"key":"Swift Potion"},{"floor":13.0,"key":"SneckoOil"},{"floor":18.0,"key":"BottledMiracle"},{"floor":19.0,"key":"GamblersBrew"},{"floor":29.0,"key":"Ambrosia"},{"floor":33.0,"key":"Ambrosia"},{"floor":37,"key":"Weak Potion"},{"floor":46,"key":"Dexterity Potion"}],"is_trial":false,"path_per_floor":["M","?","?","M","?","R","M","E","T","M","M","E","M","?","R","B",null,"M","?","M","?","$","R","?","?","T","?","R","E","R","M","R","B",null,"M","M","M","?","?","R","?","M","T","$","?","E","R","M","R","B",null],"character_chosen":"WATCHER","items_purchased":["Bag of Preparation","OrangePellets","Strength Potion","Pear","SpeedPotion","Toy Ornithopter","Fasting2"],"campfire_rested":5,"item_purchase_floors":[22,22,22,44,44,44,44],"current_hp_per_floor":[56,56,56,56,56,56,57,32,32,29,30,19,20,20,41,42,66,61,28,25,25,25,48,48,48,48,48,77,70,70,52,52,44,71,72,27,27,27,27,66,66,20,20,30,54,54,54,48,91,53],"gold":86,"neow_bonus":"RANDOM_COMMON_RELIC","is_daily":false,"chose_seed":false,"campfire_upgraded":4,"win_rate":0.0,"timestamp":1613295089,"path_taken":["M","?","?","M","?","R","M","E","T","M","M","E","M","?","R","BOSS","M","?","M","?","$","R","?","?","T","?","R","E","R","M","R","BOSS","M","M","M","?","?","R","?","M","T","?","?","E","R","M","R","BOSS"],"items_purchased_type":["Relic","Relic","Potion","Relic","Potion","Relic","Card"],"build_version":"2020-12-22","purchased_purges":1,"victory":true,"max_hp_per_floor":[72,72,67,67,67,67,68,69,69,70,71,72,73,73,73,74,74,75,76,77,77,77,77,77,77,77,77,77,78,78,79,79,80,80,81,82,83,83,83,83,83,84,84,94,94,95,95,96,96,97],"relic_stats":{"Regal Pillow":36,"counters":[22,119],"Golden Idol":162,"Pen Nib":[9],"Juzu Bracelet":4,"Bag of Preparation":[20],"War Paint":["Vigilance","Defend_P"],"Orichalcum":[18],"WarpedTongs":[54],"OrangePellets":[11],"Dream Catcher":5,"FaceOfCleric":20,"Sundial":[16],"obtain_stats":[{"Regal Pillow":26,"Pear":44,"Golden Idol":3,"SacredBark":34,"Pen Nib":38,"Juzu Bracelet":0,"Bag of Preparation":22,"Omamori":43,"War Paint":12,"Orichalcum":46,"WarpedTongs":24,"SlaversCollar":17,"OrangePellets":22,"Dream Catcher":8,"FaceOfCleric":5,"Sundial":9,"Red Mask":19,"PureWater":0,"Toy Ornithopter":44},{"Regal Pillow":12,"Pear":19,"Golden Idol":1,"SacredBark":15,"Pen Nib":18,"Juzu Bracelet":0,"Bag of Preparation":12,"Omamori":19,"War Paint":7,"Orichalcum":20,"WarpedTongs":12,"SlaversCollar":9,"OrangePellets":12,"Dream Catcher":4,"FaceOfCleric":2,"Sundial":4,"Red Mask":11,"PureWater":0,"Toy Ornithopter":19},{"Regal Pillow":45,"Pear":92,"Golden Idol":5,"SacredBark":69,"Pen Nib":87,"Juzu Bracelet":0,"Bag of Preparation":45,"Omamori":92,"War Paint":26,"Orichalcum":100,"WarpedTongs":45,"SlaversCollar":31,"OrangePellets":45,"Dream Catcher":15,"FaceOfCleric":8,"Sundial":15,"Red Mask":41,"PureWater":0,"Toy Ornithopter":92}],"Toy Ornithopter":5},"card_choices":[{"not_picked":["Halt","SashWhip"],"picked":"Consecrate","floor":1.0},{"not_picked":["Indignation","FlyingSleeves"],"picked":"BattleHymn","floor":4.0},{"not_picked":["WreathOfFlame","Worship"],"picked":"FlurryOfBlows","floor":7.0},{"not_picked":["Study","PathToVictory"],"picked":"CrushJoints","floor":8.0},{"not_picked":["CutThroughFate","FlyingSleeves"],"picked":"WheelKick","floor":10.0},{"not_picked":["WindmillStrike","Crescendo"],"picked":"FollowUp","floor":11.0},{"not_picked":["WreathOfFlame","BowlingBash","SashWhip"],"picked":"SKIP","floor":12.0},{"not_picked":["Nirvana","Sanctity"],"picked":"ThirdEye","floor":13.0},{"not_picked":["SashWhip","Sanctity"],"picked":"Weave","floor":15.0},{"not_picked":["Wish","Alpha"],"picked":"DevaForm","floor":16.0},{"not_picked":["Study+1","SashWhip"],"picked":"Protect","floor":18.0},{"not_picked":["Evaluate+1","FlurryOfBlows"],"picked":"LikeWater","floor":20.0},{"not_picked":["CutThroughFate","LessonLearned"],"picked":"LikeWater","floor":29.0},{"not_picked":["Sanctity","Perseverance","Protect"],"picked":"SKIP","floor":31.0},{"not_picked":["Alpha","DevaForm"],"picked":"MasterReality","floor":33.0},{"not_picked":["FollowUp+1","CarveReality+1","Protect"],"picked":"SKIP","floor":35.0},{"not_picked":["Nirvana","Crescendo"],"picked":"Weave","floor":36},{"not_picked":["Protect+1","LikeWater+1"],"picked":"WaveOfTheHand","floor":37},{"not_picked":["Magnetism","Swift Strike"],"picked":"Apotheosis","floor":39},{"not_picked":["Protect+1","SashWhip"],"picked":"CutThroughFate+1","floor":40},{"not_picked":["FlyingSleeves","LikeWater"],"picked":"ClearTheMind","floor":42},{"not_picked":["Consecrate+1","BowlingBash+1"],"picked":"Wish","floor":46},{"not_picked":["Prostrate","WaveOfTheHand+1","Consecrate"],"picked":"SKIP","floor":48}],"player_experience":1272010,"relics_obtained":[{"floor":8.0,"key":"Dream Catcher"},{"floor":9.0,"key":"Sundial"},{"floor":12.0,"key":"War Paint"},{"floor":19.0,"key":"Red Mask"},{"floor":26.0,"key":"Regal Pillow"},{"floor":43,"key":"Omamori"},{"floor":46,"key":"Orichalcum"}],"event_choices":[{"cards_removed":["Strike_P"],"damage_healed":0.0,"max_hp_gain":0.0,"max_hp_loss":0.0,"gold_gain":0.0,"event_name":"The Cleric","player_choice":"Card Removal","floor":2.0,"gold_loss":50.0,"damage_taken":0.0},{"damage_healed":0.0,"max_hp_gain":0.0,"max_hp_loss":5.0,"gold_gain":0.0,"event_name":"Golden Idol","player_choice":"Lose Max HP","floor":3.0,"gold_loss":0.0,"damage_taken":0.0,"relics_obtained":["Golden Idol"]},{"damage_healed":0.0,"max_hp_gain":0.0,"max_hp_loss":0.0,"gold_gain":0.0,"event_name":"FaceTrader","player_choice":"Trade","floor":5.0,"gold_loss":0.0,"damage_taken":0.0,"relics_obtained":["FaceOfCleric"]},{"cards_removed":["Strike_P"],"damage_healed":0.0,"max_hp_gain":0.0,"max_hp_loss":0.0,"gold_gain":0.0,"event_name":"Bonfire Elementals","player_choice":"Offered Basic","floor":14.0,"gold_loss":0.0,"damage_taken":0.0},{"damage_healed":0.0,"max_hp_gain":0.0,"max_hp_loss":0.0,"gold_gain":0.0,"event_name":"Masked Bandits","player_choice":"Fought Bandits","floor":19.0,"gold_loss":0.0,"damage_taken":0.0},{"damage_healed":0.0,"max_hp_gain":0.0,"max_hp_loss":0.0,"gold_gain":0.0,"event_name":"Vampires","player_choice":"Ignored","floor":21.0,"gold_loss":0.0,"damage_taken":0.0},{"damage_healed":0.0,"max_hp_gain":0.0,"max_hp_loss":0.0,"gold_gain":0.0,"event_name":"Accursed Blacksmith","player_choice":"Rummage","floor":24.0,"gold_loss":0.0,"damage_taken":0.0,"relics_obtained":["WarpedTongs"],"cards_obtained":["Pain"]},{"damage_healed":0.0,"max_hp_gain":0.0,"max_hp_loss":0.0,"gold_gain":0.0,"event_name":"Duplicator","player_choice":"Copied","floor":25.0,"gold_loss":0.0,"damage_taken":0.0,"cards_obtained":["LikeWater"]},{"cards_removed":["Pain"],"damage_healed":0.0,"max_hp_gain":0.0,"max_hp_loss":0.0,"gold_gain":0.0,"event_name":"Back to Basics","player_choice":"Elegance","floor":27.0,"gold_loss":0.0,"damage_taken":0.0},{"cards_removed":["Consecrate"],"damage_healed":0,"gold_gain":0,"player_choice":"Gave Card","damage_taken":0,"relics_obtained":["Pen Nib"],"max_hp_gain":0,"max_hp_loss":0,"event_name":"WeMeetAgain","floor":38,"gold_loss":0},{"damage_healed":0,"gold_gain":0,"player_choice":"Memory 1","damage_taken":0,"max_hp_gain":0,"max_hp_loss":0,"event_name":"SensoryStone","floor":39,"gold_loss":0},{"damage_healed":0,"gold_gain":222,"player_choice":"Wore Mask","damage_taken":0,"max_hp_gain":0,"max_hp_loss":0,"event_name":"Tomb of Lord Red Mask","floor":41,"gold_loss":0},{"damage_healed":24,"gold_gain":0,"player_choice":"Writhe","damage_taken":0,"max_hp_gain":0,"max_hp_loss":0,"event_name":"Winding Halls","floor":45,"gold_loss":0,"cards_obtained":["Writhe"]}],"is_beta":false,"boss_relics":[{"not_picked":["Ectoplasm","Fusion Hammer"],"picked":"SlaversCollar"},{"not_picked":["Empty Cage","Velvet Choker"],"picked":"SacredBark"}],"items_purged_floors":[22],"is_endless":false,"potions_floor_spawned":[4,8,13,18,19,29,33,37,46,48],"ascension_level":12}}