{"host":"k1qq3tnzhl68zvao","time":1613278024,"event":{"mods":["ATMod(阿瑾Mod)","AchievementEnabler","BaseMod","Colored Powertips","Conspire","DeckTracker","Downfall","Energized Spire","GifTheSpireLib","Minty Spire (QoL Compilation)","Quick Restart","Relic Filter Mod","Replay The Spire","Spicy Shops","StSLib","【遗物卡牌】REMEMod"],"gold_per_floor":[111,163,163,176,193,225,225,225,225],"floor_reached":8,"language":"ZHS","playtime":387,"items_purged":[],"score":98,"play_id":"f6826145-1fab-4c83-960b-5742681719c6","local_time":"20210214124704","is_ascension_mode":true,"campfire_choices":[{"data":"Limit Break","floor":7.0,"key":"SMITH"}],"circlet_count":0,"master_deck":["AscendersBane","Strike_R","Strike_R","Strike_R","Strike_R","Strike_R","Defend_R","Defend_R","Defend_R","Defend_R","Bash","AT_ChampionStep","AT_BreakingExtremeWeapon","Shrug It Off","Limit Break+1","True Grit"],"relics":["Burning Blood","AT_ATBox","REME_ComplimentaryCards","Nunchaku"],"acts_visited":["Exordium"],"potions_floor_usage":[8],"damage_taken":[{"damage":19.0,"enemies":"Small Slimes","floor":1.0,"turns":4.0},{"damage":6.0,"enemies":"Jaw Worm","floor":4.0,"turns":5.0},{"damage":1.0,"enemies":"2 Louse","floor":5.0,"turns":3.0},{"damage":12.0,"enemies":"Lagavulin","floor":6.0,"turns":5.0},{"damage":40,"enemies":"3 Sentries","floor":8,"turns":13}],"seed_played":"2313546454285545442","potions_obtained":[{"floor":2.0,"key":"SkillPotion"},{"floor":2.0,"key":"BloodPotion"},{"floor":2.0,"key":"AttackPotion"},{"floor":6.0,"key":"Milkshake"}],"is_trial":false,"path_per_floor":["M","?","?","M","M","E","R","E"],"character_chosen":"IRONCLAD","items_purchased":[],"campfire_rested":0,"item_purchase_floors":[],"current_hp_per_floor":[62,46,46,46,51,45,45,5,5],"gold":225,"neow_bonus":"TEN_PERCENT_HP_BONUS","is_daily":false,"chose_seed":false,"campfire_upgraded":1,"win_rate":0.0,"timestamp":1613278024,"path_taken":["M","?","?","M","?","E","R","E"],"items_purchased_type":[],"build_version":"2020-12-22","purchased_purges":0,"victory":false,"max_hp_per_floor":[82,82,82,82,82,82,82,82,82],"card_choices":[{"not_picked":["AT_IchimonjiDouble","Clothesline","Replay:Undeath\u0027s Touch"],"picked":"SKIP","floor":1.0},{"not_picked":["Replay:Undeath\u0027s Touch","Havoc"],"picked":"Shrug It Off","floor":2.0},{"not_picked":["Cleave","Anger"],"picked":"Limit Break","floor":4.0},{"not_picked":["Headbutt","AT_CaressingTears","Sword Boomerang"],"picked":"SKIP","floor":5.0},{"not_picked":["Run Through","AT_Dispersion"],"picked":"True Grit","floor":6.0}],"player_experience":578857,"relics_obtained":[{"floor":6.0,"key":"Nunchaku"}],"event_choices":[{"damage_healed":0.0,"max_hp_gain":0.0,"max_hp_loss":0.0,"gold_gain":0.0,"event_name":"Match and Keep!","player_choice":"0 cards matched","floor":3.0,"gold_loss":0.0,"damage_taken":0.0,"cards_obtained":[]}],"is_beta":false,"boss_relics":[],"items_purged_floors":[],"is_endless":false,"potions_floor_spawned":[4,6],"killed_by":"3 Sentries","ascension_level":15}}