{"host":"zlmf7uudqr1sj8t0","time":1613294322,"event":{"mods":["BaseMod","Colored Map","DeckTracker","Highlight Path","Minty Spire (QoL Compilation)","Practice Mode"],"gold_per_floor":[115,131,131,148,113,113,129,129,129,109,123,137,169,183,183,288,288,304,82,82,98,114,114,132,159,184,184,184,202,202,233,233,334,334,345,345,361,361,361],"floor_reached":38,"language":"ENG","playtime":2922,"items_purged":[],"score":493,"play_id":"bcdb8b6c-61d4-414a-a410-744621b6e474","local_time":"20210214011842","is_ascension_mode":true,"campfire_choices":[{"data":"Dualcast","floor":6,"key":"SMITH"},{"data":"Hyperbeam","floor":8,"key":"SMITH"},{"data":"Beam Cell","floor":15,"key":"SMITH"},{"data":"Trip","floor":23,"key":"SMITH"},{"floor":28,"key":"REST"},{"data":"Creative AI","floor":32,"key":"SMITH"}],"circlet_count":0,"master_deck":["Strike_B+1","Strike_B+1","Strike_B+1","Defend_B+1","Defend_B+1","Defend_B+1","Defend_B+1","Zap","Dualcast+1","Hyperbeam+1","Conserve Battery","White Noise","Steam","Conserve Battery","Beam Cell+1","Chaos+1","Beam Cell","Creative AI+1","Leap","Self Repair","Trip+1","Impatience","Biased Cognition"],"relics":["Cracked Core","Bag of Marbles","Eternal Feather","Darkstone Periapt","Philosopher\u0027s Stone","Toolbox","Regal Pillow","Red Mask","Black Star"],"acts_visited":["Exordium","TheCity","TheBeyond"],"potions_floor_usage":[25,33,38],"damage_taken":[{"damage":0,"enemies":"Cultist","floor":1,"turns":4},{"damage":0,"enemies":"2 Louse","floor":2,"turns":2},{"damage":7,"enemies":"Jaw Worm","floor":4,"turns":3},{"damage":19,"enemies":"Large Slime","floor":7,"turns":7},{"damage":4,"enemies":"Exordium Thugs","floor":11,"turns":5},{"damage":5,"enemies":"Exordium Wildlife","floor":12,"turns":3},{"damage":3,"enemies":"3 Sentries","floor":13,"turns":3},{"damage":9,"enemies":"Red Slaver","floor":14,"turns":2},{"damage":0,"enemies":"Slime Boss","floor":16,"turns":5},{"damage":28,"enemies":"Spheric Guardian","floor":18,"turns":7},{"damage":9,"enemies":"Shell Parasite","floor":21,"turns":6},{"damage":0,"enemies":"Snake Plant","floor":22,"turns":1},{"damage":0,"enemies":"3 Cultists","floor":24,"turns":3},{"damage":23,"enemies":"Slavers","floor":25,"turns":2},{"damage":0,"enemies":"Snecko","floor":29,"turns":2},{"damage":0,"enemies":"Masked Bandits","floor":31,"turns":1},{"damage":70,"enemies":"Champ","floor":33,"turns":10},{"damage":48,"enemies":"3 Shapes","floor":35,"turns":4},{"damage":26,"enemies":"3 Darklings","floor":37,"turns":3},{"damage":31,"enemies":"Jaw Worm Horde","floor":38,"turns":2}],"seed_played":"-1264761463232198901","potions_obtained":[{"floor":2,"key":"Regen Potion"},{"floor":4,"key":"DuplicationPotion"},{"floor":13,"key":"GamblersBrew"},{"floor":29,"key":"EntropicBrew"},{"floor":33,"key":"Fruit Juice"},{"floor":37,"key":"Weak Potion"}],"is_trial":false,"path_per_floor":["M","M","?","M","?","R","M","R","T","?","M","M","E","M","R","B",null,"M","$","?","M","M","R","M","E","T","?","R","M","?","?","R","B",null,"M","?","M","M"],"character_chosen":"DEFECT","items_purchased":["Toolbox","Self Repair"],"campfire_rested":1,"item_purchase_floors":[19,19],"current_hp_per_floor":[75,75,63,56,74,74,55,55,55,55,51,46,43,34,43,43,75,47,47,28,26,26,38,45,27,27,13,64,71,71,71,80,22,85,44,44,25,0,0],"gold":361,"neow_bonus":"TRANSFORM_CARD","is_daily":false,"chose_seed":false,"campfire_upgraded":5,"win_rate":0.0,"timestamp":1613294322,"path_taken":["M","?","?","M","?","R","M","R","T","?","?","M","E","M","R","BOSS","M","$","?","?","M","R","M","E","T","?","R","M","?","?","R","BOSS","M","?","?","M"],"items_purchased_type":["Relic","Card"],"build_version":"2020-12-22","purchased_purges":0,"victory":false,"max_hp_per_floor":[75,75,75,75,75,75,75,75,75,75,75,75,75,75,75,75,75,75,75,75,75,75,75,75,75,75,80,80,80,80,80,80,85,85,85,85,85,85,85],"card_choices":[{"not_picked":["Rebound","Sweeping Beam"],"picked":"Conserve Battery","floor":1},{"not_picked":["Hologram","Beam Cell"],"picked":"White Noise","floor":2},{"not_picked":["Redo","Consume"],"picked":"Steam","floor":4},{"not_picked":["Rebound","Turbo"],"picked":"Conserve Battery","floor":7},{"not_picked":["FTL","Beam Cell","Go for the Eyes"],"picked":"SKIP","floor":11},{"not_picked":["Redo","Coolheaded"],"picked":"Beam Cell","floor":12},{"not_picked":["Lockon","Barrage"],"picked":"Chaos","floor":13},{"not_picked":["Rip and Tear","Doom and Gloom"],"picked":"Beam Cell","floor":14},{"not_picked":["Meteor Strike","Core Surge"],"picked":"Creative AI","floor":16},{"not_picked":["Capacitor","Coolheaded"],"picked":"Leap","floor":18},{"not_picked":["Redo+1","Conserve Battery+1","Gash"],"picked":"SKIP","floor":21},{"not_picked":["Storm","Rip and Tear+1","Scrape"],"picked":"SKIP","floor":22},{"not_picked":["Compile Driver+1","Go for the Eyes","Hologram"],"picked":"SKIP","floor":24},{"not_picked":["Stack+1","Turbo"],"picked":"Biased Cognition","floor":25},{"not_picked":["Chill+1","Redo","Force Field+1"],"picked":"SKIP","floor":29},{"not_picked":["Barrage","Streamline+1","Go for the Eyes"],"picked":"SKIP","floor":35},{"not_picked":["Storm","Cold Snap","BootSequence"],"picked":"SKIP","floor":37}],"player_experience":129182,"relics_obtained":[{"floor":9,"key":"Eternal Feather"},{"floor":13,"key":"Darkstone Periapt"},{"floor":25,"key":"Regal Pillow"},{"floor":31,"key":"Red Mask"}],"event_choices":[{"damage_healed":0,"gold_gain":0,"player_choice":"Success","damage_taken":12,"relics_obtained":["Bag of Marbles"],"max_hp_gain":0,"max_hp_loss":0,"event_name":"Scrap Ooze","floor":3,"gold_loss":0},{"damage_healed":18,"gold_gain":0,"player_choice":"Healed","damage_taken":0,"max_hp_gain":0,"max_hp_loss":0,"event_name":"The Cleric","floor":5,"gold_loss":35},{"damage_healed":0,"gold_gain":0,"player_choice":"Bought 1 Potion","damage_taken":0,"max_hp_gain":0,"max_hp_loss":0,"event_name":"The Woman in Blue","floor":10,"gold_loss":0},{"damage_healed":0,"gold_gain":0,"player_choice":"CARD CARD ","damage_taken":19,"max_hp_gain":0,"max_hp_loss":0,"event_name":"Knowing Skull","floor":20,"potions_obtained":[],"gold_loss":0,"cards_obtained":["Trip","Impatience"]},{"damage_healed":0,"gold_gain":0,"player_choice":"Shed Blood","damage_taken":19,"max_hp_gain":5,"max_hp_loss":0,"event_name":"Forgotten Altar","floor":27,"gold_loss":0},{"damage_healed":0,"gold_gain":0,"player_choice":"Simplicity","damage_taken":0,"max_hp_gain":0,"max_hp_loss":0,"event_name":"Back to Basics","floor":30,"gold_loss":0,"cards_upgraded":["Strike_B","Strike_B","Strike_B","Defend_B","Defend_B","Defend_B","Defend_B"]},{"damage_healed":0,"gold_gain":0,"player_choice":"Fought Bandits","damage_taken":0,"max_hp_gain":0,"max_hp_loss":0,"event_name":"Masked Bandits","floor":31,"gold_loss":0},{"damage_healed":0,"gold_gain":0,"player_choice":"Upgraded","damage_taken":0,"max_hp_gain":0,"max_hp_loss":0,"event_name":"Upgrade Shrine","floor":36,"gold_loss":0,"cards_upgraded":["Chaos"]}],"is_beta":false,"boss_relics":[{"not_picked":["Tiny House","FrozenCore"],"picked":"Philosopher\u0027s Stone"},{"not_picked":["Fusion Hammer","Sozu"],"picked":"Black Star"}],"items_purged_floors":[],"is_endless":false,"potions_floor_spawned":[2,4,13,14,22,24,29,33,37],"killed_by":"Jaw Worm Horde","ascension_level":2}}