{"host":"kda2p2afd6bvz6qo","time":1613322620,"event":{"mods":["BaseMod","Colored Map","Minty Spire (QoL Compilation)","Relic Stats"],"gold_per_floor":[118,128,128,142,142,170,170,196,223,223,223,243,313,338,338,467,467,488,182,172,193,193,232,232,276,329,369,107,107,232,232,232,353,353,378,338,338,354,378,422,148,148,202,221,221,221,260,260,260,260,260,260,14,54,54],"floor_reached":56,"language":"ENG","playtime":3549,"items_purged":["Strike_R","Doubt","Doubt"],"score":1726,"play_id":"10899643-a024-471b-b6d0-23ad107a9d05","local_time":"20210214171020","is_ascension_mode":true,"campfire_choices":[{"data":"Uppercut","floor":7.0,"key":"SMITH"},{"data":"True Grit","floor":11.0,"key":"SMITH"},{"floor":15.0,"key":"REST"},{"data":"Disarm","floor":24.0,"key":"SMITH"},{"data":"Evolve","floor":29.0,"key":"SMITH"},{"data":"1","floor":32.0,"key":"LIFT"},{"data":"2","floor":42,"key":"LIFT"},{"data":"3","floor":45,"key":"LIFT"},{"floor":49,"key":"RECALL"},{"data":"Impervious","floor":52,"key":"SMITH"}],"circlet_count":0,"master_deck":["Strike_R","Strike_R","Strike_R","Defend_R","Defend_R","Defend_R+1","Bash+1","Wild Strike+1","True Grit+1","Impervious+1","Uppercut+1","Power Through+1","Battle Trance","Evolve+1","Inflame","Impervious","Shockwave+1","Fire Breathing","Reckless Charge+1","Disarm+1","Immolate","Armaments+1","Demon Form+1","Barricade+1","Rage+1","Juggernaut+1","Body Slam","Writhe","True Grit+1","Regret","Limit Break"],"relics":["Empty Cage","Paper Frog","War Paint","Juzu Bracelet","Golden Idol","Tiny Chest","Cursed Key","Oddly Smooth Stone","Red Skull","Frozen Egg 2","Bag of Preparation","Bag of Marbles","Pantograph","Du-Vu Doll","Matryoshka","Question Card","Girya","Busted Crown","Pocketwatch","HandDrill","Mercury Hourglass","Happy Flower","Bronze Scales","Blue Candle","ClockworkSouvenir","Whetstone"],"acts_visited":["Exordium","TheCity","TheBeyond","TheEnding"],"potions_floor_usage":[55,55],"damage_taken":[{"damage":1.0,"enemies":"Jaw Worm","floor":1.0,"turns":5.0},{"damage":1.0,"enemies":"Cultist","floor":2.0,"turns":3.0},{"damage":4.0,"enemies":"2 Louse","floor":4.0,"turns":3.0},{"damage":4.0,"enemies":"Gremlin Nob","floor":6.0,"turns":4.0},{"damage":20.0,"enemies":"3 Sentries","floor":8.0,"turns":7.0},{"damage":4.0,"enemies":"Exordium Thugs","floor":12.0,"turns":8.0},{"damage":6.0,"enemies":"Gremlin Nob","floor":13.0,"turns":4.0},{"damage":0.0,"enemies":"Blue Slaver","floor":14.0,"turns":3.0},{"damage":37.0,"enemies":"Slime Boss","floor":16.0,"turns":11.0},{"damage":0.0,"enemies":"Shell Parasite","floor":18.0,"turns":8.0},{"damage":7.0,"enemies":"2 Thieves","floor":20.0,"turns":4.0},{"damage":24.0,"enemies":"3 Cultists","floor":21.0,"turns":6.0},{"damage":11.0,"enemies":"Slavers","floor":23.0,"turns":6.0},{"damage":2.0,"enemies":"Book of Stabbing","floor":25.0,"turns":5.0},{"damage":2.0,"enemies":"Slavers","floor":27.0,"turns":4.0},{"damage":0.0,"enemies":"Colosseum Slavers","floor":30.0,"turns":2.0},{"damage":0.0,"enemies":"Colosseum Nobs","floor":30.0,"turns":5.0},{"damage":4.0,"enemies":"Automaton","floor":33.0,"turns":8.0},{"damage":6,"enemies":"3 Darklings","floor":35,"turns":7},{"damage":0,"enemies":"Orb Walker","floor":38,"turns":1},{"damage":2,"enemies":"Maw","floor":39,"turns":6},{"damage":0,"enemies":"Nemesis","floor":40,"turns":5},{"damage":1,"enemies":"3 Darklings","floor":44,"turns":3},{"damage":4,"enemies":"Reptomancer","floor":47,"turns":6},{"damage":41,"enemies":"Time Eater","floor":50,"turns":7},{"damage":2,"enemies":"Shield and Spear","floor":54,"turns":5},{"damage":23,"enemies":"The Heart","floor":55,"turns":9}],"seed_played":"7741659969427184557","potions_obtained":[{"floor":2.0,"key":"LiquidBronze"},{"floor":3.0,"key":"BlessingOfTheForge"},{"floor":3.0,"key":"SpeedPotion"},{"floor":4.0,"key":"PowerPotion"},{"floor":6.0,"key":"Weak Potion"},{"floor":13.0,"key":"ElixirPotion"},{"floor":14.0,"key":"Regen Potion"},{"floor":16.0,"key":"Fire Potion"},{"floor":21.0,"key":"EssenceOfSteel"},{"floor":30.0,"key":"FearPotion"},{"floor":36,"key":"BloodPotion"},{"floor":36,"key":"Regen Potion"}],"is_trial":false,"path_per_floor":["M","M","?","M","T","E","R","E","T","?","R","M","?","M","R","B",null,"M","$","M","M","?","E","R","E","T","E","$","R","?","T","R","B",null,"M","?","?","M","M","E","$","R","T","M","R","?","E","T","R","B",null,"R","$","E","B",null],"character_chosen":"IRONCLAD","items_purchased":["Fire Breathing","Oddly Smooth Stone","Barricade+1","HandDrill","ClockworkSouvenir","CultistPotion"],"campfire_rested":1,"item_purchase_floors":[19,19,28,41,53,53],"current_hp_per_floor":[71,70,70,66,66,62,62,42,42,42,42,38,32,32,54,17,60,60,60,53,29,29,33,33,31,31,29,29,29,29,29,29,50,68,62,62,62,62,60,60,60,60,60,59,59,59,55,55,55,29,60,60,60,58,62],"gold":54,"neow_bonus":"BOSS_RELIC","is_daily":false,"chose_seed":false,"campfire_upgraded":5,"win_rate":0.0,"timestamp":1613322620,"path_taken":["M","M","?","?","?","E","R","E","T","?","R","M","?","M","R","BOSS","M","$","M","M","?","E","R","E","T","E","?","R","?","?","R","BOSS","M","?","?","M","M","E","$","R","T","M","R","?","E","?","R","BOSS","R","$","E","BOSS"],"items_purchased_type":["Card","Relic","Card","Relic","Relic","Potion"],"build_version":"2020-12-22","purchased_purges":3,"victory":true,"max_hp_per_floor":[80,80,80,80,80,80,80,80,80,74,74,74,74,74,74,74,74,74,74,74,74,74,74,74,74,74,74,74,74,74,74,74,74,74,74,74,74,74,74,74,74,74,74,74,74,70,70,70,70,70,70,70,70,70,70],"relic_stats":{"Happy Flower":[10],"counters":[27,145],"Golden Idol":220,"Blue Candle":[4],"Juzu Bracelet":3,"Bag of Preparation":[26],"Whetstone":["Wild Strike","Bash"],"War Paint":["Defend_R","Power Through"],"Cursed Key":4,"Question Card":8,"Mercury Hourglass":[111],"Busted Crown":14,"Pantograph":52,"Bronze Scales":[192],"Tiny Chest":2,"HandDrill":[10],"obtain_stats":[{"Juzu Bracelet":9,"Bag of Preparation":25,"Whetstone":54,"Empty Cage":0,"Cursed Key":17,"Burning Blood":0,"ClockworkSouvenir":53,"Matryoshka":30,"Pantograph":27,"Tiny Chest":13,"HandDrill":41,"Red Skull":22,"Paper Frog":6,"Girya":31,"Happy Flower":43,"Golden Idol":10,"Blue Candle":48,"Oddly Smooth Stone":19,"War Paint":8,"Frozen Egg 2":23,"Question Card":31,"Mercury Hourglass":43,"Du-Vu Doll":30,"Busted Crown":34,"Bronze Scales":47,"Bag of Marbles":26,"Pocketwatch":40},{"Juzu Bracelet":5,"Bag of Preparation":14,"Whetstone":26,"Empty Cage":0,"Cursed Key":9,"Burning Blood":0,"ClockworkSouvenir":25,"Matryoshka":17,"Pantograph":15,"Tiny Chest":7,"HandDrill":22,"Red Skull":12,"Paper Frog":4,"Girya":17,"Happy Flower":22,"Golden Idol":5,"Blue Candle":24,"Oddly Smooth Stone":10,"War Paint":5,"Frozen Egg 2":13,"Question Card":17,"Mercury Hourglass":22,"Du-Vu Doll":17,"Busted Crown":18,"Bronze Scales":24,"Bag of Marbles":14,"Pocketwatch":22},{"Juzu Bracelet":22,"Bag of Preparation":77,"Whetstone":136,"Empty Cage":0,"Cursed Key":48,"Burning Blood":0,"ClockworkSouvenir":131,"Matryoshka":88,"Pantograph":81,"Tiny Chest":34,"HandDrill":115,"Red Skull":66,"Paper Frog":15,"Girya":88,"Happy Flower":115,"Golden Idol":22,"Blue Candle":124,"Oddly Smooth Stone":56,"War Paint":22,"Frozen Egg 2":72,"Question Card":88,"Mercury Hourglass":115,"Du-Vu Doll":88,"Busted Crown":96,"Bronze Scales":124,"Bag of Marbles":77,"Pocketwatch":115}],"Pocketwatch":[21]},"card_choices":[{"not_picked":["Flex","Armaments"],"picked":"Wild Strike","floor":1.0},{"not_picked":["Havoc","Anger"],"picked":"True Grit","floor":2.0},{"not_picked":["Burning Pact","Perfected Strike"],"picked":"Impervious","floor":4.0},{"not_picked":["Flex","Demon Form"],"picked":"Uppercut","floor":6.0},{"not_picked":["Iron Wave","Pummel"],"picked":"Power Through","floor":8.0},{"not_picked":["Intimidate","Reckless Charge"],"picked":"Battle Trance","floor":12.0},{"not_picked":["Clash","Battle Trance"],"picked":"Evolve","floor":13.0},{"not_picked":["Cleave","Clash"],"picked":"Inflame","floor":14.0},{"not_picked":["Juggernaut","Demon Form"],"picked":"Impervious","floor":16.0},{"not_picked":["Flex+1","Sword Boomerang+1"],"picked":"Shockwave+1","floor":18.0},{"not_picked":["Body Slam","Perfected Strike"],"picked":"Reckless Charge+1","floor":20.0},{"not_picked":["Infernal Blade+1","Flex"],"picked":"Disarm","floor":21.0},{"not_picked":["Sentinel","Uppercut"],"picked":"Immolate","floor":23.0},{"not_picked":["Searing Blow+1","Cleave"],"picked":"Armaments+1","floor":25.0},{"not_picked":["Clash","Perfected Strike"],"picked":"Demon Form+1","floor":27.0},{"not_picked":["Carnage","Combust+1"],"picked":"Rage+1","floor":30.0},{"not_picked":["Brutality+1","Barricade+1","Corruption+1"],"picked":"Juggernaut+1","floor":33.0},{"not_picked":["Havoc","Perfected Strike+1"],"picked":"SKIP","floor":35},{"not_picked":["Rupture+1","Iron Wave+1"],"picked":"SKIP","floor":38},{"not_picked":["Fire Breathing+1","Sentinel"],"picked":"SKIP","floor":39},{"not_picked":["Flex"],"picked":"Body Slam","floor":40},{"not_picked":["Evolve+1","Flex"],"picked":"SKIP","floor":44},{"not_picked":["Power Through+1"],"picked":"True Grit+1","floor":47},{"not_picked":["Second Wind"],"picked":"Limit Break","floor":54}],"player_experience":261404,"relics_obtained":[{"floor":6.0,"key":"Paper Frog"},{"floor":8.0,"key":"War Paint"},{"floor":9.0,"key":"Juzu Bracelet"},{"floor":13.0,"key":"Tiny Chest"},{"floor":23.0,"key":"Frozen Egg 2"},{"floor":25.0,"key":"Bag of Preparation"},{"floor":26.0,"key":"Bag of Marbles"},{"floor":27.0,"key":"Pantograph"},{"floor":30.0,"key":"Du-Vu Doll"},{"floor":30.0,"key":"Matryoshka"},{"floor":31.0,"key":"Question Card"},{"floor":31.0,"key":"Girya"},{"floor":40,"key":"Pocketwatch"},{"floor":43,"key":"Mercury Hourglass"},{"floor":43,"key":"Happy Flower"},{"floor":47,"key":"Bronze Scales"},{"floor":48,"key":"Blue Candle"},{"floor":54,"key":"Whetstone"}],"event_choices":[{"damage_healed":0.0,"max_hp_gain":0.0,"max_hp_loss":0.0,"gold_gain":0.0,"event_name":"Lab","player_choice":"Got Potions","floor":3.0,"gold_loss":0.0,"damage_taken":0.0},{"damage_healed":0.0,"max_hp_gain":0.0,"max_hp_loss":6.0,"gold_gain":0.0,"event_name":"Golden Idol","player_choice":"Lose Max HP","floor":10.0,"gold_loss":0.0,"damage_taken":0.0,"relics_obtained":["Golden Idol"]},{"damage_healed":0.0,"max_hp_gain":0.0,"max_hp_loss":0.0,"gold_gain":30.0,"event_name":"Dead Adventurer","player_choice":"Searched \u00272\u0027 times","floor":13.0,"gold_loss":0.0,"damage_taken":0.0},{"damage_healed":0.0,"max_hp_gain":0.0,"max_hp_loss":0.0,"gold_gain":0.0,"event_name":"The Mausoleum","player_choice":"Opened","floor":22.0,"gold_loss":0.0,"damage_taken":0.0,"relics_obtained":["Red Skull"]},{"damage_healed":0.0,"max_hp_gain":0.0,"max_hp_loss":0.0,"gold_gain":0.0,"event_name":"Colosseum","player_choice":"Fight","floor":30.0,"gold_loss":0.0,"damage_taken":0.0},{"damage_healed":0.0,"max_hp_gain":0.0,"max_hp_loss":0.0,"gold_gain":0.0,"event_name":"Colosseum","player_choice":"Fought Nobs","floor":30.0,"gold_loss":0.0,"damage_taken":0.0},{"damage_healed":0,"gold_gain":0,"player_choice":"Bought 3 Potions","damage_taken":0,"max_hp_gain":0,"max_hp_loss":0,"event_name":"The Woman in Blue","floor":36,"gold_loss":0},{"damage_healed":0,"gold_gain":0,"player_choice":"Ignored","damage_taken":0,"max_hp_gain":0,"max_hp_loss":0,"event_name":"Tomb of Lord Red Mask","floor":37,"gold_loss":0},{"damage_healed":0,"gold_gain":0,"player_choice":"Max HP","damage_taken":0,"max_hp_gain":0,"max_hp_loss":4,"event_name":"Winding Halls","floor":46,"gold_loss":0}],"is_beta":false,"boss_relics":[{"not_picked":["Runic Dome","Philosopher\u0027s Stone"],"picked":"Cursed Key"},{"not_picked":["SacredBark","Runic Cube"],"picked":"Busted Crown"}],"items_purged_floors":[19,28,41],"is_endless":false,"potions_floor_spawned":[2,4,6,13,14,16,18,21,30,30,39,40],"ascension_level":7}}