{"host":"0mk07bycsqo1qk03","time":1613315271,"event":{"mods":["BaseMod","Downfall","Hermit","Hubris","Minty Spire (QoL Compilation)","Reliquary","Replay The Spire","StSLib","The Cursed"],"gold_per_floor":[116,116,116,76,86,86,112,112,137,155,85,115,190,40,40,142,142,152,152,163,179,193,225,71,71,118,131,165,165,177,192,192,292,292,310,310,330,18,18,18,49,61,138,138,148,148,73,108,108,108],"floor_reached":51,"language":"ENG","playtime":2026,"items_purged":[],"score":1342,"play_id":"37c761a8-f844-431a-8297-b29f6520cf84","local_time":"20210214160751","is_ascension_mode":true,"campfire_choices":[{"data":"Barrage","floor":6,"key":"SMITH"},{"data":"Dualcast","floor":8,"key":"SMITH"},{"floor":15,"key":"REST"},{"data":"Meteor Strike","floor":25,"key":"SMITH"},{"data":"Pot Of Greed","floor":32,"key":"SMITH"},{"data":"Pot Of Greed","floor":40,"key":"SMITH"},{"data":"Pot Of Greed","floor":46,"key":"SMITH"},{"data":"Defragment","floor":49,"key":"SMITH"}],"circlet_count":0,"master_deck":["AscendersBane","Strike_B","Strike_B","Strike_B+1","Defend_B","Defend_B","Defend_B","Zap","Dualcast+1","Barrage+1","Looming Evil","Panic Button","Pot Of Greed+1","Pot Of Greed+1","Self Repair","Meteor Strike+1","ReplaySort","Stack","Rebound+1","downfall:Bewildered","Panic Button","Coolheaded","Meteor Strike+1","Pot Of Greed+1","Leap","Machine Learning","Hologram","Conserve Battery","Stack+1","Auto Shields+1","Hologram","Seek","AbeCurse","Coolheaded","ReplayTheSpireMod:Calculation Training+1","Stack","Defragment","Defragment+1","Force Field","Stack","Barrage+1","hubris:DuctTapeCard","Meteor Strike","ReplayTheSpireMod:Repulse"],"relics":["Cracked Core","hubris:Zylophone","Ring of Panic","Ring of Misfortune","Bottled Lightning","Grinning Jar","Thread and Needle","Whetstone","Empty Cage","Prayer Wheel","sneckomod:BabySnecko","reliquary:ExpiredCoupon","Runic Capacitor","reliquary:Aerogel","reliquary:Boomerang","Abe\u0027s Treasure","reliquary:NewFriend","Gambling Chip","hubris:DuctTape","Toy Ornithopter","reliquary:PorcupineQuills"],"acts_visited":["Exordium","TheCity","TheBeyond"],"potions_floor_usage":[7,16,18,23,31,33,50],"damage_taken":[{"damage":1,"enemies":"Cultist","floor":1,"turns":4},{"damage":5,"enemies":"Small Slimes","floor":5,"turns":3},{"damage":8,"enemies":"Replay:BlueRogue","floor":7,"turns":4},{"damage":0,"enemies":"2 Louse","floor":10,"turns":1},{"damage":12,"enemies":"3 Sentries","floor":12,"turns":6},{"damage":0,"enemies":"Slime Boss","floor":16,"turns":2},{"damage":3,"enemies":"3 Byrds","floor":18,"turns":4},{"damage":2,"enemies":"Shell Parasite","floor":20,"turns":2},{"damage":14,"enemies":"Snake Plant","floor":21,"turns":2},{"damage":0,"enemies":"Cultist and Chosen","floor":22,"turns":4},{"damage":13,"enemies":"Book of Stabbing","floor":23,"turns":3},{"damage":0,"enemies":"Centurion and Healer","floor":27,"turns":2},{"damage":4,"enemies":"Gremlin Leader","floor":28,"turns":6},{"damage":0,"enemies":"Snecko","floor":30,"turns":2},{"damage":0,"enemies":"Snake Plant","floor":31,"turns":2},{"damage":0,"enemies":"Automaton","floor":33,"turns":6},{"damage":0,"enemies":"Orb Walker","floor":35,"turns":2},{"damage":0,"enemies":"3 Shapes","floor":37,"turns":3},{"damage":12,"enemies":"R_Hoarder","floor":41,"turns":5},{"damage":0,"enemies":"Writhing Mass","floor":42,"turns":3},{"damage":11,"enemies":"Maw","floor":45,"turns":9},{"damage":0,"enemies":"Reptomancer","floor":48,"turns":4},{"damage":14,"enemies":"Donu and Deca","floor":50,"turns":10}],"seed_played":"4290128539084920409","potions_obtained":[{"floor":4,"key":"LiquidMemories"},{"floor":4,"key":"champ:CounterPotion"},{"floor":4,"key":"Slimebound:ThreeZeroPotion"},{"floor":12,"key":"BlessingOfTheForge"},{"floor":18,"key":"Doom Potion"},{"floor":20,"key":"SteroidPotion"},{"floor":28,"key":"champ:CounterPotion"},{"floor":31,"key":"Explosive Potion"},{"floor":42,"key":"FearPotion"}],"is_trial":false,"path_per_floor":["M","?","?","?","M","R","E","R","T","M","$","E","?","$","R","B",null,"M","?","M","M","M","E","$","R","T","M","E","?","M","M","R","B",null,"M","$","M","$","?","R","E","M","T","T","M","R","$","E","R","B",null],"character_chosen":"DEFECT","items_purchased":["Meteor Strike","Whetstone","Runic Capacitor","Defragment","reliquary:NewFriend","EssenceOfSteel"],"campfire_rested":1,"item_purchase_floors":[11,14,24,38,38,47],"current_hp_per_floor":[67,67,67,67,62,62,54,54,54,54,54,49,38,38,58,65,67,68,68,66,52,59,46,46,46,46,46,49,49,56,56,56,63,67,67,67,67,67,65,65,60,60,60,60,56,56,56,56,56,54],"gold":108,"neow_bonus":"ONE_RARE_RELIC","is_daily":false,"chose_seed":false,"campfire_upgraded":7,"win_rate":0.0,"timestamp":1613315271,"path_taken":["M","?","?","?","?","R","E","R","T","M","?","E","?","$","R","BOSS","M","?","M","M","M","E","$","R","T","M","E","?","?","M","R","BOSS","M","$","M","$","?","R","E","M","T","?","?","R","$","E","R","BOSS"],"items_purchased_type":["Card","Relic","Relic","Card","Relic","Potion"],"build_version":"2020-12-22","purchased_purges":0,"victory":true,"max_hp_per_floor":[68,68,68,68,68,68,68,68,68,68,68,68,68,68,68,68,68,68,68,68,68,68,68,68,68,68,68,68,68,68,68,68,68,68,68,68,68,68,65,65,65,65,65,65,65,65,65,65,65,65],"card_choices":[{"not_picked":["Turbo","Scrape"],"picked":"Barrage","floor":1},{"not_picked":["Streamline","Sweeping Beam"],"picked":"Panic Button","floor":5},{"not_picked":["Gash","Reprogram","Streamline"],"picked":"SKIP","floor":7},{"not_picked":["BasicCrystalCard","Barrage"],"picked":"Self Repair","floor":10},{"not_picked":["Rip and Tear","Hologram"],"picked":"ReplaySort","floor":12},{"not_picked":["hubris:SpecializedCircuitry","Reboot"],"picked":"ReplayTheSpireMod:Fabricate Wheel","floor":16},{"not_picked":["Steam","Streamline"],"picked":"Stack","floor":18},{"not_picked":["Steam","Redo"],"picked":"Rebound+1","floor":18},{"not_picked":["Go for the Eyes","Sweeping Beam"],"picked":"Panic Button","floor":20},{"not_picked":["Blizzard+1","Rebound"],"picked":"Coolheaded","floor":20},{"not_picked":["Consume+1","Barrage"],"picked":"Meteor Strike","floor":21},{"not_picked":["Steam","Beam Cell"],"picked":"Leap","floor":21},{"not_picked":["Rebound","Time Bomb","BasicCrystalCard"],"picked":"SKIP","floor":22},{"not_picked":["Barrage+1","ReplayTheSpireMod:Repulse","Compile Driver"],"picked":"SKIP","floor":22},{"not_picked":["Rebound","Loop"],"picked":"Machine Learning","floor":23},{"not_picked":["Panic Button","Leap"],"picked":"Hologram","floor":27},{"not_picked":["Go for the Eyes","hubris:Ukulele"],"picked":"Conserve Battery","floor":27},{"not_picked":["Redo","Rebound+1","Turbo+1"],"picked":"SKIP","floor":28},{"not_picked":["Barrage","Doom and Gloom"],"picked":"BootSequence+1","floor":30},{"not_picked":["ReplaySolidLightProjector","Heatsinks+1"],"picked":"Stack+1","floor":30},{"not_picked":["Rebound","Leap"],"picked":"Auto Shields+1","floor":31},{"not_picked":["hubris:DoWhile","Compile Driver+1"],"picked":"Hologram","floor":31},{"not_picked":["Machine Learning","ReplayTheSpireMod:Omega Cannon"],"picked":"Seek","floor":33},{"not_picked":["Hologram+1","Rebound+1"],"picked":"Coolheaded","floor":35},{"not_picked":["Tempest+1","Barrage+1"],"picked":"ReplayTheSpireMod:Calculation Training+1","floor":35},{"not_picked":["Redo","Rip and Tear+1"],"picked":"Stack","floor":37},{"not_picked":["Reprogram","ReplayTheSpireMod:GoodbyeWorld","Go for the Eyes+1"],"picked":"SKIP","floor":37},{"not_picked":["Sweeping Beam+1","Beam Cell"],"picked":"Force Field","floor":41},{"not_picked":["Ball Lightning+1","Loop"],"picked":"Stack","floor":42},{"not_picked":["Steam+1","Heatsinks"],"picked":"Barrage+1","floor":42},{"not_picked":["Gash","Chaos"],"picked":"Meteor Strike","floor":45},{"not_picked":["Go for the Eyes","Leap"],"picked":"ReplayTheSpireMod:Repulse","floor":45},{"not_picked":["Gash+1","Steam+1","Heatsinks+1"],"picked":"SKIP","floor":48}],"player_experience":1048720,"relics_obtained":[{"floor":2,"key":"Ring of Panic"},{"floor":2,"key":"Ring of Misfortune"},{"floor":7,"key":"Bottled Lightning"},{"floor":9,"key":"Grinning Jar"},{"floor":12,"key":"Thread and Needle"},{"floor":23,"key":"reliquary:ExpiredCoupon"},{"floor":26,"key":"reliquary:Aerogel"},{"floor":28,"key":"reliquary:Boomerang"},{"floor":41,"key":"Gambling Chip"},{"floor":43,"key":"hubris:DuctTape"},{"floor":44,"key":"Toy Ornithopter"},{"floor":48,"key":"reliquary:PorcupineQuills"}],"event_choices":[{"damage_healed":0,"gold_gain":0,"player_choice":"Bought 3 Potions","damage_taken":0,"max_hp_gain":0,"max_hp_loss":0,"event_name":"The Woman in Blue","floor":4,"gold_loss":0},{"damage_healed":0,"gold_gain":75,"player_choice":"Gather Gold","damage_taken":11,"max_hp_gain":0,"max_hp_loss":0,"event_name":"World of Goop","floor":13,"gold_loss":0},{"damage_healed":0,"gold_gain":0,"player_choice":"Upgraded","damage_taken":0,"max_hp_gain":0,"max_hp_loss":0,"event_name":"Upgrade Shrine","floor":29,"gold_loss":0,"cards_upgraded":["Pot Of Greed"]},{"damage_healed":0,"gold_gain":0,"player_choice":"Max HP","damage_taken":0,"max_hp_gain":0,"max_hp_loss":3,"event_name":"Winding Halls","floor":39,"gold_loss":0}],"is_beta":false,"boss_relics":[{"not_picked":["hubris:GrandSneckoEye","Sozu"],"picked":"Empty Cage"},{"not_picked":["Replay:Wanted Poster","Replay:Bronze Core"],"picked":"Abe\u0027s Treasure"}],"items_purged_floors":[],"is_endless":false,"potions_floor_spawned":[5,12,18,20,22,28,31,42,45],"ascension_level":10}}