{"host":"8iprjuzow65cevwy","time":1613311820,"event":{"mods":["BaseMod","Colored Map","Highlight Path","Minty Spire (QoL Compilation)"],"gold_per_floor":[19,32,32,47,47,47,82,101,127,146,146,163,163,174,174,274,274,292,292,292,321,321,321,339,339,339,353,353,353,60,79,79,183,183,197,207,252,272,286,286,298,298,298,298,298,54,54,67,67,67],"floor_reached":51,"language":"ENG","playtime":2161,"items_purged":["Strike_R","Writhe"],"score":861,"play_id":"0e78926e-bd1b-402a-91f1-546127ff77bb","local_time":"20210214151020","is_ascension_mode":true,"campfire_choices":[{"data":"Searing Blow+1","floor":6,"key":"SMITH"},{"data":"Searing Blow+2","floor":11,"key":"SMITH"},{"data":"Searing Blow+3","floor":13,"key":"SMITH"},{"data":"Searing Blow+4","floor":15,"key":"SMITH"},{"data":"Offering","floor":23,"key":"SMITH"},{"data":"Searing Blow+6","floor":28,"key":"SMITH"},{"data":"Searing Blow+7","floor":32,"key":"SMITH"},{"data":"Searing Blow+8","floor":40,"key":"SMITH"},{"data":"Searing Blow+9","floor":42,"key":"SMITH"},{"data":"Searing Blow+10","floor":44,"key":"SMITH"},{"data":"Searing Blow+11","floor":49,"key":"SMITH"}],"circlet_count":0,"master_deck":["Defend_R","Defend_R","Bash","Searing Blow+12","Bloodletting","Cleave","Dual Wield","Pommel Strike","Ghostly Armor","Headbutt","Havoc","Offering+1","Pommel Strike+1","Rupture","Armaments","Necronomicurse","Burning Pact","Armaments+1","Offering","Armaments+1","Corruption","Rage+1"],"relics":["Burning Blood","Mango","Mercury Hourglass","Nunchaku","Coffee Dripper","Red Mask","Necronomicon","InkBottle","MealTicket","Empty Cage","Unceasing Top","StrikeDummy","Anchor"],"acts_visited":["Exordium","TheCity","TheBeyond"],"potions_floor_usage":[16,16,21,50,50],"damage_taken":[{"damage":3,"enemies":"2 Louse","floor":1,"turns":2},{"damage":28,"enemies":"Jaw Worm","floor":2,"turns":4},{"damage":5,"enemies":"Small Slimes","floor":4,"turns":4},{"damage":40,"enemies":"3 Sentries","floor":7,"turns":8},{"damage":5,"enemies":"Looter","floor":8,"turns":3},{"damage":3,"enemies":"3 Louse","floor":10,"turns":2},{"damage":0,"enemies":"2 Fungi Beasts","floor":12,"turns":2},{"damage":3,"enemies":"Exordium Thugs","floor":14,"turns":3},{"damage":32,"enemies":"Hexaghost","floor":16,"turns":6},{"damage":8,"enemies":"Chosen","floor":18,"turns":3},{"damage":11,"enemies":"Masked Bandits","floor":21,"turns":3},{"damage":0,"enemies":"Spheric Guardian","floor":24,"turns":1},{"damage":21,"enemies":"Shelled Parasite and Fungi","floor":27,"turns":3},{"damage":6,"enemies":"Sentry and Sphere","floor":31,"turns":2},{"damage":18,"enemies":"Champ","floor":33,"turns":4},{"damage":15,"enemies":"3 Darklings","floor":35,"turns":2},{"damage":3,"enemies":"Orb Walker","floor":36,"turns":2},{"damage":15,"enemies":"2 Orb Walkers","floor":37,"turns":1},{"damage":18,"enemies":"Writhing Mass","floor":38,"turns":1},{"damage":12,"enemies":"Sphere and 2 Shapes","floor":39,"turns":2},{"damage":3,"enemies":"Maw","floor":41,"turns":2},{"damage":15,"enemies":"Transient","floor":48,"turns":3},{"damage":17,"enemies":"Awakened One","floor":50,"turns":3}],"seed_played":"5736678578074821443","potions_obtained":[{"floor":1,"key":"CultistPotion"},{"floor":8,"key":"AttackPotion"},{"floor":16,"key":"Dexterity Potion"},{"floor":21,"key":"PowerPotion"},{"floor":27,"key":"Strength Potion"},{"floor":33,"key":"PowerPotion"},{"floor":38,"key":"Block Potion"},{"floor":39,"key":"HeartOfIron"}],"is_trial":false,"path_per_floor":["M","M","?","M","T","R","E","M","T","M","R","M","R","M","R","B",null,"M","?","?","?","?","R","M","?","T","M","R","?","$","M","R","B",null,"M","M","?","M","M","R","M","R","T","R","?","$","$","M","R","B",null],"character_chosen":"IRONCLAD","items_purchased":["Burning Pact","MealTicket","Anchor"],"campfire_rested":0,"item_purchase_floors":[30,30,46],"current_hp_per_floor":[75,53,53,54,68,68,34,35,35,38,38,44,44,47,47,21,76,74,74,74,69,53,53,59,59,59,44,44,75,75,75,75,63,86,77,80,71,59,53,53,56,56,56,56,80,94,94,85,85,74],"gold":67,"neow_bonus":"TRANSFORM_TWO_CARDS","is_daily":false,"chose_seed":false,"campfire_upgraded":11,"win_rate":0.0,"timestamp":1613311820,"path_taken":["M","M","?","M","?","R","E","M","T","M","R","M","R","M","R","BOSS","M","?","?","?","?","R","M","?","T","?","R","?","$","M","R","BOSS","M","M","?","M","M","R","M","R","T","R","?","?","$","M","R","BOSS"],"items_purchased_type":["Card","Relic","Relic"],"build_version":"2020-12-22","purchased_purges":2,"victory":true,"max_hp_per_floor":[80,80,80,80,94,94,94,94,94,94,94,94,94,94,94,94,94,94,94,94,94,94,94,94,94,94,94,94,94,94,94,94,94,94,94,94,94,94,94,94,94,94,94,94,94,94,94,94,94,94],"card_choices":[{"not_picked":["Evolve","Wild Strike"],"picked":"Cleave","floor":1},{"not_picked":["Shrug It Off","Perfected Strike"],"picked":"Dual Wield","floor":2},{"not_picked":["Bludgeon","Twin Strike"],"picked":"Pommel Strike","floor":4},{"not_picked":["Blood for Blood","Carnage","Body Slam"],"picked":"SKIP","floor":7},{"not_picked":["Thunderclap","Clothesline"],"picked":"Ghostly Armor","floor":8},{"not_picked":["Shrug It Off","Body Slam"],"picked":"Headbutt","floor":10},{"not_picked":["Flex","Rage","Anger"],"picked":"SKIP","floor":12},{"not_picked":["Body Slam","Blood for Blood"],"picked":"Havoc","floor":14},{"not_picked":["Bludgeon","Brutality"],"picked":"Offering","floor":16},{"not_picked":["Clash","Dark Embrace+1"],"picked":"Pommel Strike+1","floor":18},{"not_picked":["Entrench","Feel No Pain+1","True Grit"],"picked":"SKIP","floor":24},{"not_picked":["Heavy Blade","Spot Weakness+1","Clothesline"],"picked":"SKIP","floor":27},{"not_picked":["Iron Wave","Thunderclap"],"picked":"Armaments+1","floor":31},{"not_picked":["Exhume","Reaper"],"picked":"Offering","floor":33},{"not_picked":["Anger","Perfected Strike+1","Inflame"],"picked":"SKIP","floor":35},{"not_picked":["Wild Strike+1","Shrug It Off+1","Anger+1"],"picked":"SKIP","floor":36},{"not_picked":["Combust+1","Feel No Pain+1"],"picked":"Armaments+1","floor":38},{"not_picked":["Entrench","Iron Wave"],"picked":"Corruption","floor":39},{"not_picked":["Seeing Red","Pommel Strike","Havoc"],"picked":"SKIP","floor":41},{"not_picked":["Pommel Strike","Body Slam+1"],"picked":"Rage+1","floor":48}],"player_experience":334753,"relics_obtained":[{"floor":5,"key":"Mango"},{"floor":7,"key":"Mercury Hourglass"},{"floor":9,"key":"Nunchaku"},{"floor":21,"key":"Red Mask"},{"floor":22,"key":"Necronomicon"},{"floor":26,"key":"InkBottle"},{"floor":37,"key":"Unceasing Top"},{"floor":43,"key":"StrikeDummy"}],"event_choices":[{"damage_healed":0,"gold_gain":0,"player_choice":"Grow","damage_taken":0,"max_hp_gain":0,"max_hp_loss":0,"event_name":"Living Wall","floor":3,"gold_loss":0,"cards_upgraded":["Searing Blow"]},{"damage_healed":0,"gold_gain":0,"cards_transformed":["Strike_R","Strike_R"],"player_choice":"Became Test Subject","damage_taken":0,"max_hp_gain":0,"max_hp_loss":0,"event_name":"Drug Dealer","floor":19,"gold_loss":0,"cards_obtained":["Rupture","Armaments"]},{"damage_healed":0,"gold_gain":0,"player_choice":"Ignored","damage_taken":0,"max_hp_gain":0,"max_hp_loss":0,"event_name":"Vampires","floor":20,"gold_loss":0},{"damage_healed":0,"gold_gain":0,"player_choice":"Fought Bandits","damage_taken":0,"max_hp_gain":0,"max_hp_loss":0,"event_name":"Masked Bandits","floor":21,"gold_loss":0},{"damage_healed":0,"gold_gain":0,"player_choice":"Obtained Book","damage_taken":16,"max_hp_gain":0,"max_hp_loss":0,"event_name":"Cursed Tome","floor":22,"gold_loss":0},{"damage_healed":0,"gold_gain":0,"player_choice":"Upgraded","damage_taken":0,"max_hp_gain":0,"max_hp_loss":0,"event_name":"Upgrade Shrine","floor":25,"gold_loss":0,"cards_upgraded":["Searing Blow"]},{"damage_healed":31,"gold_gain":0,"player_choice":"Heal","damage_taken":0,"max_hp_gain":0,"max_hp_loss":0,"event_name":"The Library","floor":29,"gold_loss":0},{"damage_healed":0,"gold_gain":0,"player_choice":"Fight","damage_taken":0,"max_hp_gain":0,"max_hp_loss":0,"event_name":"Mysterious Sphere","floor":37,"gold_loss":0},{"damage_healed":24,"gold_gain":0,"player_choice":"Writhe","damage_taken":0,"max_hp_gain":0,"max_hp_loss":0,"event_name":"Winding Halls","floor":45,"gold_loss":0,"cards_obtained":["Writhe"]}],"is_beta":false,"boss_relics":[{"not_picked":["SlaversCollar","Ectoplasm"],"picked":"Coffee Dripper"},{"not_picked":["Runic Dome","Astrolabe"],"picked":"Empty Cage"}],"items_purged_floors":[30,46],"is_endless":false,"potions_floor_spawned":[1,8,16,21,27,33,38,39,41],"ascension_level":6}}