{"host":"Muffin","time":1613298808,"event":{"mods":["BaseMod","Googly Eyes","Minty Spire (QoL Compilation)"],"gold_per_floor":[119,138,157,48,74,99,109,137,137,137,41,73,73,91,91,195,195,206,224,244,96,130,130,155,174,174,174,190,190,85,102,102,202,202,216,229,283,38,38,73,73,87,155,155,174,396,99,116,116,219,219,237,248,265,281,206,206,225,259,330,330,345,355,355,384,384,481,531,544,561,561,561],"floor_reached":71,"language":"ENG","playtime":5469,"items_purged":["All Out Attack"],"score":1105,"play_id":"a101d8a6-bbec-40ca-b541-e183a431a441","local_time":"20210214113328","daily_mods":["SealedDeck","Diverse"],"is_ascension_mode":false,"campfire_choices":[{"data":"Redo","floor":10.0,"key":"SMITH"},{"data":"Rampage","floor":13.0,"key":"SMITH"},{"floor":15.0,"key":"REST"},{"floor":23.0,"key":"REST"},{"floor":29.0,"key":"REST"},{"floor":32.0,"key":"REST"},{"floor":41.0,"key":"REST"},{"floor":49.0,"key":"REST"},{"data":"Echo Form","floor":57,"key":"SMITH"},{"data":"Corpse Explosion","floor":64,"key":"SMITH"},{"floor":66,"key":"REST"}],"circlet_count":0,"master_deck":["Sweeping Beam","Hologram","Armaments+1","Shrug It Off","Stack","Rampage+1","Cold Snap","Glacier","BattleHymn","Anger","FTL","Caltrops","Redo+1","Poisoned Stab","Blood for Blood","Noxious Fumes","CrushJoints","Corpse Explosion+1","JustLucky","Melter","Consume+1","Evaluate","Echo Form+1","Blur+1","Parasite","Core Surge","Self Repair","Parasite","Berserk","Slice"],"relics":["FrozenCore","Regal Pillow","Bird Faced Urn","Happy Flower","Question Card","Ginger","Oddly Smooth Stone","Bag of Marbles","Red Mask","Calipers","Symbiotic Virus","Enchiridion","Inserter","Torii","Bottled Flame","Meat on the Bone","Matryoshka","Mummified Hand","Black Star","Pear","Juzu Bracelet","Tiny House"],"acts_visited":["TheCity"],"potions_floor_usage":[59,65,67,70],"damage_taken":[{"damage":0.0,"enemies":"Cultist","floor":1.0,"turns":4.0},{"damage":3.0,"enemies":"2 Louse","floor":2.0,"turns":2.0},{"damage":2.0,"enemies":"Small Slimes","floor":3.0,"turns":2.0},{"damage":0.0,"enemies":"Lagavulin","floor":6.0,"turns":7.0},{"damage":3.0,"enemies":"2 Fungi Beasts","floor":7.0,"turns":3.0},{"damage":7.0,"enemies":"Gremlin Nob","floor":8.0,"turns":4.0},{"damage":15.0,"enemies":"Lagavulin","floor":12.0,"turns":6.0},{"damage":4.0,"enemies":"Large Slime","floor":14.0,"turns":4.0},{"damage":12.0,"enemies":"Slime Boss","floor":16.0,"turns":9.0},{"damage":0.0,"enemies":"Chosen","floor":18.0,"turns":4.0},{"damage":0.0,"enemies":"3 Byrds","floor":19.0,"turns":3.0},{"damage":20.0,"enemies":"Centurion and Healer","floor":20.0,"turns":5.0},{"damage":17.0,"enemies":"Masked Bandits","floor":22.0,"turns":4.0},{"damage":36.0,"enemies":"Gremlin Leader","floor":24.0,"turns":6.0},{"damage":4.0,"enemies":"Snecko","floor":25.0,"turns":5.0},{"damage":16.0,"enemies":"Snake Plant","floor":28.0,"turns":4.0},{"damage":0.0,"enemies":"Sentry and Sphere","floor":31.0,"turns":5.0},{"damage":28.0,"enemies":"Collector","floor":33.0,"turns":9.0},{"damage":31.0,"enemies":"Orb Walker","floor":35.0,"turns":4.0},{"damage":13.0,"enemies":"3 Darklings","floor":36.0,"turns":6.0},{"damage":30.0,"enemies":"2 Orb Walkers","floor":37.0,"turns":5.0},{"damage":57.0,"enemies":"Reptomancer","floor":40.0,"turns":8.0},{"damage":17.0,"enemies":"Maw","floor":42.0,"turns":9.0},{"damage":10.0,"enemies":"Writhing Mass","floor":45.0,"turns":8.0},{"damage":1.0,"enemies":"Transient","floor":48.0,"turns":5.0},{"damage":3.0,"enemies":"Awakened One","floor":50.0,"turns":14.0},{"damage":14,"enemies":"Jaw Worm","floor":52,"turns":3},{"damage":1,"enemies":"2 Louse","floor":53,"turns":2},{"damage":0,"enemies":"Cultist","floor":54,"turns":3},{"damage":7,"enemies":"Exordium Thugs","floor":55,"turns":5},{"damage":0,"enemies":"Gremlin Gang","floor":58,"turns":2},{"damage":26,"enemies":"3 Sentries","floor":59,"turns":4},{"damage":0,"enemies":"Large Slime","floor":62,"turns":4},{"damage":1,"enemies":"2 Fungi Beasts","floor":63,"turns":3},{"damage":42,"enemies":"Gremlin Nob","floor":65,"turns":6},{"damage":81,"enemies":"Hexaghost","floor":67,"turns":7},{"damage":26,"enemies":"Chosen","floor":69,"turns":6},{"damage":27,"enemies":"Shell Parasite","floor":70,"turns":4},{"damage":78,"enemies":"Snake Plant","floor":71,"turns":3}],"seed_played":"861394676877471659","potions_obtained":[{"floor":2.0,"key":"EssenceOfSteel"},{"floor":3.0,"key":"FairyPotion"},{"floor":7.0,"key":"LiquidBronze"},{"floor":14.0,"key":"EssenceOfSteel"},{"floor":19.0,"key":"Energy Potion"},{"floor":22.0,"key":"Explosive Potion"},{"floor":33.0,"key":"Energy Potion"},{"floor":35.0,"key":"SkillPotion"},{"floor":36.0,"key":"Regen Potion"},{"floor":48.0,"key":"Regen Potion"},{"floor":52,"key":"LiquidBronze"},{"floor":55,"key":"AttackPotion"},{"floor":67,"key":"FearPotion"},{"floor":68,"key":"Energy Potion"}],"is_trial":true,"path_per_floor":["M","M","M","$","T","E","M","E","T","R","?","E","R","M","R","B",null,"M","M","M","$","?","R","E","M","T","?","M","R","$","M","R","B",null,"M","M","?","$","?","E","R","M","T","?","M","?","$","M","R","B",null,"M","M","M","M","$","R","M","E","T","?","M","M","R","E","R","B",null,"M","M","M"],"character_chosen":"DEFECT","items_purchased":["FTL","Caltrops","Bag of Marbles","Evaluate","Dexterity Potion","Bottled Flame","Mummified Hand","FearPotion"],"campfire_rested":7,"item_purchase_floors":[4,4,21,30,30,38,47,47],"current_hp_per_floor":[75,72,70,70,70,70,71,66,66,66,66,55,55,57,75,67,75,75,75,59,59,42,75,39,37,37,21,7,44,44,50,75,47,75,44,41,29,29,29,8,45,42,42,42,40,40,40,45,75,75,75,61,66,72,72,72,72,74,49,59,80,85,85,85,54,85,25,90,78,57,0,0],"gold":561,"neow_bonus":"","is_daily":false,"chose_seed":false,"campfire_upgraded":4,"win_rate":0.0,"timestamp":1613298808,"path_taken":["M","M","M","$","?","E","M","E","T","R","?","E","R","M","R","BOSS","M","M","M","$","?","R","E","M","T","?","M","R","$","M","R","BOSS","M","M","?","$","?","E","R","M","T","?","M","?","$","M","R","BOSS","M","M","M","M","$","R","M","E","T","?","M","M","R","E","R","BOSS","M","M","M"],"items_purchased_type":["Card","Card","Relic","Card","Potion","Relic","Relic","Potion"],"build_version":"2020-12-18","purchased_purges":1,"victory":false,"max_hp_per_floor":[75,75,75,75,75,75,75,75,75,75,75,75,75,75,75,75,75,75,75,75,75,75,75,75,75,75,75,75,75,75,75,75,75,75,75,75,75,75,75,75,75,75,75,75,75,75,75,75,75,75,75,75,75,75,75,75,75,75,75,85,85,85,85,85,85,85,85,90,90,90,90,90],"card_choices":[{"not_picked":["Tactician","Hello World"],"picked":"BattleHymn","floor":1.0},{"not_picked":["Quick Slash","Flechettes"],"picked":"Anger","floor":2.0},{"not_picked":["Prepared","Auto Shields","Sweeping Beam"],"picked":"SKIP","floor":3.0},{"not_picked":["Cloak And Dagger","Sucker Punch"],"picked":"Redo","floor":6.0},{"not_picked":["Steam","Clothesline"],"picked":"Poisoned Stab","floor":7.0},{"not_picked":["Wireheading","Warcry"],"picked":"Blood for Blood","floor":8.0},{"not_picked":["Adaptation","Heatsinks","Dash"],"picked":"Noxious Fumes","floor":12.0},{"not_picked":["FlyingSleeves","Tools of the Trade","Poisoned Stab"],"picked":"CrushJoints","floor":14.0},{"not_picked":["DevaForm","Exhume","Fission"],"picked":"Corpse Explosion","floor":16.0},{"not_picked":["Acrobatics","Dagger Spray","Cold Snap","Leap"],"picked":"SKIP","floor":18.0},{"not_picked":["Body Slam","FlyingSleeves","Rebound"],"picked":"JustLucky","floor":19.0},{"not_picked":["Thunderclap","Deadly Poison","Battle Trance","Steam Power"],"picked":"SKIP","floor":20.0},{"not_picked":["Leg Sweep","Dodge and Roll","Skim"],"picked":"Melter","floor":22.0},{"not_picked":["Tactician","Flying Knee","Establishment"],"picked":"Consume+1","floor":24.0},{"not_picked":["Ball Lightning+1","Adaptation+1","Thunderclap","Bane"],"picked":"SKIP","floor":25.0},{"not_picked":["Endless Agony","Dagger Throw+1","Headbutt","Streamline"],"picked":"SKIP","floor":28.0},{"not_picked":["Catalyst+1","Sever Soul","Whirlwind","Ball Lightning"],"picked":"SKIP","floor":31.0},{"not_picked":["Feed","Night Terror","Glass Knife"],"picked":"Echo Form","floor":33.0},{"not_picked":["Evaluate+1","Shrug It Off+1","Go for the Eyes+1","WheelKick"],"picked":"SKIP","floor":35.0},{"not_picked":["CutThroughFate","Eviscerate","Clash+1","Backflip"],"picked":"SKIP","floor":36.0},{"not_picked":["Whirlwind+1","Dropkick+1","Double Energy","Juggernaut"],"picked":"SKIP","floor":40.0},{"not_picked":["Recycle+1","Bane+1","Wild Strike"],"picked":"Blur+1","floor":42.0},{"not_picked":["SashWhip","Seeing Red+1","Go for the Eyes+1","Chaos+1"],"picked":"SKIP","floor":45.0},{"not_picked":["FlurryOfBlows","Backflip","Warcry","Cleave"],"picked":"SKIP","floor":48.0},{"not_picked":["Hyperbeam","Omniscience","Vault"],"picked":"Core Surge","floor":50.0},{"not_picked":["Crescendo","Deadly Poison","Sever Soul","Acrobatics"],"picked":"SKIP","floor":52},{"not_picked":["Infinite Blades","Choke","Storm","Cold Snap"],"picked":"SKIP","floor":53},{"not_picked":["Lockon","Escape Plan","Consume","Grand Finale"],"picked":"SKIP","floor":54},{"not_picked":["Fire Breathing","ClearTheMind","EmptyBody","Shrug It Off"],"picked":"SKIP","floor":55},{"not_picked":["Headbutt","FollowUp","Coolheaded","Masterful Stab"],"picked":"SKIP","floor":58},{"not_picked":["Prostrate","Shockwave","FTL"],"picked":"Self Repair","floor":59},{"not_picked":["Armaments","Scrawl","Crescendo","Streamline"],"picked":"SKIP","floor":62},{"not_picked":["Leap","Sword Boomerang","FlyingSleeves","Protect"],"picked":"SKIP","floor":63},{"not_picked":["Compile Driver","Leg Sweep","Coolheaded","Dodge and Roll"],"picked":"SKIP","floor":65},{"not_picked":["Exhume","Glass Knife","Blasphemy"],"picked":"Berserk","floor":67},{"not_picked":["Consume","Darkness","JustLucky"],"picked":"Slice","floor":68},{"not_picked":["Deflect","Halt","Flying Knee","Armaments"],"picked":"SKIP","floor":69},{"not_picked":["Ghostly Armor","SashWhip+1","Thunderclap","Conclude"],"picked":"SKIP","floor":70}],"player_experience":580830,"relics_obtained":[{"floor":5.0,"key":"Regal Pillow"},{"floor":6.0,"key":"Bird Faced Urn"},{"floor":8.0,"key":"Happy Flower"},{"floor":9.0,"key":"Question Card"},{"floor":12.0,"key":"Oddly Smooth Stone"},{"floor":22.0,"key":"Red Mask"},{"floor":24.0,"key":"Calipers"},{"floor":26.0,"key":"Symbiotic Virus"},{"floor":27.0,"key":"Enchiridion"},{"floor":37.0,"key":"Torii"},{"floor":40.0,"key":"Meat on the Bone"},{"floor":43.0,"key":"Matryoshka"},{"floor":60,"key":"Pear"},{"floor":60,"key":"Juzu Bracelet"}],"event_choices":[{"damage_healed":0.0,"max_hp_gain":0.0,"max_hp_loss":0.0,"gold_gain":0.0,"event_name":"WeMeetAgain","player_choice":"Paid Gold","floor":11.0,"gold_loss":96.0,"damage_taken":0.0,"relics_obtained":["Ginger"]},{"damage_healed":0.0,"max_hp_gain":0.0,"max_hp_loss":0.0,"gold_gain":0.0,"event_name":"Masked Bandits","player_choice":"Fought Bandits","floor":22.0,"gold_loss":0.0,"damage_taken":0.0},{"damage_healed":0.0,"max_hp_gain":0.0,"max_hp_loss":0.0,"gold_gain":0.0,"event_name":"Cursed Tome","player_choice":"Obtained Book","floor":27.0,"gold_loss":0.0,"damage_taken":16.0},{"damage_healed":0.0,"max_hp_gain":0.0,"max_hp_loss":0.0,"gold_gain":0.0,"event_name":"Mysterious Sphere","player_choice":"Fight","floor":37.0,"gold_loss":0.0,"damage_taken":0.0},{"cards_removed":["BowlingBash"],"damage_healed":0.0,"max_hp_gain":0.0,"max_hp_loss":0.0,"gold_gain":0.0,"event_name":"Falling","player_choice":"Removed Attack","floor":39.0,"gold_loss":0.0,"damage_taken":0.0},{"damage_healed":0.0,"max_hp_gain":0.0,"max_hp_loss":0.0,"gold_gain":0.0,"event_name":"SensoryStone","player_choice":"Memory 1","floor":44.0,"gold_loss":0.0,"damage_taken":0.0},{"damage_healed":0.0,"max_hp_gain":0.0,"max_hp_loss":0.0,"gold_gain":222.0,"event_name":"Tomb of Lord Red Mask","player_choice":"Wore Mask","floor":46.0,"gold_loss":0.0,"damage_taken":0.0},{"damage_healed":21,"gold_gain":0,"player_choice":"Healed and dodged fight","damage_taken":0,"max_hp_gain":0,"max_hp_loss":0,"event_name":"Mushrooms","floor":61,"gold_loss":0,"cards_obtained":["Parasite"]}],"is_beta":true,"boss_relics":[{"not_picked":["Empty Cage","Runic Dome"],"picked":"FrozenCore"},{"not_picked":["Velvet Choker","Calling Bell"],"picked":"Inserter"},{"not_picked":["Astrolabe","Sozu"],"picked":"Black Star"},{"not_picked":["Runic Pyramid","Velvet Choker"],"picked":"Tiny House"}],"items_purged_floors":[56],"is_endless":true,"potions_floor_spawned":[2,3,7,14,19,20,22,33,35,36,48,52,55,58,59,67],"killed_by":"Snake Plant","ascension_level":0}}