{"host":"sian7qp8a9pc9xwd","time":1613266415,"event":{"mods":["BaseMod","Minty Spire (QoL Compilation)","StSLib","SuperFastMode"],"gold_per_floor":[20,30,50,50,61,91,166,166,215,215,247,247,266,294,294,407,407,436,216,216,261,9,9,46,66,66,94,94,103,103,103],"floor_reached":30,"language":"ENG","playtime":1308,"items_purged":["Strike_P"],"score":400,"play_id":"041b95ba-da38-4923-b1f3-b80759622ec4","local_time":"20210213203335","is_ascension_mode":true,"campfire_choices":[{"floor":8.0,"key":"REST"},{"floor":10.0,"key":"REST"},{"floor":15,"key":"REST"},{"floor":23,"key":"REST"},{"floor":28,"key":"REST"}],"circlet_count":0,"master_deck":["AscendersBane","Strike_P","Strike_P","Strike_P","Defend_P+1","Defend_P","Defend_P","Defend_P","Eruption","Vigilance","Mayhem+1","Consecrate","DevaForm","CarveReality","Worship","SpiritShield","Worship","FlurryOfBlows","EmptyMind+1","FlurryOfBlows+1","Necronomicurse"],"relics":["PureWater","Mummified Hand","CeramicFish","Akabeko","SacredBark","Strawberry","Lantern","StrikeDummy","Unceasing Top","Molten Egg 2","Necronomicon"],"acts_visited":["Exordium","TheCity"],"potions_floor_usage":[16,20,25,27,30],"damage_taken":[{"damage":0.0,"enemies":"Cultist","floor":1.0,"turns":3.0},{"damage":8.0,"enemies":"Jaw Worm","floor":2.0,"turns":5.0},{"damage":0.0,"enemies":"2 Louse","floor":3.0,"turns":2.0},{"damage":0.0,"enemies":"2 Fungi Beasts","floor":5.0,"turns":2.0},{"damage":57.0,"enemies":"3 Sentries","floor":6.0,"turns":5.0},{"damage":3.0,"enemies":"Lagavulin","floor":11.0,"turns":8.0},{"damage":1.0,"enemies":"Exordium Wildlife","floor":13.0,"turns":3.0},{"damage":6,"enemies":"Blue Slaver","floor":14,"turns":3},{"damage":25,"enemies":"Hexaghost","floor":16,"turns":6},{"damage":32,"enemies":"2 Thieves","floor":18,"turns":5},{"damage":4,"enemies":"Masked Bandits","floor":20,"turns":2},{"damage":25,"enemies":"Gremlin Leader","floor":24,"turns":5},{"damage":0,"enemies":"Spheric Guardian","floor":25,"turns":3},{"damage":9,"enemies":"Shelled Parasite and Fungi","floor":27,"turns":5},{"damage":34,"enemies":"Slavers","floor":30,"turns":2}],"seed_played":"1780495254075058256","potions_obtained":[{"floor":1.0,"key":"AttackPotion"},{"floor":2.0,"key":"GamblersBrew"},{"floor":11.0,"key":"AttackPotion"},{"floor":13.0,"key":"SmokeBomb"},{"floor":14,"key":"BlessingOfTheForge"},{"floor":24,"key":"ColorlessPotion"},{"floor":25,"key":"Weak Potion"},{"floor":27,"key":"BlessingOfTheForge"}],"is_trial":false,"path_per_floor":["M","M","M","?","M","E","?","R","T","R","E","?","M","M","R","B",null,"M","$","?","T","$","R","E","M","T","M","R","?","E"],"character_chosen":"WATCHER","items_purchased":["Strawberry","StrikeDummy"],"campfire_rested":5,"item_purchase_floors":[19,22],"current_hp_per_floor":[65,57,57,72,72,15,4,25,25,46,43,29,28,22,43,18,59,27,34,30,30,30,53,28,28,28,19,42,26,0,0],"gold":103,"neow_bonus":"RANDOM_COLORLESS_2","is_daily":false,"chose_seed":false,"campfire_upgraded":0,"win_rate":0.0,"timestamp":1613266415,"path_taken":["M","M","M","?","?","E","?","R","T","R","E","?","M","M","R","BOSS","M","$","?","?","$","R","E","M","T","M","R","?","E"],"items_purchased_type":["Relic","Relic"],"build_version":"2020-12-22","purchased_purges":1,"victory":false,"max_hp_per_floor":[72,72,72,72,72,72,72,72,72,72,72,72,72,72,72,72,72,72,79,79,79,79,79,79,79,79,79,79,79,79,79],"card_choices":[{"not_picked":["Sadistic Nature","The Bomb"],"picked":"Mayhem","floor":0.0},{"not_picked":["ForeignInfluence","BowlingBash","EmptyFist"],"picked":"SKIP","floor":1.0},{"not_picked":["EmptyFist","JustLucky","CrushJoints"],"picked":"SKIP","floor":2.0},{"not_picked":["InnerPeace","Protect","Adaptation"],"picked":"SKIP","floor":3.0},{"not_picked":["Wallop","JustLucky"],"picked":"Consecrate","floor":5.0},{"not_picked":["SashWhip","EmptyFist"],"picked":"DevaForm","floor":6.0},{"not_picked":["Sanctity","Protect","Indignation"],"picked":"SKIP","floor":11.0},{"not_picked":["Wallop","CrushJoints"],"picked":"CarveReality","floor":13.0},{"not_picked":["Pray","CutThroughFate"],"picked":"Worship","floor":14},{"not_picked":["Alpha","Blasphemy"],"picked":"SpiritShield","floor":16},{"not_picked":["WheelKick+1","FearNoEvil"],"picked":"Worship","floor":18},{"not_picked":["WaveOfTheHand","Wireheading+1"],"picked":"FlurryOfBlows","floor":24},{"not_picked":["Consecrate","Indignation"],"picked":"EmptyMind+1","floor":25},{"not_picked":["Study","ClearTheMind+1"],"picked":"FlurryOfBlows+1","floor":27}],"player_experience":984665,"relics_obtained":[{"floor":6.0,"key":"Mummified Hand"},{"floor":9.0,"key":"CeramicFish"},{"floor":11.0,"key":"Akabeko"},{"floor":21,"key":"Lantern"},{"floor":24,"key":"Unceasing Top"},{"floor":26,"key":"Molten Egg 2"},{"floor":29,"key":"Necronomicon"}],"event_choices":[{"damage_healed":15.0,"max_hp_gain":0.0,"max_hp_loss":0.0,"gold_gain":0.0,"event_name":"Wheel of Change","player_choice":"Full Heal","floor":4.0,"gold_loss":0.0,"damage_taken":0.0},{"damage_healed":0.0,"max_hp_gain":0.0,"max_hp_loss":0.0,"gold_gain":75.0,"event_name":"World of Goop","player_choice":"Gather Gold","floor":7.0,"gold_loss":0.0,"damage_taken":11.0},{"damage_healed":0.0,"max_hp_gain":0.0,"max_hp_loss":0.0,"gold_gain":0.0,"event_name":"Shining Light","player_choice":"Entered Light","floor":12.0,"gold_loss":0.0,"damage_taken":14.0,"cards_upgraded":["Mayhem","Defend_P"]},{"damage_healed":0,"gold_gain":0,"player_choice":"Fought Bandits","damage_taken":0,"max_hp_gain":0,"max_hp_loss":0,"event_name":"Masked Bandits","floor":20,"gold_loss":0},{"damage_healed":0,"gold_gain":0,"player_choice":"Obtained Book","damage_taken":16,"max_hp_gain":0,"max_hp_loss":0,"event_name":"Cursed Tome","floor":29,"gold_loss":0}],"is_beta":false,"boss_relics":[{"not_picked":["Coffee Dripper","Runic Dome"],"picked":"SacredBark"}],"items_purged_floors":[19],"is_endless":false,"potions_floor_spawned":[1,2,11,13,14,24,25,27],"killed_by":"Slavers","ascension_level":11}}