{"host":"knk89g45d3vzr5fm","time":1613314843,"event":{"mods":["2.2 Compatiblity","BaseMod","Downfall","Minty Spire (QoL Compilation)","Relic Stats","Reliquary","Replay The Spire","StSLib","The Marked"],"gold_per_floor":[99,114,125,135,135,135,215,232,232,232,16,41,61,86,98,229,229,229,245,291,340,353,353,353,353],"floor_reached":23,"language":"FRA","playtime":1931,"items_purged":[],"score":347,"play_id":"3d8359f3-ab68-492a-875f-4ca5f4c64552","local_time":"20210214160043","is_ascension_mode":true,"campfire_choices":[{"data":"sneckomod:Rotation","floor":10,"key":"SMITH"},{"floor":18,"key":"DIG"}],"circlet_count":0,"master_deck":["sneckomod:TailWhip","sneckomod:SnekBite+1","sneckomod:Unknown","sneckomod:Unknown","sneckomod:Nope","sneckomod:Unknown1Cost","sneckomod:SoulCleanse+1","sneckomod:SoulRoll","downfall:Malfunctioning","sneckomod:Rotation+1","sneckomod:CheapStock+1","sneckomod:UnknownRareAttack","sneckomod:UnknownRareSkill","sneckomod:UnknownRarePower","sneckomod:MorePower","Wish+1","sneckomod:UnknownDexterity+1","sneckomod:UnknownRarePower","sneckomod:UnknownClassSLIMEBOUND","sneckomod:SlitherStrike","sneckomod:UnknownClassSLIMEBOUND","sneckomod:SoulDraw","sneckomod:SoulExchange","sneckomod:UnknownDexterity+1","sneckomod:CheapStock+1","sneckomod:Nope+1","sneckomod:UnknownDraw+1","sneckomod:QuickMove"],"relics":["expansioncontent:StudyCardRelic","reliquary:TridentHead","sneckomod:RareBoosterPack","Replay:Ringing Soul","Quantum Egg","Pandora\u0027s Box","Gambling Chip"],"acts_visited":["Exordium","TheCity"],"potions_floor_usage":[15,16,16,16,19,21],"damage_taken":[{"damage":7,"enemies":"Small Slimes","floor":2,"turns":4},{"damage":0,"enemies":"2 Louse","floor":3,"turns":2},{"damage":0,"enemies":"Cultist","floor":4,"turns":3},{"damage":8,"enemies":"Exordium Wildlife","floor":8,"turns":4},{"damage":17,"enemies":"downfall:FleeingMerchant","floor":11,"turns":4},{"damage":33,"enemies":"3 Sentries","floor":12,"turns":12},{"damage":0,"enemies":"3 Louse","floor":13,"turns":2},{"damage":12,"enemies":"Lagavulin","floor":14,"turns":6},{"damage":11,"enemies":"2 Fungi Beasts","floor":15,"turns":3},{"damage":28,"enemies":"SI_SHIV_ARCHETYPE","floor":16,"turns":8},{"damage":14,"enemies":"downfall:LooterAlt2","floor":19,"turns":3},{"damage":50,"enemies":"Shell Parasite","floor":20,"turns":4},{"damage":2,"enemies":"Centurion and Healer","floor":21,"turns":5},{"damage":35,"enemies":"Cultist and Chosen","floor":22,"turns":8},{"damage":7,"enemies":"Replay:Snechameleon","floor":23,"turns":1}],"seed_played":"-7511287757222281990","potions_obtained":[{"floor":2,"key":"SteroidPotion"},{"floor":9,"key":"Languid Potion"},{"floor":9,"key":"PowerPotion"},{"floor":15,"key":"Energy Potion"},{"floor":16,"key":"AttackPotion"},{"floor":20,"key":"Swift Potion"}],"is_trial":false,"path_per_floor":["R","M","M","M","?","?","T","M","?","R","$","E","M","E","M","B",null,"R","M","M","M","M","E"],"character_chosen":"THE_SNECKO","items_purchased":["sneckomod:CheapStock+1","sneckomod:RareBoosterPack"],"campfire_rested":0,"item_purchase_floors":[11,11],"current_hp_per_floor":[81,74,74,74,74,79,79,71,71,71,74,44,47,38,30,5,87,87,73,26,27,5,0,0,0],"gold":353,"neow_bonus":"BOSS_RELIC","is_daily":false,"chose_seed":false,"campfire_upgraded":1,"win_rate":0.0,"timestamp":1613314843,"path_taken":["R","M","M","M","?","?","T","M","?","R","$","E","M","E","M","BOSS","R","M","M","M","M","E"],"items_purchased_type":["Card","Relic"],"build_version":"2020-12-22","purchased_purges":0,"victory":false,"max_hp_per_floor":[90,90,90,90,90,95,95,95,95,95,95,98,101,104,107,110,113,113,113,116,119,122,122,122,122],"relic_stats":{"counters":[15,68],"Gambling Chip":[17],"Pandora\u0027s Box":["sneckomod:UnknownClassSLIMEBOUND","sneckomod:SlitherStrike","sneckomod:UnknownClassSLIMEBOUND","sneckomod:SoulDraw","sneckomod:SoulExchange"],"obtain_stats":[{"reliquary:TridentHead":7,"Replay:Ringing Soul":12,"Quantum Egg":14,"Gambling Chip":18,"Pandora\u0027s Box":17,"expansioncontent:StudyCardRelic":0,"sneckomod:SneckoSoul":0,"sneckomod:RareBoosterPack":11},{"reliquary:TridentHead":3,"Replay:Ringing Soul":6,"Quantum Egg":8,"Gambling Chip":10,"Pandora\u0027s Box":10,"expansioncontent:StudyCardRelic":0,"sneckomod:SneckoSoul":0,"sneckomod:RareBoosterPack":5},{"reliquary:TridentHead":9,"Replay:Ringing Soul":29,"Quantum Egg":37,"Gambling Chip":48,"Pandora\u0027s Box":48,"expansioncontent:StudyCardRelic":0,"sneckomod:SneckoSoul":0,"sneckomod:RareBoosterPack":17}]},"card_choices":[{"not_picked":["sneckomod:UnknownClassMARKED_PURPLE_COLOR","sneckomod:UnknownClassGUARDIAN"],"picked":"sneckomod:Unknown1Cost","floor":2},{"not_picked":["sneckomod:SerpentIdol","sneckomod:UnknownCommonSkill"],"picked":"sneckomod:SoulCleanse","floor":3},{"not_picked":["sneckomod:QuickBite","sneckomod:IronFang"],"picked":"sneckomod:SoulRoll","floor":4},{"not_picked":["sneckomod:UnknownClassTHE_BRONZE_AUTOMATON","sneckomod:ImprovisedAttack"],"picked":"sneckomod:Rotation","floor":8},{"not_picked":["sneckomod:IronFang","sneckomod:UnknownVulnerable","sneckomod:UnknownClassSLIMEBOUND"],"picked":"SKIP","floor":11},{"not_picked":["sneckomod:UnknownClassTHE_BRONZE_AUTOMATON","sneckomod:Nope"],"picked":"sneckomod:MorePower","floor":12},{"not_picked":["sneckomod:UnknownClassMARKED_PURPLE_COLOR","sneckomod:SerpentIdol"],"picked":"sneckomod:Memorize","floor":13},{"not_picked":["sneckomod:UnknownClassPURPLE+1","sneckomod:UnknownBoss+1"],"picked":"sneckomod:UnknownStrength+1","floor":14},{"not_picked":["sneckomod:UnknownExhaust","sneckomod:UnknownCommonSkill","sneckomod:DefensiveFlair"],"picked":"SKIP","floor":14},{"not_picked":["sneckomod:DiceBlock","sneckomod:UnknownCommonSkill","sneckomod:Cheat"],"picked":"SKIP","floor":15},{"not_picked":["sneckomod:UnknownClassHEXA_GHOST_PURPLE+1","sneckomod:UnknownClassRED+1"],"picked":"sneckomod:UnknownDexterity+1","floor":16},{"not_picked":["sneckomod:SoulExchange","sneckomod:Unknown3Cost"],"picked":"sneckomod:UnknownRarePower","floor":16},{"not_picked":["sneckomod:SerpentIdol","sneckomod:DiceBoulder","sneckomod:QuickBite"],"picked":"SKIP","floor":19},{"not_picked":["sneckomod:UnknownVulnerable+1","sneckomod:UnknownColorless+1"],"picked":"sneckomod:UnknownDexterity+1","floor":20},{"not_picked":["sneckomod:UnknownClassGREEN","sneckomod:DiceBlock+1"],"picked":"sneckomod:CheapStock+1","floor":20},{"not_picked":["sneckomod:UnknownCommonSkill","sneckomod:UnknownUncommonSkill"],"picked":"sneckomod:Nope+1","floor":21},{"not_picked":["sneckomod:Unknown0Cost+1","sneckomod:UnknownColorless+1"],"picked":"sneckomod:UnknownDraw+1","floor":22},{"not_picked":["sneckomod:UnknownClassGREEN","sneckomod:UnknownBlock+1"],"picked":"sneckomod:QuickMove","floor":22}],"player_experience":2152853,"relics_obtained":[{"floor":7,"key":"reliquary:TridentHead"},{"floor":12,"key":"Replay:Ringing Soul"},{"floor":14,"key":"Quantum Egg"},{"floor":18,"key":"Gambling Chip"}],"event_choices":[{"damage_healed":0,"gold_gain":0,"player_choice":"Donut","damage_taken":0,"max_hp_gain":5,"max_hp_loss":0,"event_name":"Big Fish","floor":6,"gold_loss":0},{"damage_healed":0,"gold_gain":0,"player_choice":"Got Potions","damage_taken":0,"max_hp_gain":0,"max_hp_loss":0,"event_name":"Lab","floor":9,"gold_loss":0}],"is_beta":false,"boss_relics":[{"not_picked":["ChewingGum","Empty Cage"],"picked":"Pandora\u0027s Box"}],"items_purged_floors":[],"is_endless":false,"potions_floor_spawned":[2,12,13,14,15,16,20],"killed_by":"Replay:Snechameleon","ascension_level":9}}