{"host":"dw8ij7emqco3quom","time":1613339597,"event":{"mods":["BaseMod","Minty Spire (QoL Compilation)"],"gold_per_floor":[114,114,124,424,34,69,69,104,104,104,104,167,13,87,87,190,190,204,254,269,319,339,339,364,95,119,119,119],"floor_reached":27,"language":"FRA","playtime":1353,"items_purged":["Defend_R"],"score":320,"play_id":"de761abd-5725-4479-88e7-11bb975911eb","local_time":"20210214225317","is_ascension_mode":true,"campfire_choices":[{"data":"Mayhem","floor":7.0,"key":"SMITH"},{"floor":10.0,"key":"REST"},{"data":"Perfected Strike","floor":15.0,"key":"SMITH"},{"floor":23.0,"key":"REST"}],"circlet_count":0,"master_deck":["Strike_R+1","Strike_R","Strike_R+1","Strike_R","Defend_R","Defend_R","Bash","Immolate","Finesse","Flame Barrier","Feed","Mayhem+1","Ghostly Armor","Headbutt","Twin Strike","Pommel Strike","Perfected Strike+1","Limit Break","Fire Breathing","Shame","Warcry+1","Decay","Perfected Strike","Wild Strike+1","Intimidate+1","Rage"],"relics":["Burning Blood","Old Coin","Blood Vial","Whetstone","Orichalcum","Matryoshka","SsserpentHead","Orrery","Blue Candle","Empty Cage","Dream Catcher","Bag of Preparation","Singing Bowl","Omamori","MealTicket"],"acts_visited":[],"potions_floor_usage":[],"damage_taken":[{"damage":0.0,"enemies":"2 Louse","floor":1.0,"turns":1.0},{"damage":0.0,"enemies":"Cultist","floor":3.0,"turns":2.0},{"damage":24.0,"enemies":"3 Sentries","floor":6.0,"turns":7.0},{"damage":18.0,"enemies":"Lagavulin","floor":8.0,"turns":7.0},{"damage":0.0,"enemies":"Small Slimes","floor":12.0,"turns":2.0},{"damage":44.0,"enemies":"The Guardian","floor":16.0,"turns":10.0},{"damage":20.0,"enemies":"Spheric Guardian","floor":18.0,"turns":4.0},{"damage":7.0,"enemies":"Chosen","floor":20.0,"turns":4.0},{"damage":17.0,"enemies":"Snake Plant","floor":22.0,"turns":4.0},{"damage":68.0,"enemies":"Book of Stabbing","floor":24.0,"turns":6.0},{"damage":30,"enemies":"Slavers","floor":27,"turns":3}],"seed_played":"5893826439204198928","potions_obtained":[{"floor":12.0,"key":"SpeedPotion"},{"floor":20.0,"key":"Strength Potion"},{"floor":22.0,"key":"Dexterity Potion"}],"is_trial":false,"path_per_floor":["M","?","M","?","$","E","R","E","T","R","?","M","$","T","R","B",null,"M","?","M","?","M","R","E","$","T","E"],"character_chosen":"IRONCLAD","items_purchased":["Mayhem","Blood Vial","Orrery","Rage","Singing Bowl"],"campfire_rested":2,"item_purchase_floors":[5,5,13,25,25],"current_hp_per_floor":[78,78,80,80,80,65,65,55,55,79,79,86,86,86,86,48,77,65,65,66,66,57,82,22,22,22,0,0],"gold":119,"neow_bonus":"ONE_RANDOM_RARE_CARD","is_daily":false,"chose_seed":false,"campfire_upgraded":2,"win_rate":0.0,"timestamp":1613339597,"path_taken":["M","?","?","?","?","E","R","E","T","R","?","?","$","?","R","BOSS","M","?","M","?","M","R","E","?","T","E"],"items_purchased_type":["Card","Relic","Relic","Card","Relic"],"build_version":"2020-12-22","purchased_purges":1,"victory":false,"max_hp_per_floor":[80,80,80,80,80,83,83,83,83,83,83,86,86,86,86,86,86,86,86,86,86,86,86,86,86,86,86,86],"card_choices":[{"not_picked":["Warcry","Iron Wave"],"picked":"Headbutt","floor":1.0},{"not_picked":["Body Slam","Reckless Charge","Entrench"],"picked":"SKIP","floor":3.0},{"not_picked":["Offering","Pummel","Havoc"],"picked":"SKIP","floor":6.0},{"not_picked":["Brutality","Clash"],"picked":"Ghostly Armor","floor":8.0},{"not_picked":["Pummel","Pommel Strike"],"picked":"Headbutt","floor":12.0},{"not_picked":["Heavy Blade","Warcry"],"picked":"Twin Strike","floor":13.0},{"not_picked":["Juggernaut","Clash"],"picked":"Pommel Strike","floor":13.0},{"not_picked":["Clothesline","Anger"],"picked":"Perfected Strike","floor":13.0},{"not_picked":["Fiend Fire","Corruption"],"picked":"Limit Break","floor":16.0},{"not_picked":["Havoc","Rupture"],"picked":"Fire Breathing","floor":18.0},{"not_picked":["True Grit+1","Sentinel"],"picked":"Warcry+1","floor":20.0},{"not_picked":["Sever Soul","Battle Trance"],"picked":"Perfected Strike","floor":22.0},{"not_picked":["Carnage","Cleave"],"picked":"Wild Strike+1","floor":23.0},{"not_picked":["Clash+1","Feel No Pain"],"picked":"Intimidate+1","floor":24.0}],"player_experience":736115,"relics_obtained":[{"floor":6.0,"key":"Whetstone"},{"floor":8.0,"key":"Orichalcum"},{"floor":9.0,"key":"Matryoshka"},{"floor":14.0,"key":"Blue Candle"},{"floor":24.0,"key":"Bag of Preparation"},{"floor":26.0,"key":"Omamori"},{"floor":26.0,"key":"MealTicket"}],"event_choices":[{"damage_healed":0.0,"max_hp_gain":0.0,"max_hp_loss":0.0,"gold_gain":0.0,"event_name":"Match and Keep!","player_choice":"3 cards matched","floor":2.0,"gold_loss":0.0,"damage_taken":0.0,"cards_obtained":["Finesse","Flame Barrier","Feed"]},{"cards_removed":["Headbutt"],"damage_healed":0.0,"max_hp_gain":0.0,"max_hp_loss":0.0,"gold_gain":0.0,"event_name":"WeMeetAgain","player_choice":"Gave Card","floor":4.0,"gold_loss":0.0,"damage_taken":0.0,"relics_obtained":["Old Coin"]},{"damage_healed":0.0,"max_hp_gain":0.0,"max_hp_loss":0.0,"gold_gain":0.0,"event_name":"FaceTrader","player_choice":"Trade","floor":11.0,"gold_loss":0.0,"damage_taken":0.0,"relics_obtained":["SsserpentHead"]},{"damage_healed":0.0,"max_hp_gain":0.0,"max_hp_loss":0.0,"gold_gain":0.0,"event_name":"Addict","player_choice":"Stole Relic","floor":19.0,"gold_loss":0.0,"damage_taken":0.0,"relics_obtained":["Dream Catcher"],"cards_obtained":["Shame"]},{"damage_healed":0.0,"max_hp_gain":0.0,"max_hp_loss":0.0,"gold_gain":0.0,"event_name":"Forgotten Altar","player_choice":"Smashed Altar","floor":21.0,"gold_loss":0.0,"damage_taken":0.0,"cards_obtained":["Decay"]}],"is_beta":false,"boss_relics":[{"not_picked":["Snecko Eye","SacredBark"],"picked":"Empty Cage"}],"items_purged_floors":[5],"is_endless":false,"potions_floor_spawned":[12,20,22],"killed_by":"Slavers","ascension_level":7}}