{"host":"d7v3kvhe79blqf0r","time":1613284444,"event":{"mods":["ATMod(°¢èªMod)","Act Like it!","BaseMod","CapriCore","Dota2Spire","Downfall","Gensokyo","Koishi","Lobotomy","LobotomyExtend","Marisa£¨ìFÓê¡¡Ä§ÀíÉ³£©","Minty Spire (QoL Compilation)","MostiFishMod","Quick Restart","Replay The Spire","RumiaBox-Â¶Ã×æ«µÄÉñÃØºÐ×Ó","StSLib","The Alterego","The Immortal","UnlockEverythingMod","WarShipGirlsR/Õ½½¢ÉÙÅ®R mod","Yakumo Yukari mod","Youmu£¨»êÆÇÑýÃÎ£©","Yuyuko","¡¾ÒÅÎï¿¨ÅÆ¡¿REMEMod"],"gold_per_floor":[99,110,110,385,405,405,405,305,41,56,70,70,93,121,134,284,284,284,303,303,112,112,122,122,141,156,171,271,91,101,113,126,231,231,217,237,42,52,66,86,86,86,86,104,134,147,180,80,95,95,95,128,3,3,3,3],"floor_reached":57,"language":"ZHS","playtime":4052,"items_purged":["Guardian:Defend_Guardian","Voices","Guardian:ConstructionForm+1"],"score":1522,"play_id":"7273d512-7c35-47c6-a67d-e54e4bf5fb94","local_time":"20210214143404","is_ascension_mode":false,"campfire_choices":[{"floor":1,"key":"RECALL"},{"floor":8,"key":"REST"},{"data":"AT_KingSlayer","floor":12,"key":"SMITH"},{"floor":48,"key":"REST"},{"data":"Pot Of Greed","floor":54,"key":"SMITH"}],"circlet_count":0,"master_deck":["AT_KingSlayer+1","AT_PowerWithin+1","Guardian:PiercingHide+1","Guardian:ChargeCore+1","Guardian:ExploitGems+1","Guardian:SpikerProtocol+1","Guardian:ShieldCharger+1","Guardian:ArmoredProtocol+1","Gensokyo:AllTheWorldsEvil","Gensokyo:AllTheWorldsEvil","Guardian:HyperBeam_Guardian+1","Guardian:SpikerProtocol+1","Guardian:ShieldCharger+1","Guardian:TimeSifter+1","Guardian:PrismaticBarrier+1","Guardian:RevengeProtocol+1","expansioncontent:DashGenerateEvil+1","Guardian:DonusPower+1","Guardian:StasisStrike+1","Guardian:BronzeArmor+1","expansioncontent:StudyTheSpire+1","Guardian:ArmoredProtocol+1","Pot Of Greed+1","Pot Of Greed+1","Pot Of Greed+1","Guardian:SpikerProtocol+1","Guardian:TimeSifter+1","Guardian:Gem_Synthetic"],"relics":["Guardian:ModeShifter","AT_ATBox","REME_ComplimentaryCards","DaveBox","DSteel32","SentryEyes","downfall:HeartBlessingRed","Sling","Dota2Spire:Dagon","Kintsugi","Ring of Peace","ReplayTheSpireMod:Ring of Exchange","Divine Protection","AT_RabadonDeathcap","Mummified Hand","EasyGame_NEW","downfall:HeartBlessingBlue","ImprovedEquipment","PreservedInsect","Grinning Jar","downfall:HeartBlessingGreen","SumBook"],"acts_visited":["Exordium","TheCity","TheBeyond","TheEnding"],"potions_floor_usage":[11,19,19,33,33,33,50,50,56],"damage_taken":[{"damage":14,"enemies":"Small Slimes","floor":2,"turns":3},{"damage":4,"enemies":"Jaw Worm","floor":5,"turns":2},{"damage":3,"enemies":"downfall:FleeingMerchant","floor":9,"turns":4},{"damage":0,"enemies":"Cultist","floor":10,"turns":2},{"damage":0,"enemies":"3 Louse","floor":11,"turns":1},{"damage":0,"enemies":"Exordium Wildlife","floor":13,"turns":2},{"damage":1,"enemies":"Gremlin Nob","floor":14,"turns":2},{"damage":3,"enemies":"Exordium Thugs","floor":15,"turns":2},{"damage":1,"enemies":"SI_SHIV_ARCHETYPE","floor":16,"turns":4},{"damage":2,"enemies":"downfall:LooterAlt2","floor":19,"turns":2},{"damage":1,"enemies":"downfall:FleeingMerchant","floor":21,"turns":4},{"damage":0,"enemies":"3 Byrds","floor":23,"turns":2},{"damage":0,"enemies":"Snake Plant","floor":25,"turns":3},{"damage":0,"enemies":"Cultist and Chosen","floor":26,"turns":3},{"damage":0,"enemies":"Snecko","floor":27,"turns":2},{"damage":0,"enemies":"Colosseum Nobs","floor":28,"turns":2},{"damage":0,"enemies":"Shelled Parasite and Fungi","floor":30,"turns":4},{"damage":0,"enemies":"Centurion and Healer","floor":31,"turns":4},{"damage":0,"enemies":"Cultist and Chosen","floor":32,"turns":3},{"damage":0,"enemies":"DF_ARCHETYPE_CLAW","floor":33,"turns":2},{"damage":0,"enemies":"3 Darklings","floor":36,"turns":2},{"damage":0,"enemies":"Orb Walker","floor":38,"turns":3},{"damage":0,"enemies":"4 Shapes","floor":39,"turns":2},{"damage":0,"enemies":"Sphere and 2 Shapes","floor":40,"turns":1},{"damage":0,"enemies":"Transient","floor":44,"turns":5},{"damage":0,"enemies":"R_Hoarder","floor":45,"turns":4},{"damage":13,"enemies":"Jaw Worm Horde","floor":46,"turns":2},{"damage":1,"enemies":"Giant Head","floor":47,"turns":3},{"damage":0,"enemies":"Maw","floor":49,"turns":2},{"damage":0,"enemies":"IC_BLOCK_ARCHETYPE","floor":50,"turns":2},{"damage":0,"enemies":"downfall:CharBossMerchant","floor":52,"turns":3},{"damage":33,"enemies":"downfall:NeowBoss","floor":55,"turns":10},{"damage":23,"enemies":"downfall:NeowBossFinal","floor":56,"turns":8}],"seed_played":"792439508945981806","potions_obtained":[{"floor":11,"key":"Fruit Juice"},{"floor":13,"key":"Swift Potion"},{"floor":14,"key":"Weak Potion"},{"floor":15,"key":"AttackPotion"},{"floor":27,"key":"Dota2Spire:Clarity"},{"floor":28,"key":"LifebloodPotion"},{"floor":40,"key":"BlessingOfTheForge"},{"floor":44,"key":"Fire Potion"},{"floor":49,"key":"Strength Potion"}],"is_trial":false,"path_per_floor":["R","M","?","?","M","?","T","R","$","M","M","R","M","E","M","B",null,"R","M","?","$","?","M","T","M","M","M","?","$","M","M","M","B",null,"R","M","$","M","M","M","T","?","$","M","E","M","E","R","M","B",null,"E","$","R","B","B",null],"character_chosen":"GUARDIAN","items_purchased":["Guardian:Gem_Red","Sling","Guardian:Gem_Orange","Divine Protection","expansioncontent:DashGenerateEvil","expansioncontent:StudyTheSpire"],"campfire_rested":2,"item_purchase_floors":[9,9,21,21,29,37],"current_hp_per_floor":[88,74,56,56,52,52,52,78,75,75,80,80,80,79,76,75,93,93,91,91,90,90,90,90,90,90,90,90,90,90,90,90,90,93,103,103,103,103,103,103,103,103,103,103,103,90,89,103,103,103,103,103,103,103,70,47],"gold":3,"neow_bonus":"TEN_PERCENT_HP_BONUS","is_daily":false,"chose_seed":false,"campfire_upgraded":2,"win_rate":0.0,"timestamp":1613284444,"path_taken":["R","M","?","?","?","?","T","R","$","M","M","R","M","E","M","BOSS","R","M","?","$","?","M","T","M","M","?","?","$","M","M","M","BOSS","R","M","$","M","M","M","T","?","$","M","E","M","E","R","M","BOSS","E","$","R","BOSS","BOSS"],"items_purchased_type":["Card","Relic","Card","Relic","Card","Card"],"build_version":"2020-12-22","purchased_purges":3,"victory":true,"max_hp_per_floor":[88,88,88,88,88,88,88,88,88,88,93,93,93,93,93,93,93,93,93,93,93,93,93,93,93,93,93,93,93,93,93,93,93,93,103,103,103,103,103,103,103,103,103,103,103,103,103,103,103,103,103,103,103,103,103,103],"card_choices":[{"not_picked":["Guardian:PrismaticBarrier","Guardian:Gem_Crimson"],"picked":"Guardian:PiercingHide","floor":2},{"not_picked":["Guardian:WalkerClaw","Guardian:PrimingBeam"],"picked":"Guardian:ChargeCore","floor":5},{"not_picked":["Guardian:Incinerate","Guardian:Gem_Yellow"],"picked":"Guardian:ExploitGems","floor":9},{"not_picked":["Guardian:SentryBeam","Guardian:TimeCapacitor"],"picked":"Guardian:SpikerProtocol","floor":10},{"not_picked":["Guardian:Gem_Red","Guardian:ShieldSpikes"],"picked":"Guardian:ShieldCharger","floor":11},{"not_picked":["Guardian:TimeCapacitor","Guardian:ShieldCharger","Guardian:GuardianWhirl"],"picked":"SKIP","floor":13},{"not_picked":["Guardian:TemporalShield","Guardian:Gem_Green"],"picked":"Guardian:ArmoredProtocol","floor":14},{"not_picked":["Guardian:Recover","Guardian:ShieldSpikes"],"picked":"Guardian:Gem_Red","floor":15},{"not_picked":["Guardian:Gem_Synthetic","Guardian:ExploitGems"],"picked":"Guardian:Gem_Orange","floor":16},{"not_picked":["Guardian:TemporalShield","Guardian:BronzeOrb+1"],"picked":"Guardian:SpikerProtocol","floor":19},{"not_picked":["Guardian:Gem_Green","Guardian:Gem_Crimson"],"picked":"Guardian:ShieldCharger+1","floor":21},{"not_picked":["Guardian:RollAttack","Guardian:Gem_Red"],"picked":"Guardian:PrismaticBarrier+1","floor":23},{"not_picked":["Guardian:Recover","Guardian:RefractedBeam+1"],"picked":"Guardian:RevengeProtocol","floor":25},{"not_picked":["Guardian:Gem_Fragmented","Guardian:VentSteam","Guardian:Emergency"],"picked":"SKIP","floor":26},{"not_picked":["Guardian:Planning","Guardian:Gem_Lightblue"],"picked":"Guardian:Gem_Green","floor":27},{"not_picked":["Guardian:WalkerClaw","Guardian:FloatingOrbs+1"],"picked":"Guardian:Gem_Purple","floor":28},{"not_picked":["Guardian:SentryBeam","Guardian:Reroute+1"],"picked":"Guardian:DonusPower","floor":30},{"not_picked":["Guardian:ShieldSpikes","Guardian:ArmoredProtocol+1","Guardian:FloatingOrbs"],"picked":"SKIP","floor":31},{"not_picked":["Guardian:Gem_Lightblue","Guardian:MultiBeam+1","Guardian:Gem_Crimson"],"picked":"SKIP","floor":32},{"not_picked":["Guardian:TimeSifter","Guardian:ConstructionForm"],"picked":"Guardian:StasisStrike","floor":33},{"not_picked":["Guardian:FloatingOrbs","Guardian:WalkerClaw+1"],"picked":"Guardian:BronzeArmor+1","floor":36},{"not_picked":["Guardian:Gem_Cyan","Guardian:Recover","Guardian:RollAttack+1"],"picked":"SKIP","floor":38},{"not_picked":["Guardian:SentryBeam","Guardian:ArmoredProtocol","Guardian:Gem_Green"],"picked":"SKIP","floor":39},{"not_picked":["Guardian:CrystalBeam+1","Guardian:BaubleBeam","Guardian:EvasiveProtocol"],"picked":"SKIP","floor":40},{"not_picked":["Guardian:Incinerate","Guardian:VentSteam+1","Guardian:CrystalBeam"],"picked":"SKIP","floor":44},{"not_picked":["Guardian:TemporalStrike+1","Guardian:PrismaticBeam+1"],"picked":"Guardian:ArmoredProtocol","floor":45},{"not_picked":["Guardian:Gem_Purple","Guardian:TemporalStrike","Guardian:Reroute+1"],"picked":"SKIP","floor":46},{"not_picked":["Guardian:HyperBeam_Guardian","Guardian:VentSteam"],"picked":"Guardian:SpikerProtocol","floor":47},{"not_picked":["Guardian:Incinerate+1","Guardian:BronzeOrb+1","Guardian:PrismaticBeam"],"picked":"SKIP","floor":49},{"not_picked":["Guardian:RollAttack+1","Guardian:Emergency+1","Guardian:VentSteam+1"],"picked":"SKIP","floor":52}],"player_experience":94010,"relics_obtained":[{"floor":7,"key":"REME_ArchaeologicalTools"},{"floor":14,"key":"Dota2Spire:Dagon"},{"floor":20,"key":"Ring of Peace"},{"floor":20,"key":"ReplayTheSpireMod:Ring of Exchange"},{"floor":28,"key":"AT_RabadonDeathcap"},{"floor":28,"key":"Mummified Hand"},{"floor":41,"key":"ImprovedEquipment"},{"floor":45,"key":"PreservedInsect"},{"floor":47,"key":"Grinning Jar"},{"floor":52,"key":"SumBook"}],"event_choices":[{"damage_healed":0,"gold_gain":0,"player_choice":"Success","damage_taken":18,"relics_obtained":["SentryEyes"],"max_hp_gain":0,"max_hp_loss":0,"event_name":"Scrap Ooze","floor":3,"gold_loss":0}],"is_beta":false,"boss_relics":[{"not_picked":["Painkiller Herb","ExusiaiGun"],"picked":"Kintsugi"},{"not_picked":["Guide Book","DiscerningMonocle"],"picked":"EasyGame_NEW"}],"items_purged_floors":[9,21,53],"is_endless":false,"potions_floor_spawned":[11,13,14,15,23,26,27,28,30,38,40,44,49],"ascension_level":0}}