{"host":"3fvqec7g2448bgbh","time":1613343856,"event":{"mods":["AchievementEnabler","Aspiration","BaseMod","Colored Map","Colored Powertips","Conspire","DeckTracker","GifTheSpireLib","Highlight Path","Hubris","Infinite Spire","Minty Spire (QoL Compilation)","Permanent Neow","Rare Cards Sparkle","Relic Sorter","Spicy Shops","StSLib","Stuff the Spire","Together in Spire"],"gold_per_floor":[112,34,53,71,90,90,106,106,106,126,161,161,161,174,174,272,272,286,304,304,316,326,326,342,357,357,357,357,357,357,371,371,470,470,487,240,290,290,290,290,317,88,88,88,106,106,126,144,144,144,144],"floor_reached":50,"language":"ENG","playtime":6296,"items_purged":[],"score":574,"play_id":"c14b9819-6803-4425-ad96-5ba029479b57","local_time":"20210215070416","is_ascension_mode":false,"campfire_choices":[{"data":"Hello World","floor":6,"key":"SMITH"},{"data":"Redo","floor":8,"key":"SMITH"},{"floor":15,"key":"REST"},{"floor":23,"key":"REST"},{"floor":32,"key":"REST"},{"data":"Electrodynamics","floor":40,"key":"SMITH"},{"floor":44,"key":"REST"},{"data":"conspire:Banana","floor":46,"key":"SMITH"},{"floor":49,"key":"REST"}],"circlet_count":0,"master_deck":["Strike_B","Strike_B","Strike_B","Defend_B","Defend_B","Defend_B","Zap+1","Dualcast","Fusion","Hello World+1","StuffTheSpire:Rend","Redo+1","Fusion","Capacitor","Cold Snap","StuffTheSpire:Innocence","Leap","Echo Form","CurseOfTheBell","Reinforced Body+1","Leap","Ball Lightning+1","BootSequence","Barrage+1","Hologram","Defend_B","conspire:SharedLibrary+1","Electrodynamics+1","Auto Shields+1","conspire:Banana+1","Beam Cell+1","Leap","Jack Of All Trades","Defragment","Genetic Algorithm+1"],"relics":["Cracked Core","hubris:DeckOfHolding","Bag of Preparation","infinitespire:CheckeredPen","Odd Mushroom","conspire:Flyswatter","hubris:Metronome","Calling Bell","hubris:GlazedTorus","conspire:DecoderRing","aspiration:ChemicalBlood","aspiration:RitualStick","hubris:ScarierMask","Anchor","aspiration:MysteriousAuxiliaryCore","Happy Flower","hubris:BallOfYels","infinitespire:Bottled Soul"],"acts_visited":["Exordium","TheCity","TheBeyond"],"potions_floor_usage":[31,35,41,48,48,48,48,48,50],"damage_taken":[{"damage":4,"enemies":"2 Louse","floor":1,"turns":2},{"damage":0,"enemies":"Small Slimes","floor":3,"turns":3},{"damage":0,"enemies":"Cultist","floor":4,"turns":2},{"damage":11,"enemies":"3 Louse","floor":5,"turns":3},{"damage":0,"enemies":"2 Fungi Beasts","floor":7,"turns":3},{"damage":18,"enemies":"The Mushroom Lair","floor":10,"turns":5},{"damage":20,"enemies":"Gremlin Nob","floor":11,"turns":3},{"damage":0,"enemies":"Looter","floor":14,"turns":2},{"damage":0,"enemies":"Slime Boss","floor":16,"turns":6},{"damage":0,"enemies":"Chosen","floor":18,"turns":3},{"damage":1,"enemies":"Shell Parasite","floor":19,"turns":4},{"damage":27,"enemies":"Centurion and Healer","floor":21,"turns":4},{"damage":11,"enemies":"Snake Plant","floor":22,"turns":3},{"damage":0,"enemies":"Snecko","floor":24,"turns":4},{"damage":7,"enemies":"Centurion and Healer","floor":25,"turns":5},{"damage":11,"enemies":"Snake Plant","floor":31,"turns":3},{"damage":41,"enemies":"hubris:MusketHawk","floor":33,"turns":7},{"damage":19,"enemies":"3 Darklings","floor":35,"turns":3},{"damage":0,"enemies":"Mind Bloom Boss Battle","floor":37,"turns":6},{"damage":67,"enemies":"Nemesis","floor":41,"turns":6},{"damage":0,"enemies":"Orb Walker","floor":45,"turns":3},{"damage":0,"enemies":"Jaw Worm Horde","floor":47,"turns":2},{"damage":37,"enemies":"Transient","floor":48,"turns":8},{"damage":40,"enemies":"infinitespire:MassOfShapes","floor":50,"turns":5}],"seed_played":"3122065611967087409","potions_obtained":[{"floor":4,"key":"DuplicationPotion"},{"floor":11,"key":"DuplicationPotion"},{"floor":16,"key":"FairyPotion"},{"floor":35,"key":"SteroidPotion"},{"floor":41,"key":"Block Potion"},{"floor":45,"key":"Fire Potion"},{"floor":48,"key":"SkillPotion"},{"floor":48,"key":"ColorlessPotion"}],"is_trial":false,"path_per_floor":["M","$","M","M","M","R","M","R","T","?","E","?","?","M","R","B",null,"M","M","?","M","M","R","M","M","T","?","?","?","?","M","R","B",null,"M","$","?","?","?","R","E","$","T","R","M","R","M","M","R","B"],"character_chosen":"DEFECT","items_purchased":["Bag of Preparation","Anchor","conspire:Banana","hubris:BallOfYels","Jack Of All Trades"],"campfire_rested":5,"item_purchase_floors":[2,36,36,42,42],"current_hp_per_floor":[71,71,71,71,60,60,60,60,60,42,22,15,15,15,37,37,75,75,74,74,47,36,58,58,51,51,36,36,36,36,25,47,6,75,56,56,57,57,57,57,23,23,23,46,46,46,46,11,34,0,0],"gold":144,"neow_bonus":"UPGRADE_CARD","is_daily":false,"chose_seed":false,"campfire_upgraded":4,"win_rate":0.0,"timestamp":1613343856,"path_taken":["M","$","M","M","M","R","M","R","T","?","E","?","?","M","R","BOSS","M","M","?","?","M","R","M","M","T","?","?","?","?","?","R","BOSS","M","$","?","?","?","R","E","?","T","R","M","R","?","M","R","BOSS"],"items_purchased_type":["Relic","Relic","Card","Relic","Card"],"build_version":"2020-12-22","purchased_purges":0,"victory":false,"max_hp_per_floor":[75,75,75,75,75,75,75,75,75,75,75,75,75,75,75,75,75,75,75,75,75,75,75,75,75,75,75,75,75,75,75,75,75,75,75,75,76,76,76,76,77,77,77,77,77,77,77,79,79,81,81],"card_choices":[{"not_picked":["Heatsinks","Ball Lightning"],"picked":"Fusion","floor":1},{"not_picked":["Reprogram","Darkness"],"picked":"Hello World","floor":3},{"not_picked":["Darkness","Stack"],"picked":"StuffTheSpire:Rend","floor":4},{"not_picked":["StuffTheSpire:LoadUp","Hologram"],"picked":"Redo","floor":5},{"not_picked":["Reprogram","StuffTheSpire:Coldhearted"],"picked":"Fusion","floor":7},{"not_picked":["Conserve Battery","Stack"],"picked":"Capacitor","floor":10},{"not_picked":["Heatsinks","Capacitor"],"picked":"Cold Snap","floor":11},{"not_picked":["Blizzard","StuffTheSpire:SnapShoot"],"picked":"Leap","floor":14},{"not_picked":["StuffTheSpire:LaunchingStrike","hubris:SpecializedCircuitry"],"picked":"Echo Form","floor":16},{"not_picked":["hubris:PowerSurge","Chaos"],"picked":"Reinforced Body+1","floor":18},{"not_picked":["StuffTheSpire:LoadUp","Doom and Gloom"],"picked":"Leap","floor":19},{"not_picked":["Lockon","Rebound"],"picked":"Ball Lightning+1","floor":21},{"not_picked":["Steam","Conserve Battery"],"picked":"BootSequence","floor":22},{"not_picked":["StuffTheSpire:Rend","Scrape"],"picked":"Barrage+1","floor":24},{"not_picked":["Hello World","Darkness"],"picked":"Hologram","floor":25},{"not_picked":["Consume+1","Darkness"],"picked":"conspire:SharedLibrary+1","floor":31},{"not_picked":["Seek","hubris:Prefetch"],"picked":"Electrodynamics","floor":33},{"not_picked":["Compile Driver","Ball Lightning"],"picked":"Auto Shields+1","floor":35},{"not_picked":["StuffTheSpire:NuclearReactor","aspiration:Polymerization+1"],"picked":"Beam Cell+1","floor":37},{"not_picked":["Go for the Eyes","StuffTheSpire:SnapShoot+1"],"picked":"Leap","floor":41},{"not_picked":["Reprogram","StuffTheSpire:Purify","Darkness+1"],"picked":"SKIP","floor":45},{"not_picked":["Go for the Eyes","StuffTheSpire:LoadUp"],"picked":"Defragment","floor":47},{"not_picked":["Leap","Compile Driver"],"picked":"Genetic Algorithm+1","floor":48}],"player_experience":14384,"relics_obtained":[{"floor":9,"key":"infinitespire:CheckeredPen"},{"floor":10,"key":"Odd Mushroom"},{"floor":11,"key":"conspire:Flyswatter"},{"floor":13,"key":"hubris:Metronome"},{"floor":17,"key":"hubris:GlazedTorus"},{"floor":17,"key":"conspire:DecoderRing"},{"floor":17,"key":"aspiration:ChemicalBlood"},{"floor":26,"key":"hubris:DeckOfHolding"},{"floor":37,"key":"aspiration:MysteriousAuxiliaryCore"},{"floor":41,"key":"Happy Flower"},{"floor":43,"key":"infinitespire:Bottled Soul"}],"event_choices":[{"damage_healed":0,"gold_gain":0,"player_choice":"Fought Mushrooms","damage_taken":0,"max_hp_gain":0,"max_hp_loss":0,"event_name":"Mushrooms","floor":10,"gold_loss":0},{"damage_healed":0,"gold_gain":0,"player_choice":"Got Potions","damage_taken":0,"max_hp_gain":0,"max_hp_loss":0,"event_name":"Lab","floor":20,"gold_loss":0},{"damage_healed":0,"gold_gain":0,"player_choice":"Ignored","damage_taken":0,"max_hp_gain":0,"max_hp_loss":0,"event_name":"Vampires","floor":28,"gold_loss":0},{"cards_removed":["Defend_B"],"damage_healed":0,"gold_gain":0,"player_choice":"Took Card","damage_taken":0,"max_hp_gain":0,"max_hp_loss":0,"event_name":"NoteForYourself","floor":30,"gold_loss":0,"cards_obtained":["Defend_B"]},{"damage_healed":0,"gold_gain":0,"player_choice":"Fight","damage_taken":0,"max_hp_gain":0,"max_hp_loss":0,"event_name":"MindBloom","floor":37,"gold_loss":0},{"damage_healed":0,"gold_gain":0,"player_choice":"Leave","damage_taken":0,"max_hp_gain":0,"max_hp_loss":0,"event_name":"conspire:Investor","floor":38,"gold_loss":0},{"cards_removed":["Strike_B"],"damage_healed":0,"gold_gain":0,"player_choice":"Removed Attack","damage_taken":0,"max_hp_gain":0,"max_hp_loss":0,"event_name":"Falling","floor":39,"gold_loss":0}],"is_beta":false,"boss_relics":[{"not_picked":["conspire:SpecialSausage","aspiration:Stellarator"],"picked":"Calling Bell"},{"not_picked":["Snecko Eye","Busted Crown"],"picked":"hubris:ScarierMask"}],"items_purged_floors":[],"is_endless":false,"potions_floor_spawned":[4,11,16,21,22,25,33,37,45],"killed_by":"infinitespire:MassOfShapes","ascension_level":0}}