{"host":"qy1e0kd24tpj3i2m","time":1613334226,"event":{"mods":["Act Like it!","BaseMod","Better Skull","Better Vampires","Colored Map","Colored Powertips","Custom Start","Faster Ascension Climbing","Friendly Minions","GifTheSpireLib","Gremlin Skip","Highlight Path","Minty Spire (QoL Compilation)","Permanent Neow","Poor People Problems","Quick Restart","Red Circlet Mod","Relic Filter Mod","Relic Sorter","Reorder Act Four","SacredBarkPlus","Shop Mod","StSLib","SuperFastMode","Transform Curses","没有小屋子和绿帽子啦"],"gold_per_floor":[118,43,60,60,60,60,85,85,111,145,171,189,215,268,268,268,268],"floor_reached":16,"language":"ZHS","playtime":329,"items_purged":["Bash"],"score":282,"play_id":"f0b44a54-37c2-4e28-b8c7-3b0f532747bc","local_time":"20210215052346","is_ascension_mode":true,"campfire_choices":[{"data":"Seeing Red","floor":6.0,"key":"SMITH"},{"data":"Second Wind","floor":8.0,"key":"SMITH"},{"data":"Dark Embrace","floor":15.0,"key":"SMITH"}],"circlet_count":0,"master_deck":["AscendersBane","Strike_R","Strike_R","Strike_R","Strike_R","Strike_R","Defend_R","Defend_R","Defend_R","Seeing Red+1","Reckless Charge","Second Wind+1","Metallicize","Sword Boomerang","Dark Embrace+1"],"relics":["Burning Blood","NeowsBlessing","Juzu Bracelet","PreservedInsect","Vajra","Bronze Scales","Odd Mushroom","Strawberry"],"acts_visited":["Exordium"],"potions_floor_usage":[16],"damage_taken":[{"damage":0.0,"enemies":"Small Slimes","floor":1.0,"turns":1.0},{"damage":0.0,"enemies":"2 Louse","floor":3.0,"turns":1.0},{"damage":0.0,"enemies":"3 Sentries","floor":7.0,"turns":2.0},{"damage":31.0,"enemies":"Gremlin Nob","floor":10.0,"turns":4.0},{"damage":12.0,"enemies":"The Mushroom Lair","floor":11.0,"turns":4.0},{"damage":7.0,"enemies":"Jaw Worm","floor":12.0,"turns":4.0},{"damage":19.0,"enemies":"Lagavulin","floor":13.0,"turns":6.0},{"damage":51,"enemies":"Hexaghost","floor":16,"turns":9}],"seed_played":"-6432331501868463225","potions_obtained":[{"floor":7.0,"key":"Energy Potion"},{"floor":12.0,"key":"LiquidBronze"},{"floor":13.0,"key":"BloodPotion"}],"is_trial":false,"path_per_floor":["M","$","M","?","?","R","E","R","T","E","?","M","E","T","R","B"],"character_chosen":"IRONCLAD","items_purchased":[],"campfire_rested":0,"item_purchase_floors":[],"current_hp_per_floor":[74,74,75,70,63,63,69,69,69,44,38,37,47,47,47,0,0],"gold":268,"neow_bonus":"THREE_ENEMY_KILL","is_daily":false,"chose_seed":false,"campfire_upgraded":3,"win_rate":0.0,"timestamp":1613334226,"path_taken":["M","$","M","?","?","R","E","R","T","E","?","M","E","?","R","BOSS"],"items_purchased_type":[],"build_version":"2020-12-22","purchased_purges":1,"victory":false,"max_hp_per_floor":[75,75,75,75,75,75,75,75,75,75,75,75,82,82,82,82,82],"card_choices":[{"not_picked":["Perfected Strike","Wild Strike"],"picked":"Seeing Red","floor":1.0},{"not_picked":["Armaments","Thunderclap"],"picked":"Reckless Charge","floor":3.0},{"not_picked":["Armaments","Corruption"],"picked":"Second Wind","floor":7.0},{"not_picked":["Clothesline","Clash","Warcry"],"picked":"SKIP","floor":10.0},{"not_picked":["Ghostly Armor","Heavy Blade"],"picked":"Metallicize","floor":11.0},{"not_picked":["Twin Strike","Shockwave"],"picked":"Sword Boomerang","floor":12.0},{"not_picked":["Searing Blow","Warcry"],"picked":"Dark Embrace","floor":13.0}],"player_experience":1038032,"relics_obtained":[{"floor":7.0,"key":"PreservedInsect"},{"floor":9.0,"key":"Vajra"},{"floor":10.0,"key":"Bronze Scales"},{"floor":11.0,"key":"Odd Mushroom"},{"floor":13.0,"key":"Strawberry"}],"event_choices":[{"damage_healed":0.0,"max_hp_gain":0.0,"max_hp_loss":0.0,"gold_gain":0.0,"event_name":"Scrap Ooze","player_choice":"Success","floor":4.0,"gold_loss":0.0,"damage_taken":5.0,"relics_obtained":["Juzu Bracelet"]},{"cards_removed":["Defend_R"],"damage_healed":0.0,"max_hp_gain":0.0,"max_hp_loss":0.0,"gold_gain":0.0,"event_name":"Golden Wing","player_choice":"Card Removal","floor":5.0,"gold_loss":0.0,"damage_taken":7.0},{"damage_healed":0.0,"max_hp_gain":0.0,"max_hp_loss":0.0,"gold_gain":0.0,"event_name":"Mushrooms","player_choice":"Fought Mushrooms","floor":11.0,"gold_loss":0.0,"damage_taken":0.0}],"is_beta":false,"boss_relics":[],"items_purged_floors":[2],"is_endless":false,"potions_floor_spawned":[7,12,13],"killed_by":"Hexaghost","ascension_level":20}}