{"host":"v9ordiuf4xzdpttp","time":1613277702,"event":{"mods":["AchievementEnabler","Act Like it!","Aspiration","Bartender","BaseMod","Better Third Choice","Better Vampires","CCEM2","Colored Map","Gold Saver","Halation","Hermit","Hubris","Infinite Spire","Ironclad Rager","Jedi Mod","Marked Mod","Melee Mod","Minty Spire (QoL Compilation)","Quick Restart","Reliquary","Remove Card Discount Mod","Replay The Spire","SOS???????","Shop Mod","Small Relic Pack","Spicy Shops","StSLib","The Construct","The Death Knight","The Hierophant","The Runesmith","The Senshi","The Servant 0.9.4","The Showman","??????REMEMod"],"gold_per_floor":[1000,965,965,128,143,168,168,188,214,214,214,214,38,84,84,221,233,270,284,296,331,49,49,100,100,168,83,104,131,159,189,273,390,390,407,437,437,467,491,522,522,32,32,67,67,83,113,148,148,168],"floor_reached":51,"language":"ENG","playtime":4065,"items_purged":["Defend_R","Defend_R","Injury","Writhe","Defend_R","Defend_R","Thunderclap","Strike_R","Flex","DeathKnight:DancingRuneblade","Strike_R","Strike_R","Strike_R","Strike_R"],"score":1461,"play_id":"73560ae9-d999-4b2d-9da3-e70ece4cec50","local_time":"20210213234142","is_ascension_mode":true,"campfire_choices":[{"floor":7,"key":"REST"},{"data":"jedi:harder","floor":10,"key":"SMITH"},{"floor":15,"key":"DIG"},{"floor":23,"key":"REST"},{"data":"Offering","floor":25,"key":"SMITH"},{"floor":49,"key":"REST"}],"circlet_count":0,"master_deck":["Spot Weakness","Rage+1","ReplayTheSpireMod:Muscle Training","jedi:harder+1","Spot Weakness","Survivor","Neutralize","jedi:fear","Heavy Blade","Pommel Strike","Combust","REME_Scribble","Replay:Undeath\u0027s Touch","Offering+1","ReplayTheSpireMod:Stacked","Armaments","REME_FearOfPain","Berserk","infinitespire:OneForAll","REME_ACTH","Inflame","Warcry+1","Feed","Metallicize","Limit Break","Limit Break","REME_Scribble+1","Uppercut"],"relics":["Black Blood","REME_ComplimentaryCards","hubris:IronBody","Charon\u0027s Ashes","ReplayTheSpireMod:Spearhead","HandDrill","MerchantsRug","hubris:ToyBattleship","Cleaning_Rag","infinitespire:Midas Blood","Orrery","HornCleat","MawBank","aspiration:RitualStick","Garlic","aspiration:KaomsHeart"],"acts_visited":["Exordium","TheCity","TheBeyond"],"potions_floor_usage":[14,33,38,39,40,46],"damage_taken":[{"damage":11,"enemies":"Cultist","floor":1,"turns":4},{"damage":10,"enemies":"Small Slimes","floor":5,"turns":4},{"damage":31,"enemies":"Replay:BlueRogue","floor":6,"turns":5},{"damage":8,"enemies":"2 Louse","floor":8,"turns":2},{"damage":14,"enemies":"Lagavulin","floor":14,"turns":5},{"damage":31,"enemies":"Slime Boss","floor":16,"turns":8},{"damage":24,"enemies":"2 Thieves","floor":18,"turns":4},{"damage":15,"enemies":"3 Byrds","floor":21,"turns":5},{"damage":19,"enemies":"Gremlin Leader","floor":24,"turns":5},{"damage":10,"enemies":"Centurion and Healer","floor":28,"turns":3},{"damage":18,"enemies":"Snake Plant","floor":29,"turns":3},{"damage":11,"enemies":"Shelled Parasite and Fungi","floor":30,"turns":5},{"damage":28,"enemies":"Centurion and Healer","floor":31,"turns":5},{"damage":14,"enemies":"Pondfish","floor":33,"turns":6},{"damage":10,"enemies":"Orb Walker","floor":35,"turns":3},{"damage":13,"enemies":"3 Darklings","floor":36,"turns":4},{"damage":41,"enemies":"Maw","floor":38,"turns":8},{"damage":17,"enemies":"Spire Growth","floor":39,"turns":4},{"damage":24,"enemies":"Jaw Worm Horde","floor":40,"turns":5},{"damage":34,"enemies":"3 Darklings","floor":44,"turns":3},{"damage":8,"enemies":"Sphere and 2 Shapes","floor":46,"turns":4},{"damage":13,"enemies":"Maw","floor":47,"turns":5},{"damage":18,"enemies":"Transient","floor":48,"turns":5},{"damage":34,"enemies":"hubris:GrandSnecko","floor":50,"turns":6}],"seed_played":"-6613786416550187046","potions_obtained":[{"floor":1,"key":"Weak Potion"},{"floor":8,"key":"Fire Potion"},{"floor":21,"key":"LifebloodPotion"},{"floor":28,"key":"Strength Potion"},{"floor":38,"key":"Swift Potion"},{"floor":40,"key":"REME_GoldPotion"},{"floor":44,"key":"Swift Potion"},{"floor":48,"key":"SmokeBomb"}],"is_trial":false,"path_per_floor":["M","?","?","$","M","E","R","M","T","R","?","T","$","E","R_BF","B",null,"M","?","?","M","$","R","E","R","T","?","M","M","M","M","R_BF","B",null,"M","M","?","M","M","M","?","$","T","M","?","M","M","M","R","B",null],"character_chosen":"IRONCLAD","items_purchased":["ReplayTheSpireMod:Muscle Training","hubris:IronBody","Charon\u0027s Ashes","ReplayTheSpireMod:Spearhead","HandDrill","MerchantsRug","jedi:fear","Orrery","aspiration:KaomsHeart","Feed","Metallicize","Limit Break"],"campfire_rested":3,"item_purchase_floors":[4,4,4,4,4,4,13,13,22,42,42,42],"current_hp_per_floor":[67,80,80,80,76,51,75,73,73,73,73,73,73,67,67,44,74,64,47,47,46,146,188,183,183,183,183,185,181,184,170,170,170,191,193,194,194,167,164,152,152,152,152,132,132,139,146,145,211,189],"gold":168,"neow_bonus":"THREE_CARDS","is_daily":false,"chose_seed":false,"campfire_upgraded":2,"win_rate":0.0,"timestamp":1613277702,"path_taken":["M","?","?","$","M","E","R","M","T","R","?","?","?","E","R_BF","BOSS","M","?","?","M","$","R","E","R","T","?","?","M","M","M","R_BF","BOSS","M","M","?","M","M","M","?","$","T","M","?","M","?","M","R","BOSS"],"items_purchased_type":["Card","Relic","Relic","Relic","Relic","Relic","Card","Relic","Relic","Card","Card","Card"],"build_version":"2020-12-22","purchased_purges":14,"victory":true,"max_hp_per_floor":[80,80,80,80,80,80,80,80,80,80,80,80,80,82,82,84,84,86,86,86,88,188,188,190,190,190,190,190,192,194,196,196,198,198,198,200,200,202,204,204,204,204,204,206,206,209,217,222,222,222],"card_choices":[{"not_picked":["Twin Strike","Iron Wave"],"picked":"Spot Weakness","floor":0},{"not_picked":["Massacre","jedi:fear"],"picked":"Rage","floor":1},{"not_picked":["Body Slam","hubris:ReadiedAction"],"picked":"Iron Wave","floor":5},{"not_picked":["Cleave","Flex"],"picked":"jedi:harder","floor":6},{"not_picked":["Armaments","Warcry"],"picked":"Spot Weakness","floor":8},{"not_picked":["hubris:SharpeningStone","Disarm"],"picked":"Heavy Blade","floor":13},{"not_picked":["ReplayReversal","REME_FearOfPain"],"picked":"Pommel Strike","floor":13},{"not_picked":["Headbutt","Life Link"],"picked":"Combust","floor":13},{"not_picked":["Thunderclap","Sword Boomerang"],"picked":"REME_Scribble","floor":13},{"not_picked":["hubris:ReadiedAction","hubris:SharpeningStone"],"picked":"Replay:Undeath\u0027s Touch","floor":13},{"not_picked":["ReplayTheSpireMod:Strike From Hell","Iron Wave","ReplayTheSpireMod:Corrosion Curse"],"picked":"SKIP","floor":14},{"not_picked":["jedi:harder","jedi:bloodyhammer"],"picked":"Offering","floor":16},{"not_picked":["ReplayTheSpireMod:Strike From Hell","Pommel Strike"],"picked":"Flex","floor":18},{"not_picked":["Clothesline+1","Replay:Undeath\u0027s Touch"],"picked":"ReplayTheSpireMod:Stacked","floor":21},{"not_picked":["Sword Boomerang","Twin Strike"],"picked":"Armaments","floor":24},{"not_picked":["Wild Strike+1","Body Slam"],"picked":"REME_FearOfPain","floor":28},{"not_picked":["jedi:fear","Replay:Undeath\u0027s Touch"],"picked":"Berserk","floor":29},{"not_picked":["Shrug It Off","Clothesline"],"picked":"infinitespire:OneForAll","floor":30},{"not_picked":["Perfected Strike+1","Sword Boomerang"],"picked":"Thunderclap","floor":31},{"not_picked":["Hemogenesis","hubris:StunningStrike"],"picked":"REME_ACTH","floor":33},{"not_picked":["True Grit+1","Heavy Blade","Twin Strike"],"picked":"SKIP","floor":35},{"not_picked":["Clash","Clothesline","True Grit+1"],"picked":"SKIP","floor":36},{"not_picked":["Havoc","ReplayTheSpireMod:Limb From Limb"],"picked":"Warcry+1","floor":38},{"not_picked":["Impervious","Havoc","Run Through+1"],"picked":"SKIP","floor":39},{"not_picked":["Thunderclap+1","Headbutt","Abandon+1"],"picked":"SKIP","floor":40},{"not_picked":["Sword Boomerang+1","Impervious"],"picked":"REME_Scribble+1","floor":44},{"not_picked":["Infernal Blade","hubris:SharpeningStone+1","Clothesline+1"],"picked":"SKIP","floor":46},{"not_picked":["Sword Boomerang","Run Through+1"],"picked":"Uppercut","floor":47},{"not_picked":["Armaments+1","Wild Strike","Reckless Charge+1"],"picked":"SKIP","floor":48}],"player_experience":336236,"relics_obtained":[{"floor":6,"key":"hubris:ToyBattleship"},{"floor":9,"key":"Cleaning_Rag"},{"floor":12,"key":"infinitespire:Midas Blood"},{"floor":14,"key":"HornCleat"},{"floor":15,"key":"MawBank"},{"floor":24,"key":"aspiration:KMNothing"},{"floor":26,"key":"aspiration:KMNothing"},{"floor":43,"key":"aspiration:KMNothing"}],"event_choices":[{"damage_healed":20,"gold_gain":0,"player_choice":"Healed","damage_taken":0,"max_hp_gain":0,"max_hp_loss":0,"event_name":"The Cleric","floor":2,"gold_loss":35},{"damage_healed":0,"gold_gain":0,"player_choice":"Opened","damage_taken":0,"relics_obtained":["Garlic"],"max_hp_gain":0,"max_hp_loss":0,"event_name":"The Mausoleum","floor":20,"gold_loss":0,"cards_obtained":["Writhe"]},{"damage_healed":0,"gold_gain":0,"player_choice":"Obtained Relic","damage_taken":0,"relics_obtained":["aspiration:KMNothing"],"max_hp_gain":0,"max_hp_loss":0,"event_name":"Addict","floor":27,"gold_loss":85},{"cards_removed":["Iron Wave"],"damage_healed":0,"gold_gain":0,"player_choice":"Removed Attack","damage_taken":0,"max_hp_gain":0,"max_hp_loss":0,"event_name":"Falling","floor":45,"gold_loss":0}],"is_beta":false,"boss_relics":[{"not_picked":["SacredBark","aspiration:MobileForge"],"picked":"Black Blood"},{"not_picked":["aspiration:KMNothing","aspiration:KMNothing"],"picked":"aspiration:KMNothing"}],"items_purged_floors":[42,42,42,42,42,42,42,42,42,42,42,42,42,42],"is_endless":false,"potions_floor_spawned":[1,8,21,28,38,40,44,48],"ascension_level":9}}