{"host":"u0qetpmu4y58k1tf","time":1613285602,"event":{"mods":["100% Spire Juice","AchievementEnabler","Act Like it!","BaseMod","CapriCore","Colored Map","Colored Powertips","Hermit","Koishi","Marisa£¨Ùöéë¡¡Øª×âÞÞ£©","Minty Spire (QoL Compilation)","Quick Restart","Reliquary","Replay The Spire","StSLib","Td1madao Mod","The Bug Knight","The Cursed","The Dragon Tamer","The Gatherer","The Hierophant","The Immortal","The Jungle","The Runesmith","WarShipGirlsR/??á´Ò³R mod"],"gold_per_floor":[361,311,311,326,34,34,51,51,99,134,153,170,170,186,186,282,282,300,313,343,343,343],"floor_reached":21,"language":"KOR","playtime":1516,"items_purged":[],"score":181,"play_id":"5a9afc57-bc24-4e1d-8a50-d87de0a7b441","local_time":"20210214155322","is_ascension_mode":false,"campfire_choices":[{"data":"Iron Wave","floor":6,"key":"SMITH"},{"data":"HollowMod:SiblingsShadow","floor":15,"key":"SMITH"}],"circlet_count":0,"master_deck":["HollowMod:NailStrikeStart","HollowMod:QuickDashStart","HollowMod:QuickDashStart","HollowMod:QuickDashStart","HollowMod:FocusHealStart+1","HollowMod:PogoStrike","HollowMod:CloakDash","Iron Wave+1","HollowMod:SiblingsShadow+1","HollowMod:SharpenedShadows+1","HollowMod:VengefulVoid","HollowMod:BlackTendrils","HollowMod:ShadowDash","HollowMod:PerfectDash","HollowMod:SlysStrikes","HollowMod:CloakDash+1","HollowMod:CloakDash+1"],"relics":["HollowMod:VesselMask","Shuriken","HollowMod:MillibellesNoteRelic","Bronze Scales","Replay:Drink Me","Red Mask"],"acts_visited":["Exordium","TheCity"],"potions_floor_usage":[10,11,16,20],"damage_taken":[{"damage":6,"enemies":"Jaw Worm","floor":1,"turns":5},{"damage":0,"enemies":"Small Slimes","floor":4,"turns":4},{"damage":5,"enemies":"Cultist","floor":7,"turns":4},{"damage":29,"enemies":"3 Sentries","floor":10,"turns":9},{"damage":1,"enemies":"3 Louse","floor":11,"turns":2},{"damage":8,"enemies":"Exordium Wildlife","floor":12,"turns":3},{"damage":7,"enemies":"2 Fungi Beasts","floor":14,"turns":4},{"damage":64,"enemies":"Slime Boss","floor":16,"turns":12},{"damage":14,"enemies":"Spheric Guardian","floor":18,"turns":5},{"damage":22,"enemies":"Shell Parasite","floor":19,"turns":6},{"damage":45,"enemies":"Masked Bandits","floor":20,"turns":6},{"damage":17,"enemies":"Shelled Parasite and Fungi","floor":21,"turns":3}],"seed_played":"6244872612699799236","potions_obtained":[{"floor":4,"key":"Adrenaline Potion"},{"floor":7,"key":"Fire Potion"},{"floor":10,"key":"Fruit Juice"},{"floor":11,"key":"Block Potion"},{"floor":18,"key":"LiquidMemories"}],"is_trial":false,"path_per_floor":["M","?","?","M","$","R","M","$","T","E","M","M","?","M","R","B",null,"M","M","?","M"],"character_chosen":"THE_BUGKNIGHT","items_purchased":["Shuriken","HollowMod:SharpenedShadows+1"],"campfire_rested":0,"item_purchase_floors":[5,5],"current_hp_per_floor":[74,74,74,75,75,75,75,75,75,51,56,50,50,58,58,9,60,53,46,13,0,0],"gold":343,"neow_bonus":"TWO_FIFTY_GOLD","is_daily":false,"chose_seed":false,"campfire_upgraded":2,"win_rate":0.0,"timestamp":1613285602,"path_taken":["M","?","?","M","$","R","?","$","T","E","M","M","?","M","R","BOSS","M","M","?","M"],"items_purchased_type":["Relic","Card"],"build_version":"2020-12-22","purchased_purges":0,"victory":false,"max_hp_per_floor":[75,75,75,75,75,75,75,75,75,80,80,80,80,80,80,80,60,60,60,60,60,60],"card_choices":[{"not_picked":["HollowMod:NewGlowingWomb","HollowMod:SoulShaman"],"picked":"HollowMod:CloakDash","floor":1},{"not_picked":["HollowMod:CornifersMapStart","HollowMod:SiblingsSouls"],"picked":"HollowMod:SiblingsShadow","floor":4},{"not_picked":["HollowMod:InfectionAssault","HollowMod:PureNailStrike"],"picked":"HollowMod:VengefulVoid","floor":7},{"not_picked":["HollowMod:CornifersMapStart","HollowMod:AbyssShriek"],"picked":"HollowMod:BlackTendrils","floor":10},{"not_picked":["HollowMod:NewGlowingWomb","HollowMod:RecoilStrike"],"picked":"HollowMod:ShadowDash","floor":11},{"not_picked":["HollowMod:ChannelNail","HollowMod:InfectedCysts"],"picked":"HollowMod:PerfectDash","floor":12},{"not_picked":["HollowMod:ChannelNail","HollowMod:NewLittleFool","HollowMod:SharpenedNail"],"picked":"SKIP","floor":14},{"not_picked":["HollowMod:LifebloodCore","HollowMod:HornetsHelp"],"picked":"HollowMod:SlysStrikes","floor":16},{"not_picked":["HollowMod:SoulSplash","HollowMod:VengefulVoid"],"picked":"HollowMod:CloakDash+1","floor":18},{"not_picked":["HollowMod:VengefulVoid","HollowMod:MothsMistake"],"picked":"HollowMod:CloakDash+1","floor":19}],"player_experience":148378,"relics_obtained":[{"floor":9,"key":"HollowMod:MillibellesNoteRelic"},{"floor":10,"key":"Bronze Scales"},{"floor":20,"key":"Red Mask"}],"event_choices":[{"cards_removed":["ReplayTheSpireMod:Splinters"],"damage_healed":0,"gold_gain":0,"player_choice":"Card Removal","damage_taken":0,"max_hp_gain":0,"max_hp_loss":0,"event_name":"The Cleric","floor":2,"gold_loss":50},{"cards_removed":["HollowMod:QuickDashStart"],"damage_healed":0,"gold_gain":0,"player_choice":"Took Card","damage_taken":0,"max_hp_gain":0,"max_hp_loss":0,"event_name":"NoteForYourself","floor":3,"gold_loss":0,"cards_obtained":["Iron Wave"]},{"damage_healed":0,"gold_gain":0,"player_choice":"Fought Bandits","damage_taken":0,"max_hp_gain":0,"max_hp_loss":0,"event_name":"Masked Bandits","floor":20,"gold_loss":0}],"is_beta":false,"boss_relics":[{"not_picked":["reliquary:RedCape","Velvet Choker"],"picked":"Replay:Drink Me"}],"items_purged_floors":[],"is_endless":false,"potions_floor_spawned":[4,7,10,11,18],"killed_by":"Shelled Parasite and Fungi","ascension_level":0}}