{"host":"fnndj664xgd3vavt","time":1613322904,"event":{"mods":["AchievementEnabler","BaseMod","Colored Powertips","DeckTracker","Downfall","Hermit","Highlight Path","Infinite Spire","Marisa????????","Minty Spire (QoL Compilation)","Quick Restart","Random Character Button","Replay The Spire","StSLib","The Cursed","The Servant 0.9.4"],"gold_per_floor":[99,99,99,99,99,99,99,132,149,49,224,320,320,340,357,460,460,460,477,491,491,502,502,529,529,545,572,472,472,505,505,515,515,515,515],"floor_reached":33,"language":"ENG","playtime":1623,"items_purged":[],"score":321,"play_id":"d7971b25-eb5b-4b25-8011-c4940625ebdf","local_time":"20210214121504","is_ascension_mode":true,"campfire_choices":[{"floor":1,"key":"RECALL"},{"data":"Guardian:ChargeUp","floor":6,"key":"SMITH"},{"data":"Guardian:CompilePackage","floor":10,"key":"SMITH"},{"floor":13,"key":"REST"},{"floor":18,"key":"DIG"},{"data":"Guardian:Suspension","floor":23,"key":"SMITH"},{"floor":25,"key":"REST"},{"floor":28,"key":"REST"}],"circlet_count":0,"master_deck":["Guardian:Strike_Guardian","Guardian:Strike_Guardian","Guardian:Strike_Guardian","Guardian:Strike_Guardian","Guardian:Defend_Guardian","Guardian:Defend_Guardian","Guardian:Defend_Guardian","Guardian:Defend_Guardian","Guardian:CurlUp","Guardian:TwinSlam","Guardian:ChargeUp+1","Regret","Guardian:Planning","Guardian:CompilePackage+1","Guardian:ShieldCharger","Doubt","Guardian:Suspension+1","Guardian:TemporalStrike","Guardian:PiercingHide","Guardian:PrimingBeam","Guardian:GemFinder","Guardian:Incinerate","Guardian:Gem_Cyan","Guardian:Gem_Lightblue","Guardian:Gem_Red","Guardian:CrystalBeam+1"],"relics":["Guardian:ModeShifter","downfall:HeartsMalice","infinitespire:Golems Mask","Ornamental Fan","Simple Rune","downfall:HeartBlessingRed","Philosopher\u0027s Stone","infinitespire:Lucky Rock","MutagenicStrength","Boot","Centennial Puzzle","downfall:HeartBlessingGreen","infinitespire:Satchel"],"acts_visited":["Exordium","TheCity"],"potions_floor_usage":[],"damage_taken":[{"damage":0,"enemies":"Jaw Worm","floor":3,"turns":1},{"damage":0,"enemies":"Small Slimes","floor":5,"turns":1},{"damage":0,"enemies":"Gremlin Nob","floor":8,"turns":1},{"damage":16,"enemies":"2 Louse","floor":9,"turns":3},{"damage":2,"enemies":"2 Fungi Beasts","floor":14,"turns":4},{"damage":1,"enemies":"Blue Slaver","floor":15,"turns":4},{"damage":43,"enemies":"IC_STATUS_ARCHETYPE","floor":16,"turns":11},{"damage":3,"enemies":"Chosen","floor":19,"turns":6},{"damage":13,"enemies":"3 Byrds","floor":20,"turns":6},{"damage":27,"enemies":"Snecko","floor":22,"turns":6},{"damage":2,"enemies":"Centurion and Healer","floor":26,"turns":7},{"damage":42,"enemies":"Replay:Snechameleon","floor":27,"turns":6},{"damage":12,"enemies":"Nightmare","floor":30,"turns":9},{"damage":9,"enemies":"Chosen and Byrds","floor":32,"turns":8},{"damage":48,"enemies":"SI_MIRROR_ARCHETYPE","floor":33,"turns":8}],"seed_played":"638297618352701050","potions_obtained":[{"floor":9,"key":"sneckomod:MuddlingPotion"},{"floor":14,"key":"Block Potion"},{"floor":20,"key":"Explosive Potion"},{"floor":26,"key":"Regen Potion"}],"is_trial":false,"path_per_floor":["R","?","M","?","M","R","T","E","M","R","?","?","R","M","M","B",null,"R","M","M","?","M","R","T","R","M","E","R","?","NM","?","M","B"],"character_chosen":"GUARDIAN","items_purchased":[],"campfire_rested":3,"item_purchase_floors":[],"current_hp_per_floor":[80,80,80,80,80,80,80,80,64,64,64,44,68,66,65,22,80,80,77,64,64,37,37,37,61,59,17,41,41,29,55,46,0,0,0],"gold":515,"neow_bonus":"THREE_ENEMY_KILL","is_daily":false,"chose_seed":false,"campfire_upgraded":3,"win_rate":0.0,"timestamp":1613322904,"path_taken":["R","?","M","?","M","R","T","E","M","R","?","?","R","M","M","BOSS","R","M","M","?","M","R","T","R","M","E","R","?","NM","?","M","BOSS"],"items_purchased_type":[],"build_version":"2020-12-22","purchased_purges":0,"victory":false,"max_hp_per_floor":[80,80,80,80,80,80,80,80,80,80,80,80,80,80,80,80,80,80,80,80,80,80,80,80,80,80,80,80,80,80,80,80,80,80,80],"card_choices":[{"not_picked":["Guardian:Incinerate","Guardian:VentSteam"],"picked":"Guardian:ChargeUp","floor":3},{"not_picked":["Guardian:TemporalShield","Guardian:EvasiveProtocol"],"picked":"Guardian:Planning","floor":5},{"not_picked":["Guardian:FierceBash","Guardian:ShieldCharger"],"picked":"Guardian:CompilePackage","floor":8},{"not_picked":["Guardian:RollAttack","Guardian:Planning"],"picked":"Guardian:ShieldCharger","floor":9},{"not_picked":["Guardian:DonusPower","Guardian:FloatingOrbs"],"picked":"Guardian:Suspension","floor":12},{"not_picked":["Guardian:ShieldCharger","Guardian:ChargeUp"],"picked":"Guardian:TemporalStrike","floor":12},{"not_picked":["Guardian:PolyBeam","Guardian:VentSteam"],"picked":"Guardian:Gem_Red","floor":12},{"not_picked":["Guardian:RollAttack","Guardian:MultiBeam"],"picked":"Guardian:PiercingHide","floor":14},{"not_picked":["Guardian:RollAttack","Guardian:Gem_Lightblue"],"picked":"Guardian:Gem_Purple","floor":15},{"not_picked":["Guardian:PrismaticBarrier","Guardian:Reroute","Guardian:Harden"],"picked":"SKIP","floor":19},{"not_picked":["Guardian:Gem_Purple","Guardian:TemporalShield"],"picked":"Guardian:Gem_Green","floor":20},{"not_picked":["Guardian:VentSteam","Guardian:Recover"],"picked":"Guardian:PrimingBeam","floor":22},{"not_picked":["Guardian:PiercingHide","Guardian:ChargeCore"],"picked":"Guardian:GemFinder","floor":26},{"not_picked":["Guardian:Gem_Red","Guardian:Gem_Green"],"picked":"Guardian:Gem_Lightblue","floor":27},{"not_picked":["Guardian:PrimingBeam","Guardian:BronzeArmor"],"picked":"Guardian:Incinerate","floor":27},{"not_picked":["Guardian:Gem_Green","Guardian:Gem_Lightblue"],"picked":"Guardian:Gem_Cyan","floor":30},{"not_picked":["Guardian:TemporalShield","Guardian:SpikerProtocol"],"picked":"Guardian:Gem_Lightblue","floor":30},{"not_picked":["Guardian:Gem_Lightblue","Guardian:Gem_Cyan"],"picked":"Guardian:Gem_Red","floor":32},{"not_picked":["Guardian:MultiBeam","Guardian:PiercingHide"],"picked":"Guardian:CrystalBeam+1","floor":32}],"player_experience":328157,"relics_obtained":[{"floor":7,"key":"Ornamental Fan"},{"floor":8,"key":"Simple Rune"},{"floor":18,"key":"infinitespire:Lucky Rock"},{"floor":24,"key":"Boot"},{"floor":27,"key":"Centennial Puzzle"},{"floor":30,"key":"infinitespire:Satchel"}],"event_choices":[{"damage_healed":0,"gold_gain":0,"player_choice":"Box","damage_taken":0,"relics_obtained":["infinitespire:Golems Mask"],"max_hp_gain":0,"max_hp_loss":0,"event_name":"Big Fish","floor":4,"gold_loss":0,"cards_obtained":["Regret"]},{"damage_healed":0,"gold_gain":0,"player_choice":"Inject Mutagens","damage_taken":0,"relics_obtained":["MutagenicStrength"],"max_hp_gain":0,"max_hp_loss":0,"event_name":"Drug Dealer","floor":21,"gold_loss":0},{"damage_healed":0,"gold_gain":0,"player_choice":"Ignored","damage_taken":0,"max_hp_gain":0,"max_hp_loss":0,"event_name":"Ghosts","floor":29,"gold_loss":0},{"damage_healed":26,"gold_gain":0,"player_choice":"Heal","damage_taken":0,"max_hp_gain":0,"max_hp_loss":0,"event_name":"The Library","floor":31,"gold_loss":0}],"is_beta":false,"boss_relics":[{"not_picked":["Fusion Hammer","Pandora\u0027s Box"],"picked":"Philosopher\u0027s Stone"}],"items_purged_floors":[],"is_endless":false,"potions_floor_spawned":[9,14,20,22,26,30,32],"killed_by":"SI_MIRROR_ARCHETYPE","ascension_level":1}}