{"host":"knk89g45d3vzr5fm","time":1613319815,"event":{"mods":["2.2 Compatiblity","BaseMod","Downfall","Minty Spire (QoL Compilation)","Relic Stats","Reliquary","Replay The Spire","StSLib","The Marked"],"gold_per_floor":[99,114,125,143,6,6,6,26,26,26,59,59,59,92,110,123,137,233,233,233,233,247,265,310,210,210,210,210,210],"floor_reached":27,"language":"FRA","playtime":1513,"items_purged":["sneckomod:Unknown"],"score":365,"play_id":"a7287615-4fc6-4ab6-bb25-a77336674cf7","local_time":"20210214172335","is_ascension_mode":true,"campfire_choices":[{"data":"sneckomod:MorePower","floor":1,"key":"SMITH"},{"data":"sneckomod:SoulRoll","floor":6,"key":"SMITH"},{"data":"sneckomod:UnknownClassGREEN","floor":9,"key":"SMITH"},{"floor":20,"key":"RECALL"},{"floor":25,"key":"REST"}],"circlet_count":0,"master_deck":["sneckomod:TailWhip","sneckomod:SnekBite","sneckomod:Unknown","sneckomod:SoulCleanse","sneckomod:SnakeSap","sneckomod:MorePower+1","sneckomod:CheapStock","sneckomod:TrashToTreasure","sneckomod:IronFang","sneckomod:UnknownRarePower+1","sneckomod:UnknownRareAttack+1","sneckomod:UnknownBoss","sneckomod:UnknownBlock+1","sneckomod:UnknownUncommonPower","sneckomod:UnknownUncommonAttack+1","sneckomod:SoulRoll+1","sneckomod:UnknownClassGREEN+1","sneckomod:SoulDraw","sneckomod:UnknownUncommonAttack+1","sneckomod:MasterEye+1","sneckomod:Rotation","sneckomod:UnknownDraw+1","sneckomod:UnknownClassGREEN+1","sneckomod:UnendingSupply+1","sneckomod:UnknownDraw+1","sneckomod:SerpentMind+1","sneckomod:UnknownDexterity+1","sneckomod:UnendingSupply+1","sneckomod:UnknownUncommonSkill+1","sneckomod:UnendingSupply+1","sneckomod:Transmogrify"],"relics":["Pandora\u0027s Box","Frozen Egg 2","Pet Ghost","Replay:Rubber Ducky","Black Star","downfall:HeartBlessingRed"],"acts_visited":["Exordium","TheCity"],"potions_floor_usage":[15,16,18,21,27,27],"damage_taken":[{"damage":0,"enemies":"2 Louse","floor":2,"turns":2},{"damage":5,"enemies":"Cultist","floor":3,"turns":4},{"damage":8,"enemies":"Jaw Worm","floor":4,"turns":3},{"damage":5,"enemies":"downfall:FleeingMerchant","floor":5,"turns":4},{"damage":0,"enemies":"2 Fungi Beasts","floor":8,"turns":2},{"damage":11,"enemies":"Gremlin Nob","floor":11,"turns":3},{"damage":11,"enemies":"Lagavulin","floor":14,"turns":5},{"damage":3,"enemies":"Large Slime","floor":15,"turns":5},{"damage":7,"enemies":"Exordium Wildlife","floor":16,"turns":5},{"damage":3,"enemies":"Lots of Slimes","floor":17,"turns":1},{"damage":5,"enemies":"DF_ARCHETYPE_STREAMLINE","floor":18,"turns":5},{"damage":0,"enemies":"3 Byrds","floor":21,"turns":1},{"damage":9,"enemies":"Chosen","floor":22,"turns":5},{"damage":27,"enemies":"Sentry and Sphere","floor":23,"turns":4},{"damage":28,"enemies":"Snake Plant","floor":24,"turns":3},{"damage":50,"enemies":"Gremlin Leader","floor":27,"turns":2}],"seed_played":"-5402421113942069227","potions_obtained":[{"floor":8,"key":"SmokeBomb"},{"floor":11,"key":"Weak Potion"},{"floor":14,"key":"ColorlessPotion"},{"floor":15,"key":"hexamod:SoulburnPotion"},{"floor":17,"key":"ColorlessPotion"},{"floor":23,"key":"FearPotion"},{"floor":24,"key":"ColorlessPotion"}],"is_trial":false,"path_per_floor":["R","M","M","M","$","R","T","M","R","?","E","PTL","PTL","E","M","M","M","B",null,"R","M","M","M","M","R","T","E"],"character_chosen":"THE_SNECKO","items_purchased":["sneckomod:SoulRoll"],"campfire_rested":1,"item_purchase_floors":[5],"current_hp_per_floor":[81,81,76,68,63,63,63,63,63,90,79,79,79,68,65,58,55,50,80,80,80,78,51,23,50,50,0,0,0],"gold":210,"neow_bonus":"BOSS_RELIC","is_daily":false,"chose_seed":false,"campfire_upgraded":3,"win_rate":0.0,"timestamp":1613319815,"path_taken":["R","M","M","M","$","R","T","M","R","?","E","PTL","PTL","E","M","M","M","BOSS","R","M","M","?","M","R","T","E"],"items_purchased_type":["Card"],"build_version":"2020-12-22","purchased_purges":1,"victory":false,"max_hp_per_floor":[90,90,90,90,90,90,90,90,90,90,90,90,90,90,90,90,90,90,90,90,90,90,90,90,90,90,90,90,90],"relic_stats":{"counters":[16,54],"Pandora\u0027s Box":["sneckomod:SoulCleanse","sneckomod:SnakeSap","sneckomod:MorePower","sneckomod:CheapStock","sneckomod:TrashToTreasure","sneckomod:IronFang"],"Black Star":0,"obtain_stats":[{"downfall:HeartBlessingRed":25,"Pandora\u0027s Box":0,"Black Star":19,"Frozen Egg 2":7,"sneckomod:SneckoSoul":0,"Mirror":26,"Pet Ghost":11,"Replay:Rubber Ducky":14},{"downfall:HeartBlessingRed":15,"Pandora\u0027s Box":0,"Black Star":11,"Frozen Egg 2":4,"sneckomod:SneckoSoul":0,"Mirror":15,"Pet Ghost":6,"Replay:Rubber Ducky":7},{"downfall:HeartBlessingRed":52,"Pandora\u0027s Box":0,"Black Star":39,"Frozen Egg 2":13,"sneckomod:SneckoSoul":0,"Mirror":52,"Pet Ghost":18,"Replay:Rubber Ducky":23}]},"card_choices":[{"not_picked":["sneckomod:UnknownCommonSkill+1","sneckomod:UnknownCommonAttack+1"],"picked":"sneckomod:UnknownRarePower+1","floor":2},{"not_picked":["sneckomod:Unknown1Cost","sneckomod:UnknownClassSLIMEBOUND","sneckomod:WideSting"],"picked":"SKIP","floor":2},{"not_picked":["sneckomod:Unknown1Cost+1","sneckomod:UnknownCommonAttack+1"],"picked":"sneckomod:UnknownRareAttack+1","floor":3},{"not_picked":["sneckomod:UnknownClassRED","sneckomod:TrashToTreasure"],"picked":"sneckomod:UnknownBoss","floor":3},{"not_picked":["sneckomod:UnknownClassSLIMEBOUND+1","sneckomod:UnknownClassGUARDIAN+1"],"picked":"sneckomod:UnknownBlock+1","floor":4},{"not_picked":["sneckomod:UnknownClassPURPLE","sneckomod:QuickBite"],"picked":"sneckomod:UnknownUncommonPower","floor":4},{"not_picked":["sneckomod:Unknown1Cost+1","sneckomod:Unknown0Cost+1"],"picked":"sneckomod:UnknownUncommonAttack+1","floor":5},{"not_picked":["sneckomod:UnknownX","sneckomod:ImprovisedAttack","sneckomod:UnknownCommonSkill"],"picked":"SKIP","floor":5},{"not_picked":["sneckomod:UnknownBlock","sneckomod:UnknownCommonAttack"],"picked":"sneckomod:UnknownClassGREEN","floor":8},{"not_picked":["sneckomod:DiceBoulder","sneckomod:QuickBite"],"picked":"sneckomod:SoulDraw","floor":11},{"not_picked":["sneckomod:UnknownStrike+1","sneckomod:Unknown1Cost+1"],"picked":"sneckomod:UnknownUncommonAttack+1","floor":14},{"not_picked":["sneckomod:DefensiveFlair","sneckomod:IronFang"],"picked":"sneckomod:MasterEye+1","floor":14},{"not_picked":["sneckomod:Unknown0Cost","sneckomod:DiceBlock"],"picked":"sneckomod:Rotation","floor":15},{"not_picked":["sneckomod:UnknownClassRED+1","sneckomod:UnknownColorless+1"],"picked":"sneckomod:UnknownDraw+1","floor":16},{"not_picked":["sneckomod:UnknownClassSLIMEBOUND","sneckomod:UnknownStrike","sneckomod:UnknownExhaust"],"picked":"SKIP","floor":16},{"not_picked":["sneckomod:UnknownDraw+1","sneckomod:UnknownWeak+1"],"picked":"sneckomod:UnknownClassGREEN+1","floor":17},{"not_picked":["sneckomod:UnknownClassGUARDIAN","sneckomod:UnknownClassPURPLE"],"picked":"sneckomod:UnendingSupply+1","floor":17},{"not_picked":["sneckomod:Unknown0Cost+1","sneckomod:UnknownClassBLUE+1"],"picked":"sneckomod:UnknownDraw+1","floor":18},{"not_picked":["sneckomod:UnknownRareAttack","sneckomod:DangerNoodle"],"picked":"sneckomod:SerpentMind+1","floor":18},{"not_picked":["sneckomod:Unknown0Cost+1","sneckomod:UnknownStrength+1"],"picked":"sneckomod:UnknownDexterity+1","floor":22},{"not_picked":["sneckomod:UnknownClassHEXA_GHOST_PURPLE+1","sneckomod:UnknownClassTHE_BRONZE_AUTOMATON"],"picked":"sneckomod:UnendingSupply+1","floor":22},{"not_picked":["sneckomod:UnknownX+1","sneckomod:UnknownVulnerable+1"],"picked":"sneckomod:UnknownUncommonSkill+1","floor":23},{"not_picked":["sneckomod:UnknownClassTHE_CHAMP_GRAY","sneckomod:DefensiveFlair+1"],"picked":"sneckomod:UnendingSupply+1","floor":23},{"not_picked":["sneckomod:UnknownBlock","sneckomod:SoulDraw"],"picked":"sneckomod:Transmogrify","floor":24}],"player_experience":2154784,"relics_obtained":[{"floor":7,"key":"Frozen Egg 2"},{"floor":11,"key":"Pet Ghost"},{"floor":14,"key":"Replay:Rubber Ducky"},{"floor":26,"key":"Mirror"}],"event_choices":[{"damage_healed":27,"gold_gain":0,"player_choice":"Full Heal","damage_taken":0,"max_hp_gain":0,"max_hp_loss":0,"event_name":"Wheel of Change","floor":10,"gold_loss":0}],"is_beta":false,"boss_relics":[{"not_picked":["Ring of Chaos","bronze:MakeshiftBattery"],"picked":"Black Star"}],"items_purged_floors":[5],"is_endless":false,"potions_floor_spawned":[8,11,14,15,17,23,24],"killed_by":"Gremlin Leader","ascension_level":9}}