{"host":"sc0o2qwpf9j16a4i","time":1613301783,"event":{"mods":["AchievementEnabler","BaseMod","BetterRewards","Block Reminder","Colored Map","Colored Powertips","Custom Start","Highlight Path","Jorbs\u0027s Wanderer Trilogy","Minty Spire (QoL Compilation)","Relic Stats","StSLib"],"gold_per_floor":[115,190,37,37,37,72,247,280,306,370,404,445,445,463,463,594,594,618,618,618,618,102,128,128,128,128,154,188,188,223,238,238,333,333,349,349,21,66,43,70,104,130,130,0,0,0,30,30,30,30],"floor_reached":51,"language":"ENG","playtime":1774,"items_purged":["Doubt"],"score":1305,"play_id":"20a56813-8950-4088-9c3a-7400bcba024a","local_time":"20210214132303","daily_mods":["Insanity","Flight","Lethality"],"is_ascension_mode":false,"campfire_choices":[{"data":"True Grit","floor":15,"key":"SMITH"},{"data":"True Grit","floor":25,"key":"SMITH"},{"data":"Feed","floor":32,"key":"SMITH"},{"data":"Heavy Blade","floor":46,"key":"SMITH"},{"data":"Heavy Blade","floor":49,"key":"SMITH"}],"circlet_count":0,"master_deck":["Power Through","Cleave","Heavy Blade","Body Slam","Sentinel","Clash","Warcry","True Grit+1","Heavy Blade+1","Flex","Dual Wield","Cleave","Twin Strike","Intimidate","Sentinel","True Grit+1","Headbutt","Intimidate","Flex","Heavy Blade+1","Intimidate","Wild Strike","Cleave","Heavy Blade","Heavy Blade","Fire Breathing","Dark Embrace","Headbutt","Havoc","Havoc","Flex","Pummel","Second Wind","Rampage","Shrug It Off","Flame Barrier","Inflame","Dropkick","Shockwave","True Grit+1","Rupture","Clothesline","Ghostly Armor","Twin Strike","Blood for Blood","Iron Wave","Hemokinesis","Infernal Blade","Clash","Flame Barrier","Sentinel","Havoc","Headbutt","Flex+1","Dual Wield+1","Limit Break+1","Flame Barrier+1","Feed+1","Armaments+1","Shrug It Off+1","Necronomicurse","Armaments+1","Dropkick+1","Reaper","Shrug It Off+1","Shrug It Off+1","Hemokinesis","Dual Wield+1","Headbutt","Havoc+1","Twin Strike","Metamorphosis+1","Mind Blast","Body Slam+1"],"relics":["Burning Blood","Juzu Bracelet","Bloody Idol","Pocketwatch","Mango","Akabeko","Lantern","Toxic Egg 2","SacredBark","Singing Bowl","PreservedInsect","Bag of Marbles","Happy Flower","Toolbox","Bird Faced Urn","Gambling Chip","StrikeDummy","Vajra","Necronomicon","Red Skull","Snecko Eye","Pantograph","StoneCalendar","Orichalcum","Ice Cream","Dream Catcher","Unceasing Top","Red Mask","Strawberry"],"acts_visited":["Exordium","TheCity","TheBeyond"],"potions_floor_usage":[11,16,16,28,33,33,50,50,50],"damage_taken":[{"damage":6,"enemies":"2 Louse","floor":1,"turns":2},{"damage":18,"enemies":"Lagavulin","floor":6,"turns":6},{"damage":11,"enemies":"Gremlin Nob","floor":8,"turns":3},{"damage":15,"enemies":"Lagavulin","floor":11,"turns":6},{"damage":21,"enemies":"3 Sentries","floor":12,"turns":4},{"damage":0,"enemies":"Small Slimes","floor":14,"turns":1},{"damage":36,"enemies":"The Guardian","floor":16,"turns":10},{"damage":6,"enemies":"2 Thieves","floor":18,"turns":3},{"damage":0,"enemies":"Gremlin Leader","floor":23,"turns":1},{"damage":36,"enemies":"Book of Stabbing","floor":27,"turns":5},{"damage":18,"enemies":"Gremlin Leader","floor":28,"turns":3},{"damage":0,"enemies":"Book of Stabbing","floor":30,"turns":1},{"damage":0,"enemies":"Spheric Guardian","floor":31,"turns":2},{"damage":71,"enemies":"Automaton","floor":33,"turns":8},{"damage":0,"enemies":"3 Darklings","floor":35,"turns":2},{"damage":0,"enemies":"2 Orb Walkers","floor":38,"turns":3},{"damage":0,"enemies":"Reptomancer","floor":40,"turns":2},{"damage":4,"enemies":"Giant Head","floor":41,"turns":5},{"damage":0,"enemies":"Nemesis","floor":42,"turns":1},{"damage":0,"enemies":"Reptomancer","floor":47,"turns":1},{"damage":32,"enemies":"Donu and Deca","floor":50,"turns":6}],"seed_played":"5314222447345678707","potions_obtained":[{"floor":1,"key":"SteroidPotion"},{"floor":6,"key":"Swift Potion"},{"floor":14,"key":"Explosive Potion"},{"floor":23,"key":"Explosive Potion"},{"floor":28,"key":"FearPotion"},{"floor":30,"key":"Swift Potion"},{"floor":35,"key":"BlessingOfTheForge"},{"floor":38,"key":"Regen Potion"},{"floor":41,"key":"Block Potion"}],"is_trial":true,"path_per_floor":["M","?","$","?","?","E","?","E","T","?","E","E","?","M","R","B",null,"M","?","?","?","$","E","?","R","T","E","E","?","E","M","R","B",null,"M","?","$","?","$","E","E","E","T","?","?","R","E","?","R","B",null],"character_chosen":"IRONCLAD","items_purchased":["Juzu Bracelet","Bag of Marbles","Happy Flower","Toolbox","Pantograph","Shrug It Off+1","Hemokinesis","Headbutt"],"campfire_rested":0,"item_purchase_floors":[3,22,22,22,37,37,37,39],"current_hp_per_floor":[80,69,69,69,69,57,57,66,66,66,57,42,42,48,48,18,94,94,94,94,94,94,94,94,94,94,69,64,48,61,75,75,19,97,97,92,92,96,96,98,98,98,98,98,90,90,107,107,107,83],"gold":30,"neow_bonus":"","is_daily":false,"chose_seed":false,"campfire_upgraded":5,"win_rate":0.0,"timestamp":1613301783,"path_taken":["M","?","?","?","?","E","?","E","T","?","E","E","?","M","R","BOSS","M","?","?","?","$","E","?","R","T","E","E","?","E","M","R","BOSS","M","?","$","?","?","E","E","E","T","?","?","R","E","?","R","BOSS"],"items_purchased_type":["Relic","Relic","Relic","Relic","Relic","Card","Card","Card"],"build_version":"2020-12-22","purchased_purges":1,"victory":true,"max_hp_per_floor":[80,80,80,80,80,80,80,94,94,94,94,94,94,94,94,94,94,94,94,94,94,94,94,94,94,94,94,94,94,94,97,97,97,97,97,92,92,96,96,98,98,98,98,98,100,100,107,107,107,107],"relic_stats":{"Singing Bowl":4,"Happy Flower":[13],"counters":[21,75],"StoneCalendar":[0],"PreservedInsect":467,"Juzu Bracelet":3,"Orichalcum":[0],"Burning Blood":94,"Dream Catcher":0,"Bloody Idol":29,"Bird Faced Urn":[8],"Gambling Chip":[46],"Pantograph":0,"Snecko Eye":[48,42,37,46],"Necronomicon":[13],"obtain_stats":[{"Ice Cream":41,"Lantern":11,"Singing Bowl":20,"SacredBark":17,"Vajra":28,"Mango":8,"StoneCalendar":38,"Juzu Bracelet":3,"Burning Blood":0,"Dream Catcher":42,"Gambling Chip":26,"Pantograph":37,"Strawberry":47,"Toolbox":22,"Necronomicon":29,"Red Mask":44,"Toxic Egg 2":12,"Red Skull":30,"Happy Flower":22,"Golden Idol":4,"PreservedInsect":21,"Orichalcum":40,"Akabeko":9,"Bloody Idol":19,"Bird Faced Urn":23,"Snecko Eye":34,"Bag of Marbles":22,"StrikeDummy":27,"Unceasing Top":43,"Pocketwatch":6},{"Ice Cream":18,"Lantern":4,"Singing Bowl":8,"SacredBark":7,"Vajra":11,"Mango":3,"StoneCalendar":16,"Juzu Bracelet":1,"Burning Blood":0,"Dream Catcher":19,"Gambling Chip":9,"Pantograph":15,"Strawberry":20,"Toolbox":8,"Necronomicon":11,"Red Mask":19,"Toxic Egg 2":5,"Red Skull":12,"Happy Flower":8,"Golden Idol":1,"PreservedInsect":8,"Orichalcum":17,"Akabeko":3,"Bloody Idol":8,"Bird Faced Urn":9,"Snecko Eye":14,"Bag of Marbles":8,"StrikeDummy":10,"Unceasing Top":19,"Pocketwatch":2},{"Ice Cream":67,"Lantern":17,"Singing Bowl":35,"SacredBark":32,"Vajra":44,"Mango":11,"StoneCalendar":60,"Juzu Bracelet":2,"Burning Blood":0,"Dream Catcher":68,"Gambling Chip":36,"Pantograph":57,"Strawberry":69,"Toolbox":35,"Necronomicon":44,"Red Mask":68,"Toxic Egg 2":21,"Red Skull":45,"Happy Flower":35,"Golden Idol":2,"PreservedInsect":35,"Orichalcum":62,"Akabeko":11,"Bloody Idol":35,"Bird Faced Urn":36,"Snecko Eye":55,"Bag of Marbles":35,"StrikeDummy":41,"Unceasing Top":68,"Pocketwatch":8}],"Unceasing Top":[0],"Pocketwatch":[48]},"card_choices":[{"not_picked":["Body Slam","Perfected Strike"],"picked":"Flame Barrier","floor":1},{"not_picked":["Clothesline","Entrench"],"picked":"Sentinel","floor":6},{"not_picked":["Dark Embrace","Anger"],"picked":"Havoc","floor":8},{"not_picked":["Warcry","Evolve"],"picked":"Headbutt","floor":11},{"not_picked":["Reckless Charge","Carnage"],"picked":"Flex+1","floor":12},{"not_picked":["Carnage","Sever Soul"],"picked":"Dual Wield+1","floor":14},{"not_picked":["Berserk","Feed"],"picked":"Limit Break+1","floor":16},{"not_picked":["Iron Wave","Sword Boomerang"],"picked":"Flame Barrier+1","floor":18},{"not_picked":["Anger","Cleave"],"picked":"Feed","floor":23},{"not_picked":["Uppercut","Shrug It Off+1"],"picked":"Armaments+1","floor":27},{"not_picked":["Headbutt","Warcry+1"],"picked":"Shrug It Off+1","floor":28},{"not_picked":["Immolate","Twin Strike"],"picked":"Armaments+1","floor":30},{"not_picked":["Sever Soul","Rage+1"],"picked":"Dropkick+1","floor":31},{"not_picked":["Limit Break+1","Fiend Fire"],"picked":"Reaper","floor":33},{"not_picked":["Clothesline+1","Armaments+1"],"picked":"Shrug It Off+1","floor":35},{"not_picked":["Heavy Blade+1","Evolve"],"picked":"Dual Wield+1","floor":38},{"not_picked":["Thunderclap","Sever Soul+1","Pommel Strike+1"],"picked":"Singing Bowl","floor":40},{"not_picked":["Rampage+1","Clash"],"picked":"Havoc+1","floor":41},{"not_picked":["Headbutt+1","Wild Strike+1"],"picked":"Twin Strike","floor":42},{"not_picked":["Trip+1","Panache"],"picked":"Metamorphosis+1","floor":45},{"not_picked":["Sadistic Nature","Trip+1","Jack Of All Trades+1"],"picked":"Singing Bowl","floor":45},{"not_picked":["Discovery+1","Panacea+1"],"picked":"Mind Blast","floor":45},{"not_picked":["Havoc+1","Flex+1"],"picked":"Body Slam+1","floor":47}],"player_experience":1407442,"relics_obtained":[{"floor":6,"key":"Pocketwatch"},{"floor":8,"key":"Mango"},{"floor":9,"key":"Akabeko"},{"floor":11,"key":"Lantern"},{"floor":12,"key":"Toxic Egg 2"},{"floor":23,"key":"Bird Faced Urn"},{"floor":26,"key":"Gambling Chip"},{"floor":27,"key":"StrikeDummy"},{"floor":28,"key":"Vajra"},{"floor":29,"key":"Necronomicon"},{"floor":30,"key":"Red Skull"},{"floor":38,"key":"StoneCalendar"},{"floor":40,"key":"Orichalcum"},{"floor":41,"key":"Ice Cream"},{"floor":42,"key":"Dream Catcher"},{"floor":43,"key":"Unceasing Top"},{"floor":47,"key":"Strawberry"}],"event_choices":[{"damage_healed":0,"gold_gain":75,"player_choice":"Gather Gold","damage_taken":11,"max_hp_gain":0,"max_hp_loss":0,"event_name":"World of Goop","floor":2,"gold_loss":0},{"damage_healed":0,"gold_gain":0,"player_choice":"Take Wound","damage_taken":0,"relics_obtained":["Golden Idol"],"max_hp_gain":0,"max_hp_loss":0,"event_name":"Golden Idol","floor":4,"gold_loss":0,"cards_obtained":["Injury"]},{"cards_removed":["Injury"],"damage_healed":0,"gold_gain":0,"player_choice":"Removed Curses","damage_taken":0,"max_hp_gain":0,"max_hp_loss":0,"event_name":"Fountain of Cleansing","floor":5,"gold_loss":0},{"damage_healed":0,"gold_gain":175,"player_choice":"AGREE","damage_taken":0,"max_hp_gain":0,"max_hp_loss":0,"event_name":"Liars Game","floor":7,"gold_loss":0,"cards_obtained":["Doubt"]},{"damage_healed":0,"gold_gain":64,"player_choice":"Gained Gold","damage_taken":0,"max_hp_gain":0,"max_hp_loss":0,"event_name":"Golden Wing","floor":10,"gold_loss":0},{"damage_healed":0,"gold_gain":0,"player_choice":"Grow","damage_taken":0,"max_hp_gain":0,"max_hp_loss":0,"event_name":"Living Wall","floor":13,"gold_loss":0,"cards_upgraded":["True Grit"]},{"damage_healed":0,"gold_gain":0,"player_choice":"Gave Idol","damage_taken":0,"relics_obtained":["Bloody Idol"],"max_hp_gain":0,"max_hp_loss":0,"event_name":"Forgotten Altar","floor":19,"relics_lost":["Golden Idol"],"gold_loss":0},{"damage_healed":0,"gold_gain":0,"player_choice":"Opened","damage_taken":0,"relics_obtained":["Singing Bowl"],"max_hp_gain":0,"max_hp_loss":0,"event_name":"The Mausoleum","floor":20,"gold_loss":0,"cards_obtained":["Writhe"]},{"cards_removed":["Body Slam"],"damage_healed":0,"gold_gain":0,"player_choice":"Gave Card","damage_taken":0,"relics_obtained":["PreservedInsect"],"max_hp_gain":0,"max_hp_loss":0,"event_name":"WeMeetAgain","floor":21,"gold_loss":0},{"cards_removed":["Writhe"],"damage_healed":0,"gold_gain":0,"player_choice":"Elegance","damage_taken":0,"max_hp_gain":0,"max_hp_loss":0,"event_name":"Back to Basics","floor":24,"gold_loss":0},{"damage_healed":0,"gold_gain":0,"player_choice":"Obtained Book","damage_taken":16,"max_hp_gain":0,"max_hp_loss":0,"event_name":"Cursed Tome","floor":29,"gold_loss":0},{"damage_healed":0,"gold_gain":0,"player_choice":"Max HP","damage_taken":0,"max_hp_gain":0,"max_hp_loss":5,"event_name":"Winding Halls","floor":36,"gold_loss":0},{"damage_healed":0,"gold_gain":0,"player_choice":"Fight","damage_taken":0,"max_hp_gain":0,"max_hp_loss":0,"event_name":"Mysterious Sphere","floor":38,"gold_loss":0},{"damage_healed":0,"gold_gain":0,"player_choice":"Paid","damage_taken":0,"relics_obtained":["Red Mask"],"max_hp_gain":0,"max_hp_loss":0,"event_name":"Tomb of Lord Red Mask","floor":44,"gold_loss":130},{"damage_healed":0,"gold_gain":0,"player_choice":"Memory 3","damage_taken":10,"max_hp_gain":0,"max_hp_loss":0,"event_name":"SensoryStone","floor":45,"gold_loss":0},{"damage_healed":0,"gold_gain":0,"player_choice":"Ignored","damage_taken":0,"max_hp_gain":0,"max_hp_loss":0,"event_name":"NoteForYourself","floor":48,"gold_loss":0}],"is_beta":false,"boss_relics":[{"not_picked":["Empty Cage","Fusion Hammer"],"picked":"SacredBark"},{"not_picked":["Philosopher\u0027s Stone","Calling Bell"],"picked":"Snecko Eye"}],"items_purged_floors":[22],"is_endless":false,"potions_floor_spawned":[1,6,14,23,28,30,35,38,41],"ascension_level":0}}