{"host":"r0ye8pdzuq6zwfvs","time":1613291097,"event":{"mods":["AchievementEnabler","BaseMod","BetterRewards","CapriCore","Card Forge","Colored Map","Colored Powertips","Custom Start","DeckTracker","Luminous","Minty Spire (QoL Compilation)","Permanent Neow","Prisma Mod","Quick Restart","Relic Stats","Shop Mod","StSLib","SuperFastMode","Swap Starting Deck Mod","The Alterego","The Immortal","Uncapped"],"gold_per_floor":[214,229,229,239,258,287,287,297,297,297,317,333,333,343,343,442,442,453,469,481,481,501,532,141,173,173,21,32,42,60,94,94,197,197,212,229,241,251,251,283,283,297,321,321,331,345,345,376,376,376,376,376,222,256,256],"floor_reached":56,"language":"ENG","playtime":1749,"items_purged":[],"score":1679,"play_id":"18fbeb4c-6f21-45a3-b909-fc90bc7b8849","local_time":"20210214012457","is_ascension_mode":false,"campfire_choices":[{"floor":7,"key":"RECALL"},{"floor":10,"key":"REST"},{"floor":13,"key":"REST"},{"floor":15,"key":"REST"},{"floor":32,"key":"REST"},{"floor":49,"key":"REST"},{"floor":52,"key":"REST"}],"circlet_count":0,"master_deck":["Adrenaline+1","Blur+1","Burst+1","Cloak And Dagger+1","Blade Dance+1","Footwork+1","Blur+1","Blade Dance+1","Backflip+1","Accuracy+1","Adrenaline+1","Cloak And Dagger+1","Footwork+1","Backflip+1","Adrenaline+1","Accuracy+1"],"relics":["Ring of the Snake","Hammer of Thor","Seething Fire","Anvil of the Gods","Orichalcum","Ninja Scroll","WristBlade","HornCleat","Bottled Tornado","Potion Belt","Ginger","Strawberry","Blue Candle","Busted Crown","Ancient Tea Set","Toy Ornithopter","Boot","Pen Nib","Mummified Hand"],"acts_visited":["Exordium","TheCity","TheBeyond","TheEnding"],"potions_floor_usage":[55],"damage_taken":[{"damage":0,"enemies":"2 Louse","floor":1,"turns":1},{"damage":0,"enemies":"Cultist","floor":2,"turns":3},{"damage":0,"enemies":"Jaw Worm","floor":4,"turns":2},{"damage":0,"enemies":"Gremlin Gang","floor":5,"turns":2},{"damage":0,"enemies":"Lagavulin","floor":6,"turns":3},{"damage":0,"enemies":"3 Louse","floor":8,"turns":2},{"damage":0,"enemies":"Large Slime","floor":11,"turns":2},{"damage":0,"enemies":"Red Slaver","floor":12,"turns":2},{"damage":0,"enemies":"Blue Slaver","floor":14,"turns":1},{"damage":0,"enemies":"Slime Boss","floor":16,"turns":3},{"damage":0,"enemies":"Chosen","floor":18,"turns":2},{"damage":0,"enemies":"Spheric Guardian","floor":19,"turns":2},{"damage":0,"enemies":"Centurion and Healer","floor":20,"turns":2},{"damage":0,"enemies":"Chosen and Byrds","floor":22,"turns":2},{"damage":0,"enemies":"Book of Stabbing","floor":23,"turns":2},{"damage":0,"enemies":"Gremlin Leader","floor":25,"turns":3},{"damage":0,"enemies":"Shelled Parasite and Fungi","floor":28,"turns":1},{"damage":0,"enemies":"Cultist and Chosen","floor":29,"turns":2},{"damage":0,"enemies":"Centurion and Healer","floor":30,"turns":1},{"damage":0,"enemies":"Book of Stabbing","floor":31,"turns":2},{"damage":0,"enemies":"Champ","floor":33,"turns":3},{"damage":0,"enemies":"3 Shapes","floor":35,"turns":1},{"damage":0,"enemies":"3 Darklings","floor":36,"turns":1},{"damage":0,"enemies":"Spire Growth","floor":37,"turns":2},{"damage":0,"enemies":"4 Shapes","floor":38,"turns":1},{"damage":0,"enemies":"Giant Head","floor":40,"turns":4},{"damage":0,"enemies":"Sphere and 2 Shapes","floor":42,"turns":1},{"damage":0,"enemies":"Maw","floor":45,"turns":2},{"damage":0,"enemies":"Writhing Mass","floor":46,"turns":3},{"damage":0,"enemies":"Nemesis","floor":48,"turns":2},{"damage":0,"enemies":"Awakened One","floor":50,"turns":6},{"damage":0,"enemies":"Shield and Spear","floor":54,"turns":1},{"damage":0,"enemies":"The Heart","floor":55,"turns":4}],"seed_played":"6525928917722549953","potions_obtained":[{"floor":5,"key":"FearPotion"},{"floor":6,"key":"LiquidBronze"},{"floor":8,"key":"Explosive Potion"},{"floor":14,"key":"SteroidPotion"},{"floor":28,"key":"Poison Potion"},{"floor":30,"key":"Block Potion"},{"floor":37,"key":"EntropicBrew"}],"is_trial":false,"path_per_floor":["M","M","?","M","M","E","R","M","T","R","M","M","R","M","R","B",null,"M","M","M","?","M","E","$","E","T","$","M","M","M","E","R","B",null,"M","M","M","M","?","E","$","M","T","?","M","M","?","E","R","B",null,"R","$","E","B",null],"character_chosen":"THE_SILENT","items_purchased":["Bottled Tornado","Potion Belt","Strawberry","Pen Nib"],"campfire_rested":6,"item_purchase_floors":[24,24,27,53],"current_hp_per_floor":[70,70,70,70,70,70,70,70,70,70,70,70,70,70,70,70,70,70,70,70,80,80,80,80,80,80,87,87,87,87,87,87,87,87,87,87,87,87,87,87,87,87,87,87,87,87,87,87,87,87,87,87,87,87,87],"gold":256,"neow_bonus":"HUNDRED_GOLD","is_daily":false,"chose_seed":false,"campfire_upgraded":0,"win_rate":0.0,"timestamp":1613291097,"path_taken":["M","M","?","M","M","E","R","M","T","R","M","M","R","?","R","BOSS","M","M","M","?","M","E","$","E","T","$","M","M","?","E","R","BOSS","M","M","M","M","?","E","$","M","T","?","M","M","?","E","R","BOSS","R","$","E","BOSS"],"items_purchased_type":["Relic","Relic","Relic","Relic"],"build_version":"2020-12-22","purchased_purges":0,"victory":true,"max_hp_per_floor":[70,70,70,70,70,70,70,70,70,70,70,70,70,70,70,70,70,70,70,70,80,80,80,80,80,80,87,87,87,87,87,87,87,87,87,87,87,87,87,87,87,87,87,87,87,87,87,87,87,87,87,87,87,87,87],"relic_stats":{"Busted Crown":22,"counters":[33,71],"Mummified Hand":[4],"Blue Candle":[0],"Pen Nib":[4],"Ginger":[9],"Orichalcum":[30],"Boot":[0],"obtain_stats":[{"Potion Belt":24,"Blue Candle":31,"Hammer of Thor":0,"Pen Nib":53,"Seething Fire":0,"Ginger":25,"Orichalcum":6,"Bottled Tornado":24,"Ancient Tea Set":40,"Boot":48,"HornCleat":23,"Busted Crown":34,"WristBlade":17,"Anvil of the Gods":0,"Ninja Scroll":9,"Mummified Hand":54,"Strawberry":27,"Toy Ornithopter":43,"Ring of the Snake":0},{"Potion Belt":15,"Blue Candle":20,"Hammer of Thor":0,"Pen Nib":31,"Seething Fire":0,"Ginger":16,"Orichalcum":5,"Bottled Tornado":15,"Ancient Tea Set":26,"Boot":30,"HornCleat":15,"Busted Crown":21,"WristBlade":10,"Anvil of the Gods":0,"Ninja Scroll":6,"Mummified Hand":32,"Strawberry":16,"Toy Ornithopter":27,"Ring of the Snake":0},{"Potion Belt":31,"Blue Candle":40,"Hammer of Thor":0,"Pen Nib":66,"Seething Fire":0,"Ginger":34,"Orichalcum":11,"Bottled Tornado":31,"Ancient Tea Set":52,"Boot":60,"HornCleat":31,"Busted Crown":43,"WristBlade":21,"Anvil of the Gods":0,"Ninja Scroll":13,"Mummified Hand":67,"Strawberry":34,"Toy Ornithopter":53,"Ring of the Snake":0}],"Toy Ornithopter":0,"Ring of the Snake":[66]},"card_choices":[{"not_picked":["Cloak And Dagger","Dodge and Roll","Prepared"],"picked":"SKIP","floor":1},{"not_picked":["Flying Knee","Backflip","Cloak And Dagger"],"picked":"SKIP","floor":2},{"not_picked":["Dagger Throw","Cloak And Dagger","Blade Dance"],"picked":"SKIP","floor":4},{"not_picked":["Skewer","Finisher","Accuracy"],"picked":"SKIP","floor":5},{"not_picked":["Riddle With Holes","Dagger Spray","Underhanded Strike"],"picked":"SKIP","floor":6},{"not_picked":["Skewer","Dagger Throw","Crippling Poison"],"picked":"SKIP","floor":8},{"not_picked":["Accuracy","Prepared","Reflex"],"picked":"SKIP","floor":11},{"not_picked":["Dagger Spray","Deadly Poison","Grand Finale"],"picked":"SKIP","floor":12},{"not_picked":["Sucker Punch","Dash","Outmaneuver"],"picked":"SKIP","floor":14},{"not_picked":["Predator","Dagger Spray","Quick Slash"],"picked":"SKIP","floor":18},{"not_picked":["Prepared","Deflect+1","Dagger Spray"],"picked":"SKIP","floor":19},{"not_picked":["Reflex","Riddle With Holes+1","Dagger Spray+1"],"picked":"SKIP","floor":20},{"not_picked":["Endless Agony+1","Prepared","Cloak And Dagger"],"picked":"SKIP","floor":22},{"not_picked":["Leg Sweep+1","Slice","Distraction+1"],"picked":"SKIP","floor":23},{"not_picked":["Deadly Poison","Prepared","Outmaneuver"],"picked":"SKIP","floor":25},{"not_picked":["Dodge and Roll+1","Flying Knee","Backstab"],"picked":"SKIP","floor":28},{"not_picked":["Malaise","Slice","All Out Attack"],"picked":"SKIP","floor":29},{"not_picked":["Distraction","Backflip","Acrobatics"],"picked":"SKIP","floor":30},{"not_picked":["Escape Plan","Quick Slash","Flying Knee"],"picked":"SKIP","floor":31},{"not_picked":["Slice+1"],"picked":"SKIP","floor":35},{"not_picked":["Backflip"],"picked":"SKIP","floor":36},{"not_picked":["Caltrops+1"],"picked":"SKIP","floor":37},{"not_picked":["Dodge and Roll+1"],"picked":"SKIP","floor":38},{"not_picked":["Accuracy+1"],"picked":"SKIP","floor":40},{"not_picked":["Sucker Punch"],"picked":"SKIP","floor":42},{"not_picked":["Flying Knee"],"picked":"SKIP","floor":45},{"not_picked":["Distraction"],"picked":"SKIP","floor":46},{"not_picked":["Slice"],"picked":"SKIP","floor":48},{"not_picked":["Predator+1"],"picked":"SKIP","floor":54}],"player_experience":218826,"relics_obtained":[{"floor":6,"key":"Orichalcum"},{"floor":9,"key":"Ninja Scroll"},{"floor":23,"key":"HornCleat"},{"floor":25,"key":"Ginger"},{"floor":31,"key":"Blue Candle"},{"floor":40,"key":"Ancient Tea Set"},{"floor":43,"key":"Toy Ornithopter"},{"floor":48,"key":"Boot"},{"floor":54,"key":"Mummified Hand"}],"event_choices":[{"damage_healed":0,"gold_gain":0,"player_choice":"Bought 0 Potions","damage_taken":0,"max_hp_gain":0,"max_hp_loss":0,"event_name":"The Woman in Blue","floor":3,"gold_loss":0},{"cards_removed":["Adrenaline"],"damage_healed":0,"gold_gain":0,"player_choice":"Offered Rare","damage_taken":0,"max_hp_gain":10,"max_hp_loss":0,"event_name":"Bonfire Elementals","floor":21,"gold_loss":0},{"damage_healed":0,"gold_gain":0,"player_choice":"Ignored","damage_taken":0,"max_hp_gain":0,"max_hp_loss":0,"event_name":"Tomb of Lord Red Mask","floor":39,"gold_loss":0},{"damage_healed":0,"gold_gain":0,"player_choice":"Memory 1","damage_taken":0,"max_hp_gain":0,"max_hp_loss":0,"event_name":"SensoryStone","floor":44,"gold_loss":0},{"cards_removed":["Accuracy"],"damage_healed":0,"gold_gain":0,"player_choice":"Removed Power","damage_taken":0,"max_hp_gain":0,"max_hp_loss":0,"event_name":"Falling","floor":47,"gold_loss":0}],"is_beta":false,"boss_relics":[{"not_picked":["Calling Bell","Runic Pyramid"],"picked":"WristBlade"},{"not_picked":["Runic Dome","Empty Cage"],"picked":"Busted Crown"}],"items_purged_floors":[],"is_endless":false,"potions_floor_spawned":[5,6,8,14,16,18,23,28,30,35,37,45],"ascension_level":0}}