{"host":"tw3mxtnj9l5ilrkg","time":1613326566,"event":{"mods":["2.2 Compatiblity","BaseMod","Better Third Choice","Colored Map","Downfall","Hermit","Highlight Path","Jorbs\u0027s Wanderer Trilogy","Minty Spire (QoL Compilation)","Rare Cards Sparkle","StSLib"],"gold_per_floor":[119,132,57,57,76,106,117,117,117,74,101,101,134,134,134,236,236,236,236,236,236,236,236,236,236,236,236,236,87,87,87,87,87,87,87,87,87,87,87,87,87,87,87,87,87,87,87,87,87,87],"floor_reached":51,"language":"ENG","playtime":3783,"items_purged":["Strike_P"],"score":867,"play_id":"9b7291c9-70c6-4491-97c5-61896fa4319b","local_time":"20210214121606","is_ascension_mode":true,"campfire_choices":[{"data":"Eruption","floor":8,"key":"SMITH"},{"floor":15,"key":"REST"},{"floor":23,"key":"REST"},{"data":"DevaForm","floor":32,"key":"SMITH"},{"floor":40,"key":"REST"},{"floor":45,"key":"REST"},{"floor":49,"key":"REST"}],"circlet_count":0,"master_deck":["Strike_P","Strike_P","Strike_P","Defend_P","Defend_P","Eruption+1","Vigilance","FlurryOfBlows+1","Consecrate","Brilliance","CutThroughFate","ThirdEye","DevaForm+1","EmptyMind+1","Evaluate+1","FlurryOfBlows","SpiritShield","FlurryOfBlows","JustLucky","Judgement","FollowUp","Writhe","BattleHymn"],"relics":["Runic Pyramid","Sundial","GoldenEye","Turnip","Centennial Puzzle","Ectoplasm","StrikeDummy","MealTicket","HornCleat","Red Mask","Lee\u0027s Waffle","Fusion Hammer","Shuriken","MawBank","Blood Vial","Question Card","Ancient Tea Set"],"acts_visited":["Exordium","TheCity","TheBeyond"],"potions_floor_usage":[11,11,11,18,24,24,28,33,33,38,47,50,50,50],"damage_taken":[{"damage":0,"enemies":"2 Louse","floor":1,"turns":4},{"damage":0,"enemies":"Cultist","floor":2,"turns":3},{"damage":0,"enemies":"Jaw Worm","floor":5,"turns":2},{"damage":8,"enemies":"Lagavulin","floor":6,"turns":5},{"damage":0,"enemies":"3 Louse","floor":7,"turns":4},{"damage":13,"enemies":"3 Sentries","floor":11,"turns":4},{"damage":0,"enemies":"Lagavulin","floor":13,"turns":3},{"damage":0,"enemies":"Slime Boss","floor":16,"turns":6},{"damage":5,"enemies":"3 Byrds","floor":18,"turns":4},{"damage":0,"enemies":"Chosen","floor":20,"turns":3},{"damage":16,"enemies":"Snake Plant","floor":22,"turns":3},{"damage":26,"enemies":"Gremlin Leader","floor":24,"turns":3},{"damage":3,"enemies":"Shelled Parasite and Fungi","floor":25,"turns":3},{"damage":2,"enemies":"Centurion and Healer","floor":27,"turns":3},{"damage":14,"enemies":"Masked Bandits","floor":28,"turns":5},{"damage":7,"enemies":"3 Cultists","floor":30,"turns":4},{"damage":0,"enemies":"Sentry and Sphere","floor":31,"turns":4},{"damage":40,"enemies":"Automaton","floor":33,"turns":10},{"damage":0,"enemies":"Orb Walker","floor":35,"turns":2},{"damage":5,"enemies":"3 Darklings","floor":37,"turns":4},{"damage":0,"enemies":"4 Shapes","floor":38,"turns":1},{"damage":0,"enemies":"Spire Growth","floor":39,"turns":4},{"damage":7,"enemies":"Giant Head","floor":41,"turns":7},{"damage":10,"enemies":"Nemesis","floor":44,"turns":5},{"damage":0,"enemies":"Maw","floor":46,"turns":5},{"damage":65,"enemies":"Reptomancer","floor":47,"turns":5},{"damage":49,"enemies":"Awakened One","floor":50,"turns":9}],"seed_played":"-6230442651973337971","potions_obtained":[{"floor":4,"key":"Fire Potion"},{"floor":4,"key":"Fruit Juice"},{"floor":4,"key":"champ:CounterPotion"},{"floor":11,"key":"hexamod:SoulburnPotion"},{"floor":13,"key":"Energy Potion"},{"floor":16,"key":"SteroidPotion"},{"floor":24,"key":"AttackPotion"},{"floor":27,"key":"Dexterity Potion"},{"floor":28,"key":"SpeedPotion"},{"floor":33,"key":"SmokeBomb"},{"floor":35,"key":"SneckoOil"},{"floor":37,"key":"FearPotion"},{"floor":41,"key":"SteroidPotion"},{"floor":47,"key":"Swift Potion"}],"is_trial":false,"path_per_floor":["M","M","$","?","M","E","M","R","T","?","E","?","E","?","R","B",null,"M","?","M","T","M","R","E","M","T","M","?","$","M","M","R","B",null,"M","?","M","M","M","R","E","?","T","E","R","M","E","T","R","B",null],"character_chosen":"WATCHER","items_purchased":["Lee\u0027s Waffle"],"campfire_rested":5,"item_purchase_floors":[29],"current_hp_per_floor":[72,72,72,72,72,64,64,64,64,64,56,56,56,49,72,72,77,72,58,58,58,42,66,40,37,37,35,21,89,82,82,82,42,89,89,89,84,84,84,89,82,89,89,79,89,89,24,24,50,3],"gold":87,"neow_bonus":"BOSS_RELIC","is_daily":false,"chose_seed":false,"campfire_upgraded":2,"win_rate":0.0,"timestamp":1613326566,"path_taken":["M","M","$","?","?","E","M","R","T","?","E","?","E","?","R","BOSS","M","?","M","?","M","R","E","M","T","M","?","$","M","M","R","BOSS","M","?","M","?","M","R","E","?","T","E","R","M","E","?","R","BOSS"],"items_purchased_type":["Relic"],"build_version":"2020-12-22","purchased_purges":1,"victory":true,"max_hp_per_floor":[72,72,72,72,72,72,72,72,72,72,77,77,77,77,77,77,77,77,82,82,82,82,82,82,82,82,82,82,89,89,89,89,89,89,89,89,89,89,89,89,89,89,89,89,89,89,89,89,89,89],"card_choices":[{"not_picked":["Crescendo","WheelKick"],"picked":"FlurryOfBlows","floor":1},{"not_picked":["Evaluate","JustLucky"],"picked":"Consecrate","floor":2},{"not_picked":["Nirvana","WheelKick","ThirdEye"],"picked":"SKIP","floor":5},{"not_picked":["EmptyFist","JustLucky"],"picked":"Brilliance","floor":6},{"not_picked":["ReachHeaven","PathToVictory","EmptyMind"],"picked":"SKIP","floor":7},{"not_picked":["FearNoEvil","Nirvana"],"picked":"CutThroughFate","floor":11},{"not_picked":["Vengeance","ReachHeaven"],"picked":"ThirdEye","floor":13},{"not_picked":["Alpha","Omniscience"],"picked":"DevaForm","floor":16},{"not_picked":["EmptyFist","MentalFortress"],"picked":"EmptyMind+1","floor":18},{"not_picked":["Nirvana","Meditate"],"picked":"Evaluate+1","floor":20},{"not_picked":["WaveOfTheHand","JustLucky"],"picked":"FlurryOfBlows","floor":22},{"not_picked":["Brilliance","LikeWater"],"picked":"SpiritShield","floor":24},{"not_picked":["EmptyFist+1","Wallop"],"picked":"FlurryOfBlows","floor":25},{"not_picked":["CutThroughFate","DeceiveReality+1"],"picked":"JustLucky","floor":27},{"not_picked":["Pray","SashWhip","Crescendo+1"],"picked":"SKIP","floor":30},{"not_picked":["CutThroughFate","DeceiveReality","EmptyMind"],"picked":"SKIP","floor":31},{"not_picked":["Vault","MasterReality"],"picked":"Judgement","floor":33},{"not_picked":["SignatureMove+1","FlurryOfBlows","Adaptation"],"picked":"SKIP","floor":35},{"not_picked":["ThirdEye+1","ClearTheMind","CrushJoints"],"picked":"SKIP","floor":37},{"not_picked":["CarveReality+1","SashWhip"],"picked":"FollowUp","floor":39},{"not_picked":["Prostrate","WindmillStrike","CutThroughFate"],"picked":"SKIP","floor":41},{"not_picked":["Brilliance","EmptyFist","Halt+1"],"picked":"SKIP","floor":44},{"not_picked":["Halt","Adaptation"],"picked":"BattleHymn","floor":46},{"not_picked":["JustLucky","ClearTheMind","Collect+1"],"picked":"SKIP","floor":47}],"player_experience":298258,"relics_obtained":[{"floor":6,"key":"Sundial"},{"floor":9,"key":"GoldenEye"},{"floor":11,"key":"Turnip"},{"floor":13,"key":"Centennial Puzzle"},{"floor":21,"key":"StrikeDummy"},{"floor":24,"key":"MealTicket"},{"floor":26,"key":"HornCleat"},{"floor":28,"key":"Red Mask"},{"floor":41,"key":"Shuriken"},{"floor":43,"key":"MawBank"},{"floor":44,"key":"Blood Vial"},{"floor":47,"key":"Question Card"},{"floor":48,"key":"Ancient Tea Set"}],"event_choices":[{"damage_healed":0,"gold_gain":0,"player_choice":"Got Potions","damage_taken":0,"max_hp_gain":0,"max_hp_loss":0,"event_name":"Lab","floor":4,"gold_loss":0},{"damage_healed":0,"gold_gain":0,"player_choice":"Left","damage_taken":0,"max_hp_gain":0,"max_hp_loss":0,"event_name":"betterThird:BetterGoop","floor":10,"gold_loss":43},{"damage_healed":0,"gold_gain":0,"player_choice":"Grow","damage_taken":0,"max_hp_gain":0,"max_hp_loss":0,"event_name":"Living Wall","floor":12,"gold_loss":0,"cards_upgraded":["FlurryOfBlows"]},{"cards_removed":["Defend_P"],"damage_healed":0,"gold_gain":0,"player_choice":"Card Removal","damage_taken":7,"max_hp_gain":0,"max_hp_loss":0,"event_name":"Golden Wing","floor":14,"gold_loss":0},{"damage_healed":0,"gold_gain":0,"player_choice":"Shed Blood","damage_taken":19,"max_hp_gain":5,"max_hp_loss":0,"event_name":"Forgotten Altar","floor":19,"gold_loss":0},{"damage_healed":0,"gold_gain":0,"player_choice":"Fought Bandits","damage_taken":0,"max_hp_gain":0,"max_hp_loss":0,"event_name":"Masked Bandits","floor":28,"gold_loss":0},{"cards_removed":["Defend_P"],"damage_healed":0,"gold_gain":0,"player_choice":"Offered Basic","damage_taken":0,"max_hp_gain":0,"max_hp_loss":0,"event_name":"Bonfire Elementals","floor":36,"gold_loss":0},{"damage_healed":22,"gold_gain":0,"player_choice":"Writhe","damage_taken":0,"max_hp_gain":0,"max_hp_loss":0,"event_name":"Winding Halls","floor":42,"gold_loss":0,"cards_obtained":["Writhe"]}],"is_beta":false,"boss_relics":[{"not_picked":["Pandora\u0027s Box","Runic Dome"],"picked":"Ectoplasm"},{"not_picked":["Calling Bell","Philosopher\u0027s Stone"],"picked":"Fusion Hammer"}],"items_purged_floors":[3],"is_endless":false,"potions_floor_spawned":[7,11,13,16,24,27,28,33,35,37,41,47],"ascension_level":1}}