{"host":"e2ju6k0wppswbhbd","time":1613345536,"event":{"mods":["BaseMod","Minty Spire (QoL Compilation)","Rare Cards Sparkle","StSLib"],"gold_per_floor":[119,139,314,1,18,46,46,71,119,153,153,153,168,168,168,297,297,317,41,66,66,66,91,91,126,126,149,149,182,182,182,182,311,611,629,629,629,22,35,71,85,85,108,108,108,142,167,207,207,207,207,207,18,49,49],"floor_reached":56,"language":"FRA","playtime":8829,"items_purged":["Doubt","Injury","Defend_P"],"score":1416,"play_id":"7d663b1a-4093-43eb-835d-a22681c99d7c","local_time":"20210215003216","is_ascension_mode":false,"campfire_choices":[{"floor":7.0,"key":"RECALL"},{"data":"Apotheosis","floor":15.0,"key":"SMITH"},{"data":"Study","floor":24.0,"key":"SMITH"},{"data":"BattleHymn","floor":28.0,"key":"SMITH"},{"floor":30.0,"key":"REST"},{"data":"Ragnarok","floor":32.0,"key":"SMITH"},{"data":"DevaForm","floor":42.0,"key":"SMITH"},{"data":"Collect","floor":45.0,"key":"SMITH"},{"data":"Wallop","floor":49.0,"key":"SMITH"},{"data":"DeceiveReality","floor":52.0,"key":"SMITH"}],"circlet_count":0,"master_deck":["Strike_P","Strike_P","Defend_P","Defend_P","Eruption","Vigilance+1","JustLucky","EmptyBody","Apotheosis+1","PathToVictory","SignatureMove","Wireheading","BattleHymn+1","BowlingBash","Ragnarok+1","Prostrate+1","Ragnarok+1","SpiritShield+1","Study+1","Nirvana","Impatience","SashWhip+1","WaveOfTheHand","Wallop+1","Collect+1","DevaForm+1","CurseOfTheBell","FollowUp+1","Flash of Steel+1","Bandage Up","Madness","Madness","DeceiveReality+1","ThirdEye","WheelKick+1","ClearTheMind+1","PathToVictory+1","PathToVictory","Fasting2"],"relics":["PureWater","Ornamental Fan","Damaru","White Beast Statue","Golden Idol","CloakClasp","Astrolabe","Nunchaku","Mummified Hand","Art of War","Bottled Lightning","CaptainsWheel","Calling Bell","Regal Pillow","Molten Egg 2","Old Coin","Vajra","Anchor","Turnip","MealTicket","Omamori","Mercury Hourglass","Blood Vial"],"acts_visited":["Exordium","TheCity","TheBeyond","TheEnding"],"potions_floor_usage":[54,54,55,55],"damage_taken":[{"damage":1.0,"enemies":"Jaw Worm","floor":1.0,"turns":4.0},{"damage":0.0,"enemies":"Small Slimes","floor":2.0,"turns":2.0},{"damage":0.0,"enemies":"Cultist","floor":5.0,"turns":3.0},{"damage":19.0,"enemies":"3 Sentries","floor":6.0,"turns":13.0},{"damage":0.0,"enemies":"Gremlin Nob","floor":8.0,"turns":3.0},{"damage":1.0,"enemies":"3 Sentries","floor":10.0,"turns":7.0},{"damage":1.0,"enemies":"Exordium Thugs","floor":13.0,"turns":3.0},{"damage":0.0,"enemies":"Slime Boss","floor":16.0,"turns":9.0},{"damage":0.0,"enemies":"2 Thieves","floor":18.0,"turns":2.0},{"damage":0.0,"enemies":"Spheric Guardian","floor":20.0,"turns":3.0},{"damage":0.0,"enemies":"Centurion and Healer","floor":23.0,"turns":6.0},{"damage":29.0,"enemies":"Slavers","floor":25.0,"turns":5.0},{"damage":0.0,"enemies":"3 Cultists","floor":27.0,"turns":3.0},{"damage":3.0,"enemies":"Book of Stabbing","floor":29.0,"turns":6.0},{"damage":0.0,"enemies":"Shelled Parasite and Fungi","floor":31.0,"turns":1.0},{"damage":28.0,"enemies":"Collector","floor":33.0,"turns":10.0},{"damage":3.0,"enemies":"3 Darklings","floor":35.0,"turns":7.0},{"damage":0.0,"enemies":"3 Shapes","floor":39.0,"turns":2.0},{"damage":0.0,"enemies":"Giant Head","floor":40.0,"turns":7.0},{"damage":0.0,"enemies":"Sphere and 2 Shapes","floor":41.0,"turns":4.0},{"damage":3.0,"enemies":"Nemesis","floor":46.0,"turns":7.0},{"damage":0.0,"enemies":"Transient","floor":47.0,"turns":5.0},{"damage":0.0,"enemies":"Giant Head","floor":48.0,"turns":7.0},{"damage":27.0,"enemies":"Time Eater","floor":50.0,"turns":11.0},{"damage":41,"enemies":"Shield and Spear","floor":54,"turns":7},{"damage":43,"enemies":"The Heart","floor":55,"turns":10}],"seed_played":"-7114635218181946021","potions_obtained":[{"floor":8.0,"key":"LiquidMemories"},{"floor":10.0,"key":"EntropicBrew"},{"floor":12.0,"key":"Weak Potion"},{"floor":13.0,"key":"GamblersBrew"},{"floor":18.0,"key":"CultistPotion"},{"floor":20.0,"key":"AttackPotion"},{"floor":25.0,"key":"Fire Potion"},{"floor":27.0,"key":"LiquidMemories"},{"floor":29.0,"key":"PowerPotion"},{"floor":33.0,"key":"SpeedPotion"},{"floor":35.0,"key":"Block Potion"},{"floor":39.0,"key":"BottledMiracle"},{"floor":40.0,"key":"EssenceOfSteel"},{"floor":41.0,"key":"SkillPotion"},{"floor":46.0,"key":"DuplicationPotion"},{"floor":47.0,"key":"LiquidBronze"},{"floor":48.0,"key":"SpeedPotion"},{"floor":54,"key":"BlessingOfTheForge"}],"is_trial":false,"path_per_floor":["M","M","?","$","M","E","R","E","T","E","?","?","M","T","R","B",null,"M","$","M","?","T","M","R","E","T","M","R","E","R","M","R","B",null,"M","?","?","$","M","E","M","R","T","$","R","E","M","E","R","B",null,"R","$","E","B",null],"character_chosen":"WATCHER","items_purchased":["Apotheosis","PathToVictory","Nirvana","Impatience","Vajra","Anchor","DeceiveReality","ThirdEye","WheelKick+1","Dexterity Potion","AttackPotion","Energy Potion","Fasting2"],"campfire_rested":1,"item_purchase_floors":[4,4,19,19,38,38,38,38,38,53,53,53,53],"current_hp_per_floor":[71,71,71,71,71,52,52,52,52,51,51,51,50,50,50,50,72,72,72,72,72,72,72,72,43,43,43,43,40,61,61,61,33,72,69,64,55,55,55,61,67,67,67,72,72,72,72,72,72,51,72,72,72,37,2],"gold":49,"neow_bonus":"UPGRADE_CARD","is_daily":false,"chose_seed":false,"campfire_upgraded":8,"win_rate":0.0,"timestamp":1613345536,"path_taken":["M","M","?","$","M","E","R","E","T","E","?","?","?","?","R","BOSS","M","$","?","?","?","?","R","E","T","M","R","E","R","M","R","BOSS","M","?","?","$","M","E","M","R","T","?","R","E","M","E","R","BOSS","R","$","E","BOSS"],"items_purchased_type":["Card","Card","Card","Card","Relic","Relic","Card","Card","Card","Potion","Potion","Potion","Card"],"build_version":"2020-12-22","purchased_purges":3,"victory":true,"max_hp_per_floor":[72,72,72,72,72,72,72,72,72,72,72,72,72,72,72,72,72,72,72,72,72,72,72,72,72,72,72,72,72,72,72,72,72,72,72,72,72,72,72,72,72,72,72,72,72,72,72,72,72,72,72,72,72,72,72],"card_choices":[{"not_picked":["EmptyBody","Crescendo"],"picked":"JustLucky","floor":1.0},{"not_picked":["Pray","SashWhip"],"picked":"EmptyBody","floor":2.0},{"not_picked":["Evaluate","Worship"],"picked":"SignatureMove","floor":5.0},{"not_picked":["WindmillStrike","Halt"],"picked":"Wireheading","floor":6.0},{"not_picked":["Omniscience","Weave","ForeignInfluence"],"picked":"SKIP","floor":8.0},{"not_picked":["ForeignInfluence","EmptyBody"],"picked":"BattleHymn","floor":10.0},{"not_picked":["FlurryOfBlows","JustLucky"],"picked":"BowlingBash","floor":13.0},{"not_picked":["Blasphemy","Omniscience"],"picked":"Ragnarok","floor":16.0},{"not_picked":["SashWhip+1","Wallop"],"picked":"Study","floor":18.0},{"not_picked":["SignatureMove+1","EmptyMind"],"picked":"SashWhip+1","floor":20.0},{"not_picked":["BowlingBash","Halt","JustLucky"],"picked":"SKIP","floor":23.0},{"not_picked":["FlyingSleeves","Blasphemy"],"picked":"WaveOfTheHand","floor":25.0},{"not_picked":["Vengeance","WindmillStrike"],"picked":"Wallop","floor":27.0},{"not_picked":["Consecrate","BowlingBash"],"picked":"Collect","floor":29.0},{"not_picked":["Judgement","Omniscience"],"picked":"DevaForm","floor":33.0},{"not_picked":["Nirvana+1","JustLucky+1"],"picked":"FollowUp+1","floor":35.0},{"not_picked":["Madness","Discovery"],"picked":"Flash of Steel+1","floor":36.0},{"not_picked":["Discovery","Good Instincts"],"picked":"Bandage Up","floor":36.0},{"not_picked":["Study+1","FlyingSleeves+1"],"picked":"ClearTheMind+1","floor":39.0},{"not_picked":["CarveReality+1","Fasting2","DeusExMachina"],"picked":"SKIP","floor":40.0},{"not_picked":["Pray+1","SandsOfTime+1","Fasting2+1"],"picked":"SKIP","floor":41.0},{"not_picked":["SignatureMove+1","Crescendo"],"picked":"PathToVictory+1","floor":46.0},{"not_picked":["Adaptation","BowlingBash+1"],"picked":"PathToVictory","floor":47.0},{"not_picked":["Tantrum+1","PathToVictory+1","CrushJoints+1"],"picked":"SKIP","floor":48.0},{"not_picked":["SignatureMove+1","BowlingBash+1","LessonLearned+1"],"picked":"SKIP","floor":54}],"player_experience":2847101,"relics_obtained":[{"floor":6.0,"key":"Ornamental Fan"},{"floor":8.0,"key":"Damaru"},{"floor":10.0,"key":"White Beast Statue"},{"floor":14.0,"key":"CloakClasp"},{"floor":22.0,"key":"Mummified Hand"},{"floor":25.0,"key":"Art of War"},{"floor":26.0,"key":"Bottled Lightning"},{"floor":29.0,"key":"CaptainsWheel"},{"floor":34.0,"key":"Regal Pillow"},{"floor":34.0,"key":"Molten Egg 2"},{"floor":34.0,"key":"Old Coin"},{"floor":40.0,"key":"Turnip"},{"floor":43.0,"key":"MealTicket"},{"floor":46.0,"key":"Omamori"},{"floor":48.0,"key":"Mercury Hourglass"},{"floor":54,"key":"Blood Vial"}],"event_choices":[{"damage_healed":0.0,"max_hp_gain":0.0,"max_hp_loss":0.0,"gold_gain":175.0,"event_name":"Liars Game","player_choice":"AGREE","floor":3.0,"gold_loss":0.0,"damage_taken":0.0,"cards_obtained":["Doubt"]},{"damage_healed":0.0,"max_hp_gain":0.0,"max_hp_loss":0.0,"gold_gain":0.0,"event_name":"Golden Idol","player_choice":"Take Wound","floor":11.0,"gold_loss":0.0,"damage_taken":0.0,"relics_obtained":["Golden Idol"],"cards_obtained":["Injury"]},{"damage_healed":0.0,"max_hp_gain":0.0,"max_hp_loss":0.0,"gold_gain":0.0,"event_name":"Lab","player_choice":"Got Potions","floor":12.0,"gold_loss":0.0,"damage_taken":0.0},{"damage_healed":0.0,"max_hp_gain":0.0,"max_hp_loss":0.0,"gold_gain":0.0,"event_name":"The Mausoleum","player_choice":"Opened","floor":21.0,"gold_loss":0.0,"damage_taken":0.0,"relics_obtained":["Nunchaku"]},{"damage_healed":0.0,"max_hp_gain":0.0,"max_hp_loss":0.0,"gold_gain":0.0,"event_name":"SensoryStone","player_choice":"Memory 2","floor":36.0,"gold_loss":0.0,"damage_taken":5.0},{"damage_healed":0.0,"max_hp_gain":0.0,"max_hp_loss":0.0,"gold_gain":0.0,"event_name":"Winding Halls","player_choice":"Embrace Madness","floor":37.0,"gold_loss":0.0,"damage_taken":9.0,"cards_obtained":["Madness","Madness"]}],"is_beta":false,"boss_relics":[{"not_picked":["Pandora\u0027s Box","SacredBark"],"picked":"Astrolabe"},{"not_picked":["Sozu","Velvet Choker"],"picked":"Calling Bell"}],"items_purged_floors":[4,19,38],"is_endless":false,"potions_floor_spawned":[8,10,13,16,18,20,23,25,27,29,31,33,35,39,40,41,46,47,48,54],"ascension_level":0}}