{"host":"gc0hqzwg2gd3zszy","time":1613282723,"event":{"mods":["BaseMod","DeckTracker","Minty Spire (QoL Compilation)","Relic Stats","SuperFastMode"],"gold_per_floor":[116,13,13,32,32,62,62,62,62,62,62,62],"floor_reached":11,"language":"KOR","playtime":308,"items_purged":["Strike_B"],"score":138,"play_id":"9e1a9e69-7461-42da-9678-1d1c11e7d5e4","local_time":"20210214150523","is_ascension_mode":true,"campfire_choices":[{"floor":10,"key":"REST"}],"circlet_count":0,"master_deck":["AscendersBane","Strike_B","Strike_B","Defend_B","Defend_B","Defend_B","Defend_B","Zap+1","Dualcast+1","BootSequence","Coolheaded","Conserve Battery","Aggregate"],"relics":["Cracked Core","Nunchaku","Golden Idol","Pear"],"acts_visited":["Exordium"],"potions_floor_usage":[11],"damage_taken":[{"damage":1.0,"enemies":"2 Louse","floor":1.0,"turns":3.0},{"damage":2,"enemies":"Small Slimes","floor":4,"turns":4},{"damage":37,"enemies":"Lagavulin","floor":6,"turns":9},{"damage":37,"enemies":"3 Sentries","floor":11,"turns":11}],"seed_played":"-6707959212627115313","potions_obtained":[{"floor":1.0,"key":"DistilledChaos"},{"floor":6,"key":"Weak Potion"}],"is_trial":false,"path_per_floor":["M","$","?","M","?","E","?","?","T","R","E"],"character_chosen":"DEFECT","items_purchased":["Coolheaded"],"campfire_rested":1,"item_purchase_floors":[2],"current_hp_per_floor":[63,63,63,61,40,3,3,3,13,35,0,0],"gold":62,"neow_bonus":"REMOVE_CARD","is_daily":false,"chose_seed":false,"campfire_upgraded":0,"win_rate":0.0,"timestamp":1613282723,"path_taken":["M","$","?","M","?","E","?","?","T","R","E"],"items_purchased_type":["Card"],"build_version":"2020-12-22","purchased_purges":1,"victory":false,"max_hp_per_floor":[71,71,71,71,71,71,71,64,74,74,74,74],"relic_stats":{"Nunchaku":[0],"counters":[4,27],"Golden Idol":0,"obtain_stats":[{"Nunchaku":6,"Pear":9,"Golden Idol":8,"Cracked Core":0},{"Nunchaku":3,"Pear":3,"Golden Idol":3,"Cracked Core":0},{"Nunchaku":16,"Pear":16,"Golden Idol":16,"Cracked Core":0}]},"card_choices":[{"not_picked":["Turbo","Streamline"],"picked":"BootSequence","floor":1.0},{"not_picked":["Sweeping Beam","Cold Snap"],"picked":"Conserve Battery","floor":4},{"not_picked":["Recycle","Gash"],"picked":"Aggregate","floor":6}],"player_experience":1397620,"relics_obtained":[{"floor":6,"key":"Nunchaku"},{"floor":9,"key":"Pear"}],"event_choices":[{"damage_healed":0,"gold_gain":0,"player_choice":"Fled","damage_taken":0,"max_hp_gain":0,"max_hp_loss":0,"event_name":"Scrap Ooze","floor":3,"gold_loss":0},{"damage_healed":0,"gold_gain":0,"player_choice":"Entered Light","damage_taken":21,"max_hp_gain":0,"max_hp_loss":0,"event_name":"Shining Light","floor":5,"gold_loss":0,"cards_upgraded":["Zap","Dualcast"]},{"damage_healed":0,"gold_gain":0,"player_choice":"Searched \u00270\u0027 times","damage_taken":0,"max_hp_gain":0,"max_hp_loss":0,"event_name":"Dead Adventurer","floor":7,"gold_loss":0},{"damage_healed":0,"gold_gain":0,"player_choice":"Lose Max HP","damage_taken":0,"relics_obtained":["Golden Idol"],"max_hp_gain":0,"max_hp_loss":7,"event_name":"Golden Idol","floor":8,"gold_loss":0}],"is_beta":false,"boss_relics":[],"items_purged_floors":[2],"is_endless":false,"potions_floor_spawned":[1,6],"killed_by":"3 Sentries","ascension_level":20}}