{"host":"8o45mh5p3pp1o2mi","time":1613344668,"event":{"mods":["BaseMod","Bestiary","Better Match","Better Third Choice","BetterRewards","Dark Map","Downfall","Fox Events","Minty Spire (QoL Compilation)","Rare Cards Sparkle","Relic Stats","Replay The Spire","Shop Mod","Spire Exporter","StSLib","everything is the same but u backflip on backflip"],"gold_per_floor":[99,9,29,47,65,65,92,92,103,103,113,123,123,148,168,168,168,168],"floor_reached":16,"language":"ENG","playtime":715,"items_purged":["Doubt"],"score":104,"play_id":"f79981e8-d4fe-4fc2-9fc8-c9d95a08f327","local_time":"20210214231748","is_ascension_mode":false,"campfire_choices":[{"data":"hexamod:Sear","floor":1,"key":"SMITH"},{"data":"hexamod:HeatCrush","floor":6,"key":"SMITH"},{"floor":10,"key":"REST"},{"floor":13,"key":"REST"}],"circlet_count":0,"master_deck":["hexamod:Strike","hexamod:Strike","hexamod:Defend","hexamod:Sear+1","hexamod:Float","Injury","hexamod:ChargedBarrage+1","hexamod:HeatCrush+1","hexamod:ExtraCrispy","hexamod:SkipABeat","hexamod:FastForward","hexamod:SearingWound","hexamod:ThermalTransfer","hexamod:FlamesFromBeyond","hexamod:GhostShield"],"relics":["Kintsugi","Omamori","Pen Nib"],"acts_visited":["Exordium"],"potions_floor_usage":[16],"damage_taken":[{"damage":10,"enemies":"downfall:FleeingMerchant","floor":2,"turns":4},{"damage":8,"enemies":"Jaw Worm","floor":3,"turns":3},{"damage":0,"enemies":"Cultist","floor":4,"turns":2},{"damage":10,"enemies":"2 Louse","floor":5,"turns":3},{"damage":19,"enemies":"2 Fungi Beasts","floor":9,"turns":3},{"damage":15,"enemies":"downfall:LooterAlt","floor":11,"turns":3},{"damage":7,"enemies":"Blue Slaver","floor":12,"turns":2},{"damage":18,"enemies":"Gremlin Nob","floor":14,"turns":3},{"damage":16,"enemies":"Exordium Wildlife","floor":15,"turns":3},{"damage":9,"enemies":"WA_ARCHETYPE_RETAIN","floor":16,"turns":2}],"seed_played":"5178372077460029637","potions_obtained":[{"floor":5,"key":"Weak Potion"},{"floor":9,"key":"Strength Potion"},{"floor":12,"key":"Elixir"},{"floor":14,"key":"hexamod:DoubleChargePotion"}],"is_trial":false,"path_per_floor":["R","$","M","M","M","R","T","?","M","R","M","M","R","E","M","B"],"character_chosen":"THE_SPIRIT","items_purchased":[],"campfire_rested":2,"item_purchase_floors":[],"current_hp_per_floor":[70,60,52,52,42,42,42,42,23,44,29,22,43,25,9,0,0,0],"gold":168,"neow_bonus":"BOSS_RELIC","is_daily":false,"chose_seed":false,"campfire_upgraded":2,"win_rate":0.0,"timestamp":1613344668,"path_taken":["R","$","M","M","M","R","T","?","M","R","?","M","R","E","M","BOSS"],"items_purchased_type":[],"build_version":"2020-12-22","purchased_purges":1,"victory":false,"max_hp_per_floor":[70,70,70,70,70,70,70,70,70,70,70,70,70,70,70,70,70,70],"relic_stats":{"counters":[10,28],"Pen Nib":[0],"obtain_stats":[{"Pen Nib":14,"Omamori":7,"Kintsugi":0,"hexamod:SpiritBrand":0},{"Pen Nib":8,"Omamori":4,"Kintsugi":0,"hexamod:SpiritBrand":0},{"Pen Nib":23,"Omamori":12,"Kintsugi":0,"hexamod:SpiritBrand":0}]},"card_choices":[{"not_picked":["hexamod:BacktrackSmack","hexamod:AdvancingGuard"],"picked":"hexamod:ChargedBarrage","floor":2},{"not_picked":["hexamod:GhostLash","hexamod:Incineration"],"picked":"hexamod:HeatCrush","floor":3},{"not_picked":["hexamod:ShieldOfDarkness","hexamod:GhostLash"],"picked":"hexamod:ExtraCrispy","floor":4},{"not_picked":["hexamod:Haunt","hexamod:Hexaguard"],"picked":"hexamod:SkipABeat","floor":5},{"not_picked":["hexamod:InspiringFlames","hexamod:Firestarter"],"picked":"hexamod:FastForward","floor":9},{"not_picked":["hexamod:Incineration","hexamod:SuperheatedStrike"],"picked":"hexamod:SearingWound","floor":11},{"not_picked":["hexamod:SkipABeat","hexamod:HauntingEcho"],"picked":"hexamod:ThermalTransfer","floor":12},{"not_picked":["hexamod:ShieldOfDarkness","hexamod:RecurringNightmare"],"picked":"hexamod:FlamesFromBeyond","floor":14},{"not_picked":["hexamod:ThermalTransfer","hexamod:NightmareStrike"],"picked":"hexamod:GhostShield","floor":15}],"player_experience":207306,"relics_obtained":[{"floor":7,"key":"Omamori"},{"floor":14,"key":"Pen Nib"}],"event_choices":[{"damage_healed":0,"gold_gain":0,"player_choice":"Forge","damage_taken":0,"max_hp_gain":0,"max_hp_loss":0,"event_name":"Accursed Blacksmith","floor":8,"gold_loss":0,"cards_upgraded":["hexamod:ChargedBarrage"]}],"is_beta":false,"boss_relics":[],"items_purged_floors":[2],"is_endless":false,"potions_floor_spawned":[5,9,12,14],"killed_by":"WA_ARCHETYPE_RETAIN","ascension_level":0}}