{"host":"xw7092rw7wabncmm","time":1613341772,"event":{"mods":["AchievementEnabler","BaseMod","Bestiary","Block Reminder","Minty Spire (QoL Compilation)","Quick Restart","Relic Stats","Slay-I","Weighted Paths"],"gold_per_floor":[112,131,143,157,170,170,195,195,195,222,263,287,326,53,53,164,164,185,284,284,304,304,338,338,338,338,374,24,68,87,87,87],"floor_reached":31,"language":"ENG","playtime":1365,"items_purged":[],"score":605,"play_id":"eab501c4-7f75-4eb3-9bef-e90daf0c7bee","local_time":"20210214172932","is_ascension_mode":true,"campfire_choices":[{"data":"Zap","floor":6,"key":"SMITH"},{"data":"Gash","floor":8,"key":"SMITH"},{"data":"Biased Cognition","floor":15,"key":"SMITH"},{"floor":25,"key":"REST"}],"circlet_count":0,"master_deck":["AscendersBane","Strike_B","Strike_B","Strike_B","Strike_B","Defend_B","Defend_B","Defend_B","Defend_B","Zap+1","Dualcast","Gash+1","Cold Snap","Ball Lightning","Electrodynamics","Conserve Battery","Gash","Ball Lightning","Biased Cognition+1","Leap","Gash","Cold Snap","Multi-Cast+1","Leap+1","Cold Snap","Steam Power+1","Ball Lightning+1","Coolheaded+1","Reinforced Body+1"],"relics":["Cracked Core","Letter Opener","CeramicFish","Omamori","Ornamental Fan","Toxic Egg 2","SlaversCollar","Pantograph","Frozen Egg 2","The Courier","Singing Bowl","Ancient Tea Set","Boot"],"acts_visited":["Exordium","TheCity"],"potions_floor_usage":[7,7,12,16,21,23,31],"damage_taken":[{"damage":1,"enemies":"Cultist","floor":1,"turns":3},{"damage":0,"enemies":"2 Louse","floor":2,"turns":2},{"damage":12,"enemies":"Small Slimes","floor":3,"turns":3},{"damage":1,"enemies":"2 Fungi Beasts","floor":4,"turns":3},{"damage":7,"enemies":"Looter","floor":5,"turns":3},{"damage":11,"enemies":"Gremlin Nob","floor":7,"turns":3},{"damage":0,"enemies":"Large Slime","floor":10,"turns":3},{"damage":0,"enemies":"3 Sentries","floor":11,"turns":2},{"damage":0,"enemies":"3 Louse","floor":12,"turns":1},{"damage":11,"enemies":"Gremlin Nob","floor":13,"turns":3},{"damage":0,"enemies":"Slime Boss","floor":16,"turns":5},{"damage":16,"enemies":"3 Byrds","floor":18,"turns":3},{"damage":0,"enemies":"2 Thieves","floor":21,"turns":3},{"damage":27,"enemies":"Slavers","floor":23,"turns":4},{"damage":9,"enemies":"Book of Stabbing","floor":27,"turns":5},{"damage":29,"enemies":"Slavers","floor":29,"turns":2},{"damage":19,"enemies":"Snake Plant","floor":30,"turns":5},{"damage":26,"enemies":"Cultist and Chosen","floor":31,"turns":4}],"seed_played":"-629637049218635638","potions_obtained":[{"floor":1,"key":"FocusPotion"},{"floor":5,"key":"SteroidPotion"},{"floor":7,"key":"GamblersBrew"},{"floor":12,"key":"PowerPotion"},{"floor":13,"key":"EssenceOfDarkness"},{"floor":18,"key":"DistilledChaos"},{"floor":30,"key":"FearPotion"}],"is_trial":false,"path_per_floor":["M","M","M","M","M","R","E","R","T","M","E","M","E","$","R","B",null,"M","?","?","M","?","E","?","R","T","E","$","E","M","M"],"character_chosen":"DEFECT","items_purchased":["Toxic Egg 2","Cold Snap","Singing Bowl","Ancient Tea Set","Coolheaded+1"],"campfire_rested":1,"item_purchase_floors":[14,14,28,28,28],"current_hp_per_floor":[74,74,62,61,54,54,43,43,43,43,43,43,32,32,32,32,70,54,54,54,54,81,54,38,64,64,55,55,26,9,0,0],"gold":87,"neow_bonus":"TEN_PERCENT_HP_BONUS","is_daily":false,"chose_seed":false,"campfire_upgraded":3,"win_rate":0.0,"timestamp":1613341772,"path_taken":["M","M","M","M","M","R","E","R","T","?","E","M","E","$","R","BOSS","M","?","?","M","?","E","?","R","T","E","$","E","M","M"],"items_purchased_type":["Relic","Card","Relic","Relic","Card"],"build_version":"2020-12-22","purchased_purges":0,"victory":false,"max_hp_per_floor":[82,82,82,82,82,82,82,82,82,82,82,82,82,82,82,82,82,82,82,82,82,82,82,87,87,87,87,87,87,89,89,89],"relic_stats":{"Singing Bowl":2,"counters":[18,57],"Ornamental Fan":[36],"CeramicFish":108,"Pantograph":0,"Letter Opener":[55],"Boot":[15],"obtain_stats":[{"Singing Bowl":28,"CeramicFish":9,"The Courier":27,"Omamori":11,"Letter Opener":7,"Frozen Egg 2":26,"Ancient Tea Set":28,"Boot":29,"SlaversCollar":17,"Ornamental Fan":13,"Pantograph":23,"Toxic Egg 2":14,"Cracked Core":0},{"Singing Bowl":15,"CeramicFish":6,"The Courier":15,"Omamori":8,"Letter Opener":6,"Frozen Egg 2":14,"Ancient Tea Set":15,"Boot":16,"SlaversCollar":11,"Ornamental Fan":10,"Pantograph":14,"Toxic Egg 2":10,"Cracked Core":0},{"Singing Bowl":46,"CeramicFish":17,"The Courier":46,"Omamori":22,"Letter Opener":17,"Frozen Egg 2":41,"Ancient Tea Set":46,"Boot":48,"SlaversCollar":31,"Ornamental Fan":26,"Pantograph":41,"Toxic Egg 2":26,"Cracked Core":0}]},"card_choices":[{"not_picked":["Barrage","BootSequence"],"picked":"Gash","floor":1},{"not_picked":["Coolheaded","Leap"],"picked":"Cold Snap","floor":2},{"not_picked":["Beam Cell","Coolheaded"],"picked":"Ball Lightning","floor":3},{"not_picked":["Sweeping Beam","Melter"],"picked":"Electrodynamics","floor":4},{"not_picked":["Double Energy","Genetic Algorithm"],"picked":"Conserve Battery","floor":5},{"not_picked":["BootSequence","Rainbow"],"picked":"Gash","floor":7},{"not_picked":["Recycle","Stack"],"picked":"Ball Lightning","floor":10},{"not_picked":["Stack","Hologram"],"picked":"Biased Cognition","floor":11},{"not_picked":["Darkness","Ball Lightning"],"picked":"Leap","floor":12},{"not_picked":["BootSequence","Capacitor"],"picked":"Gash","floor":13},{"not_picked":["Echo Form","Hyperbeam"],"picked":"Multi-Cast+1","floor":16},{"not_picked":["Redo+1","Sweeping Beam"],"picked":"Leap+1","floor":18},{"not_picked":["Sweeping Beam+1","Go for the Eyes"],"picked":"Cold Snap","floor":21},{"not_picked":["Biased Cognition","Beam Cell+1"],"picked":"Steam Power+1","floor":23},{"not_picked":["Blizzard","Gash"],"picked":"Ball Lightning+1","floor":27},{"not_picked":["Loop+1","Rebound+1"],"picked":"Reinforced Body+1","floor":29},{"not_picked":["Steam Power+1","Sweeping Beam+1","Reprogram+1"],"picked":"Singing Bowl","floor":30}],"player_experience":1647611,"relics_obtained":[{"floor":7,"key":"Letter Opener"},{"floor":9,"key":"CeramicFish"},{"floor":11,"key":"Omamori"},{"floor":13,"key":"Ornamental Fan"},{"floor":23,"key":"Pantograph"},{"floor":26,"key":"Frozen Egg 2"},{"floor":27,"key":"The Courier"},{"floor":29,"key":"Boot"}],"event_choices":[{"damage_healed":0,"gold_gain":99,"player_choice":"Stole From Cult","damage_taken":0,"max_hp_gain":0,"max_hp_loss":0,"event_name":"Nest","floor":19,"gold_loss":0},{"damage_healed":0,"gold_gain":0,"player_choice":"Ignored","damage_taken":0,"max_hp_gain":0,"max_hp_loss":0,"event_name":"Cursed Tome","floor":20,"gold_loss":0},{"damage_healed":27,"gold_gain":0,"player_choice":"Heal","damage_taken":0,"max_hp_gain":0,"max_hp_loss":0,"event_name":"The Library","floor":22,"gold_loss":0},{"damage_healed":0,"gold_gain":0,"player_choice":"Shed Blood","damage_taken":21,"max_hp_gain":5,"max_hp_loss":0,"event_name":"Forgotten Altar","floor":24,"gold_loss":0}],"is_beta":false,"boss_relics":[{"not_picked":["Inserter","Sozu"],"picked":"SlaversCollar"}],"items_purged_floors":[],"is_endless":false,"potions_floor_spawned":[1,5,7,12,13,18,30],"killed_by":"Cultist and Chosen","ascension_level":11}}