{"host":"ibckqdmmf9y74ymf","time":1613329378,"event":{"mods":["2.2 Compatiblity","BaseMod","Colored Map","Curses Come First","Highlight Path","Minty Spire (QoL Compilation)","Quick Restart","Rare Cards Sparkle","Relic Stats","StSLib"],"gold_per_floor":[110,110,110,131,56,95,95,130,156,176,4,4,18,53,53,144,144,164,79,118,118,136,136,170,170,170,10,10,10],"floor_reached":28,"language":"ENG","playtime":763,"items_purged":["Strike_P"],"score":704,"play_id":"0af1f88e-54b1-4174-b284-1f724fe7fa36","local_time":"20210214200258","is_ascension_mode":true,"campfire_choices":[{"data":"Conclude","floor":7.0,"key":"SMITH"},{"data":"LessonLearned","floor":12.0,"key":"SMITH"},{"data":"CrushJoints","floor":15.0,"key":"SMITH"},{"data":"SpiritShield","floor":23,"key":"SMITH"},{"data":"BowlingBash","floor":25,"key":"SMITH"}],"circlet_count":0,"master_deck":["AscendersBane","Strike_P+1","Strike_P+1","Defend_P","Defend_P","Defend_P","Eruption","Vigilance+1","EmptyFist+1","Prostrate","Conclude+1","Wallop+1","Protect+1","EmptyBody","LessonLearned+1","CrushJoints+1","DevaForm","SpiritShield+1","BowlingBash+1","Halt+1","Tantrum","Wallop"],"relics":["PureWater","NeowsBlessing","Golden Idol","Bag of Marbles","Kunai","MealTicket","InkBottle","Coffee Dripper","CaptainsWheel","Red Mask","Frozen Egg 2","Toxic Egg 2"],"acts_visited":["Exordium","TheCity"],"potions_floor_usage":[24],"damage_taken":[{"damage":0.0,"enemies":"2 Louse","floor":1.0,"turns":2.0},{"damage":0.0,"enemies":"Small Slimes","floor":4.0,"turns":1.0},{"damage":0.0,"enemies":"Lagavulin","floor":6.0,"turns":1.0},{"damage":0.0,"enemies":"Gremlin Nob","floor":8.0,"turns":2.0},{"damage":0.0,"enemies":"Jaw Worm","floor":10.0,"turns":1.0},{"damage":5.0,"enemies":"Exordium Thugs","floor":13.0,"turns":4.0},{"damage":7.0,"enemies":"3 Sentries","floor":14.0,"turns":6.0},{"damage":0.0,"enemies":"Slime Boss","floor":16.0,"turns":9.0},{"damage":6.0,"enemies":"Chosen","floor":18.0,"turns":3.0},{"damage":22.0,"enemies":"Masked Bandits","floor":20.0,"turns":5.0},{"damage":4,"enemies":"2 Thieves","floor":22,"turns":2},{"damage":17,"enemies":"Slavers","floor":24,"turns":6},{"damage":16,"enemies":"Gremlin Leader","floor":28,"turns":2}],"seed_played":"2910373036431115659","potions_obtained":[{"floor":1.0,"key":"DistilledChaos"},{"floor":6.0,"key":"StancePotion"},{"floor":14.0,"key":"ColorlessPotion"},{"floor":16.0,"key":"StancePotion"},{"floor":18.0,"key":"Ambrosia"}],"is_trial":false,"path_per_floor":["M","?","?","M","?","E","R","E","T","M","$","R","M","E","R","B",null,"M","?","?","?","M","R","E","R","T","$","E"],"character_chosen":"WATCHER","items_purchased":["LessonLearned","Wallop"],"campfire_rested":0,"item_purchase_floors":[11,27],"current_hp_per_floor":[61,61,61,61,61,61,61,61,61,61,62,62,57,50,50,50,59,53,53,31,31,27,27,10,10,10,25,9,9],"gold":10,"neow_bonus":"THREE_ENEMY_KILL","is_daily":false,"chose_seed":false,"campfire_upgraded":5,"win_rate":0.0,"timestamp":1613329378,"path_taken":["M","?","?","M","?","E","R","E","T","M","?","R","M","E","R","BOSS","M","?","?","?","M","R","E","R","T","$","E"],"items_purchased_type":["Card","Card"],"build_version":"2020-12-22","purchased_purges":1,"victory":false,"max_hp_per_floor":[68,68,62,62,62,62,62,62,62,62,62,62,62,62,62,62,62,62,62,62,62,62,62,62,62,62,62,62,62],"relic_stats":{"counters":[13,44],"Golden Idol":74,"MealTicket":16,"Kunai":[10],"obtain_stats":[{"CaptainsWheel":19,"NeowsBlessing":0,"Golden Idol":3,"MealTicket":9,"Bag of Marbles":6,"Coffee Dripper":17,"Red Mask":20,"Kunai":8,"PureWater":0,"Frozen Egg 2":24,"Toxic Egg 2":26,"InkBottle":14},{"CaptainsWheel":9,"NeowsBlessing":0,"Golden Idol":1,"MealTicket":4,"Bag of Marbles":3,"Coffee Dripper":8,"Red Mask":10,"Kunai":4,"PureWater":0,"Frozen Egg 2":12,"Toxic Egg 2":12,"InkBottle":7},{"CaptainsWheel":29,"NeowsBlessing":0,"Golden Idol":2,"MealTicket":6,"Bag of Marbles":4,"Coffee Dripper":26,"Red Mask":34,"Kunai":6,"PureWater":0,"Frozen Egg 2":42,"Toxic Egg 2":42,"InkBottle":17}],"InkBottle":[9]},"card_choices":[{"not_picked":["Wireheading","CutThroughFate"],"picked":"EmptyFist","floor":1.0},{"not_picked":["ClearTheMind","EmptyFist"],"picked":"Conclude","floor":4.0},{"not_picked":["CarveReality","FlyingSleeves"],"picked":"Wallop","floor":6.0},{"not_picked":["ForeignInfluence","InnerPeace"],"picked":"Protect","floor":8.0},{"not_picked":["LikeWater","Protect"],"picked":"EmptyBody","floor":10.0},{"not_picked":["Indignation","PathToVictory"],"picked":"CrushJoints","floor":13.0},{"not_picked":["FlyingSleeves","EmptyFist"],"picked":"DevaForm","floor":14.0},{"not_picked":["Ragnarok","Establishment"],"picked":"SpiritShield","floor":16.0},{"not_picked":["FlyingSleeves","Protect"],"picked":"BowlingBash","floor":18.0},{"not_picked":["JustLucky","DeceiveReality"],"picked":"Halt+1","floor":20.0},{"not_picked":["SashWhip","PathToVictory","FollowUp"],"picked":"SKIP","floor":22},{"not_picked":["SashWhip","Halt","ThirdEye"],"picked":"SKIP","floor":24}],"player_experience":719872,"relics_obtained":[{"floor":6.0,"key":"Bag of Marbles"},{"floor":8.0,"key":"Kunai"},{"floor":9.0,"key":"MealTicket"},{"floor":14.0,"key":"InkBottle"},{"floor":20.0,"key":"Red Mask"},{"floor":24,"key":"Frozen Egg 2"},{"floor":26,"key":"Toxic Egg 2"}],"event_choices":[{"damage_healed":0.0,"max_hp_gain":0.0,"max_hp_loss":0.0,"gold_gain":0.0,"cards_transformed":["Defend_P"],"event_name":"Living Wall","player_choice":"Change","floor":2.0,"gold_loss":0.0,"damage_taken":0.0,"cards_obtained":["Prostrate"]},{"damage_healed":0.0,"max_hp_gain":0.0,"max_hp_loss":6.0,"gold_gain":0.0,"event_name":"Golden Idol","player_choice":"Lose Max HP","floor":3.0,"gold_loss":0.0,"damage_taken":0.0,"relics_obtained":["Golden Idol"]},{"cards_removed":["Strike_P"],"damage_healed":0.0,"max_hp_gain":0.0,"max_hp_loss":0.0,"gold_gain":0.0,"event_name":"The Cleric","player_choice":"Card Removal","floor":5.0,"gold_loss":75.0,"damage_taken":0.0},{"damage_healed":0.0,"max_hp_gain":0.0,"max_hp_loss":0.0,"gold_gain":0.0,"event_name":"Addict","player_choice":"Obtained Relic","floor":19.0,"gold_loss":85.0,"damage_taken":0.0,"relics_obtained":["CaptainsWheel"]},{"damage_healed":0.0,"max_hp_gain":0.0,"max_hp_loss":0.0,"gold_gain":0.0,"event_name":"Masked Bandits","player_choice":"Fought Bandits","floor":20.0,"gold_loss":0.0,"damage_taken":0.0},{"damage_healed":0.0,"max_hp_gain":0.0,"max_hp_loss":0.0,"gold_gain":0.0,"event_name":"The Library","player_choice":"Read","floor":21.0,"gold_loss":0.0,"damage_taken":0.0,"cards_obtained":["Tantrum"]}],"is_beta":false,"boss_relics":[{"not_picked":["Astrolabe","HolyWater"],"picked":"Coffee Dripper"}],"items_purged_floors":[27],"is_endless":false,"potions_floor_spawned":[1,6,14,16,18,22],"killed_by":"Gremlin Leader","ascension_level":20}}