{"host":"9zznonz1olisd4fd","time":1613288181,"event":{"mods":["BaseMod","Keyboard Shortcuts","Minty Spire (QoL Compilation)","StSLib","SuperFastMode"],"gold_per_floor":[115,115,115,115,115,115,149,149,202,202,202,245,266,306,306,434,434,449,482,507,432,304,329,354,354,401,153,169,169,210,230,230,359,359,384,402,415,290,308,308,326,326,326,326,339,370,388,187,187,187],"floor_reached":51,"language":"KOR","playtime":9203,"items_purged":["Defend_G","Defend_G","Defend_G","Parasite"],"score":1060,"play_id":"c187eaa7-b88e-40ee-a323-2bb03fa9973b","local_time":"20210214163621","is_ascension_mode":true,"campfire_choices":[{"data":"Blade Dance","floor":6.0,"key":"SMITH"},{"data":"Acrobatics","floor":8.0,"key":"SMITH"},{"data":"Survivor","floor":10.0,"key":"SMITH"},{"floor":15.0,"key":"REST"},{"data":"Corpse Explosion","floor":29.0,"key":"SMITH"},{"floor":32.0,"key":"REST"},{"data":"Backflip","floor":40,"key":"SMITH"},{"data":"Acrobatics","floor":49,"key":"SMITH"}],"circlet_count":0,"master_deck":["Strike_G+1","Defend_G+1","Defend_G+1","Survivor+1","Neutralize+1","Blade Dance+1","Acrobatics+1","Corpse Explosion+1","Backflip+1","Backflip","Catalyst+1","Catalyst+1","Well Laid Plans+1","Tactician+1","Acrobatics+1"],"relics":["Ring of the Snake","NeowsBlessing","Golden Idol","Pear","Happy Flower","War Paint","Incense Burner","MealTicket","Empty Cage","Red Mask","Boot","Bag of Preparation","DollysMirror","Bottled Lightning","Sozu","Tough Bandages","Gremlin Horn"],"acts_visited":["Exordium","TheCity","TheBeyond"],"potions_floor_usage":[46],"damage_taken":[{"damage":0.0,"enemies":"Small Slimes","floor":1.0,"turns":1.0},{"damage":0.0,"enemies":"Lagavulin","floor":7.0,"turns":1.0},{"damage":0.0,"enemies":"3 Sentries","floor":12.0,"turns":2.0},{"damage":0.0,"enemies":"2 Louse","floor":13.0,"turns":2.0},{"damage":19.0,"enemies":"Lagavulin","floor":14.0,"turns":5.0},{"damage":23.0,"enemies":"Hexaghost","floor":16.0,"turns":13.0},{"damage":9.0,"enemies":"2 Thieves","floor":18.0,"turns":4.0},{"damage":22.0,"enemies":"Masked Bandits","floor":19.0,"turns":3.0},{"damage":4.0,"enemies":"Chosen","floor":20.0,"turns":5.0},{"damage":3.0,"enemies":"Centurion and Healer","floor":23.0,"turns":5.0},{"damage":0.0,"enemies":"3 Cultists","floor":24.0,"turns":2.0},{"damage":13.0,"enemies":"Sentry and Sphere","floor":28.0,"turns":6.0},{"damage":3.0,"enemies":"Book of Stabbing","floor":30.0,"turns":4.0},{"damage":5.0,"enemies":"Centurion and Healer","floor":31.0,"turns":2.0},{"damage":10.0,"enemies":"Champ","floor":33.0,"turns":9.0},{"damage":0.0,"enemies":"Orb Walker","floor":35.0,"turns":2.0},{"damage":0.0,"enemies":"3 Darklings","floor":36.0,"turns":2.0},{"damage":1.0,"enemies":"Writhing Mass","floor":37.0,"turns":3.0},{"damage":11,"enemies":"Sphere and 2 Shapes","floor":39,"turns":3},{"damage":0,"enemies":"4 Shapes","floor":41,"turns":3},{"damage":4,"enemies":"Writhing Mass","floor":45,"turns":3},{"damage":0,"enemies":"Reptomancer","floor":46,"turns":2},{"damage":0,"enemies":"Jaw Worm Horde","floor":47,"turns":1},{"damage":0,"enemies":"Time Eater","floor":50,"turns":4}],"seed_played":"2086295816101977117","potions_obtained":[{"floor":7.0,"key":"AttackPotion"},{"floor":12.0,"key":"DuplicationPotion"},{"floor":16.0,"key":"PowerPotion"},{"floor":19.0,"key":"Block Potion"},{"floor":24.0,"key":"LiquidMemories"}],"is_trial":false,"path_per_floor":["M","?","?","?","?","R","E","R","T","R","?","E","M","E","R","B",null,"M","?","M","?","$","M","M","T","T","$","M","R","E","M","R","B",null,"M","M","M","$","M","R","M","?","T","T","M","E","M","$","R","B",null],"character_chosen":"THE_SILENT","items_purchased":["Backflip","DollysMirror","Acrobatics"],"campfire_rested":2,"item_purchase_floors":[22,27,48],"current_hp_per_floor":[63,63,63,68,66,66,66,66,66,66,50,50,50,31,55,32,68,59,37,33,33,48,45,45,45,45,60,47,47,44,39,63,53,73,73,73,72,80,69,69,69,69,69,69,65,65,65,77,77,77],"gold":187,"neow_bonus":"THREE_ENEMY_KILL","is_daily":false,"chose_seed":false,"campfire_upgraded":6,"win_rate":0.0,"timestamp":1613288181,"path_taken":["M","?","?","?","?","R","E","R","T","R","?","E","M","E","R","BOSS","M","?","M","?","$","M","M","?","T","$","M","R","E","M","R","BOSS","M","M","M","$","M","R","?","?","T","?","M","E","M","$","R","BOSS"],"items_purchased_type":["Card","Relic","Card"],"build_version":"2020-12-22","purchased_purges":4,"victory":true,"max_hp_per_floor":[70,70,65,70,80,80,80,80,80,80,80,80,80,80,80,80,80,80,80,80,80,80,80,80,80,80,80,80,80,80,80,80,80,80,80,80,80,80,80,80,80,80,80,80,80,80,80,77,77,77],"card_choices":[{"not_picked":["Deadly Poison","All Out Attack"],"picked":"Blade Dance","floor":1.0},{"not_picked":["Blade Dance","Dash"],"picked":"Acrobatics","floor":7.0},{"not_picked":["Underhanded Strike","Quick Slash","PiercingWail"],"picked":"SKIP","floor":12.0},{"not_picked":["Deflect","Deadly Poison","Dodge and Roll"],"picked":"SKIP","floor":13.0},{"not_picked":["Dagger Spray","Flechettes","Dodge and Roll"],"picked":"SKIP","floor":14.0},{"not_picked":["Adrenaline","Phantasmal Killer"],"picked":"Corpse Explosion","floor":16.0},{"not_picked":["PiercingWail","Escape Plan+1"],"picked":"Backflip","floor":18.0},{"not_picked":["Sucker Punch","Predator","Die Die Die"],"picked":"SKIP","floor":20.0},{"not_picked":["Slice","Flying Knee"],"picked":"Catalyst+1","floor":23.0},{"not_picked":["Deflect","Bouncing Flask","Flying Knee"],"picked":"SKIP","floor":24.0},{"not_picked":["Dodge and Roll","Blade Dance","Infinite Blades"],"picked":"SKIP","floor":28.0},{"not_picked":["Dodge and Roll","PiercingWail","Underhanded Strike"],"picked":"SKIP","floor":30.0},{"not_picked":["Outmaneuver","Backflip+1","Acrobatics"],"picked":"SKIP","floor":31.0},{"not_picked":["Prepared","Slice+1","Expertise"],"picked":"SKIP","floor":35.0},{"not_picked":["Deadly Poison","Leg Sweep+1"],"picked":"Well Laid Plans+1","floor":36.0},{"not_picked":["Dash","Accuracy","Concentrate+1"],"picked":"SKIP","floor":37.0},{"not_picked":["Sucker Punch+1","Flying Knee","Underhanded Strike+1"],"picked":"SKIP","floor":39},{"not_picked":["Finisher+1","Deflect","Distraction"],"picked":"SKIP","floor":41},{"not_picked":["Storm of Steel","PiercingWail","Blade Dance+1"],"picked":"SKIP","floor":45},{"not_picked":["Endless Agony+1","Setup+1"],"picked":"Tactician+1","floor":46},{"not_picked":["Outmaneuver+1","Distraction+1","Eviscerate+1"],"picked":"SKIP","floor":47}],"player_experience":535315,"relics_obtained":[{"floor":7.0,"key":"Happy Flower"},{"floor":9.0,"key":"War Paint"},{"floor":12.0,"key":"Incense Burner"},{"floor":14.0,"key":"MealTicket"},{"floor":19.0,"key":"Red Mask"},{"floor":25.0,"key":"Boot"},{"floor":26.0,"key":"Bag of Preparation"},{"floor":30.0,"key":"Bottled Lightning"},{"floor":43,"key":"Tough Bandages"},{"floor":46,"key":"Gremlin Horn"}],"event_choices":[{"damage_healed":0.0,"max_hp_gain":0.0,"max_hp_loss":0.0,"gold_gain":0.0,"event_name":"Living Wall","player_choice":"Grow","floor":2.0,"gold_loss":0.0,"damage_taken":0.0,"cards_upgraded":["Neutralize"]},{"damage_healed":0.0,"max_hp_gain":0.0,"max_hp_loss":5.0,"gold_gain":0.0,"event_name":"Golden Idol","player_choice":"Lose Max HP","floor":3.0,"gold_loss":0.0,"damage_taken":0.0,"relics_obtained":["Golden Idol"]},{"damage_healed":0.0,"max_hp_gain":5.0,"max_hp_loss":0.0,"gold_gain":0.0,"event_name":"Big Fish","player_choice":"Donut","floor":4.0,"gold_loss":0.0,"damage_taken":0.0},{"damage_healed":0.0,"max_hp_gain":0.0,"max_hp_loss":0.0,"gold_gain":0.0,"event_name":"Scrap Ooze","player_choice":"Success","floor":5.0,"gold_loss":0.0,"damage_taken":12.0,"relics_obtained":["Pear"]},{"damage_healed":0.0,"max_hp_gain":0.0,"max_hp_loss":0.0,"gold_gain":0.0,"event_name":"Shining Light","player_choice":"Entered Light","floor":11.0,"gold_loss":0.0,"damage_taken":16.0,"cards_upgraded":["Strike_G","Strike_G"]},{"damage_healed":0.0,"max_hp_gain":0.0,"max_hp_loss":0.0,"gold_gain":0.0,"event_name":"Masked Bandits","player_choice":"Fought Bandits","floor":19.0,"gold_loss":0.0,"damage_taken":0.0},{"cards_removed":["Strike_G"],"damage_healed":0.0,"max_hp_gain":0.0,"max_hp_loss":0.0,"gold_gain":0.0,"event_name":"Beggar","player_choice":"Gave Gold","floor":21.0,"gold_loss":75.0,"damage_taken":0.0},{"cards_removed":["Strike_G"],"damage_healed":0,"gold_gain":0,"player_choice":"Removed Attack","damage_taken":0,"max_hp_gain":0,"max_hp_loss":0,"event_name":"Falling","floor":42,"gold_loss":0}],"is_beta":false,"boss_relics":[{"not_picked":["Tiny House","Fusion Hammer"],"picked":"Empty Cage"},{"not_picked":["Busted Crown","HoveringKite"],"picked":"Sozu"}],"items_purged_floors":[22,27,38,48],"is_endless":false,"potions_floor_spawned":[7,12,16,19,24,30,33,36,39,41],"ascension_level":6}}