{"host":"y3tal5djvejpcno2","time":1613269674,"event":{"mods":["BaseMod","Colored Map","Colored Powertips","Hermit","Infinite Spire","Minty Spire (QoL Compilation)","Permanent Neow","Quick Restart","Relic Stats","Replay The Spire","SOS???????","StSLib","The Blue Laboratory","The Bug Knight","The Cursed","The Jungle","Wandering Minibosses"],"gold_per_floor":[117,117,133,133,9,44,44,57,57,90,110,179,190,207,207,207,207],"floor_reached":16,"language":"ENG","playtime":1175,"items_purged":["HollowMod:NailStrikeStart"],"score":112,"play_id":"f283010b-31b3-429b-9469-0403abb1262d","local_time":"20210214002754","is_ascension_mode":false,"campfire_choices":[{"data":"HollowMod:MothsMistake","floor":7,"key":"SMITH"},{"data":"HollowMod:InfectedCysts","floor":15,"key":"SMITH"}],"circlet_count":0,"master_deck":["HollowMod:NailStrikeStart","HollowMod:NailStrikeStart","HollowMod:NailStrikeStart","HollowMod:QuickDashStart","HollowMod:QuickDashStart","HollowMod:QuickDashStart","HollowMod:QuickDashStart","HollowMod:FocusHealStart","HollowMod:PogoStrike","HollowMod:AwokenDreamNail","HollowMod:MantisMark","HollowMod:CycloneSlash+1","HollowMod:GoodIntentions","HollowMod:MothsMistake+1","HollowMod:SiblingsSouls","HollowMod:HowlingWraiths","HollowMod:InfectedCysts+1"],"relics":["HollowMod:VesselMask","Counterbalance","infinitespire:Lychee Nut","Lantern"],"acts_visited":["Exordium"],"potions_floor_usage":[13,16,16],"damage_taken":[{"damage":0,"enemies":"Cultist","floor":1,"turns":4},{"damage":0,"enemies":"Small Slimes","floor":3,"turns":3},{"damage":17,"enemies":"3 Sentries","floor":6,"turns":7},{"damage":7,"enemies":"2 Louse","floor":8,"turns":3},{"damage":45,"enemies":"Lagavulin","floor":10,"turns":8},{"damage":10,"enemies":"Blue Slaver","floor":11,"turns":4},{"damage":10,"enemies":"Red Slaver","floor":13,"turns":5},{"damage":1,"enemies":"Exordium Wildlife","floor":14,"turns":3},{"damage":60,"enemies":"Fading Forest","floor":16,"turns":11}],"seed_played":"-7660606779186035254","potions_obtained":[{"floor":3,"key":"blueLaboratory:NullPotion"},{"floor":6,"key":"Dexterity Potion"},{"floor":11,"key":"blueLaboratory:FrostheartPotion"},{"floor":13,"key":"blueLaboratory:HeartbeatPotion"}],"is_trial":false,"path_per_floor":["M","?","M","?","$","E","R","M","T","E","M","?","M","M","R","B"],"character_chosen":"THE_BUGKNIGHT","items_purchased":["HollowMod:GoodIntentions"],"campfire_rested":0,"item_purchase_floors":[5],"current_hp_per_floor":[60,60,70,70,70,63,63,62,56,24,20,20,22,26,26,0,0],"gold":207,"neow_bonus":"THREE_RARE_CARDS","is_daily":false,"chose_seed":false,"campfire_upgraded":2,"win_rate":0.0,"timestamp":1613269674,"path_taken":["M","?","M","?","$","E","R","M","T","E","M","?","M","M","R","BOSS"],"items_purchased_type":["Card"],"build_version":"2020-12-22","purchased_purges":1,"victory":false,"max_hp_per_floor":[75,75,75,75,75,75,75,75,56,56,56,56,56,56,56,56,56],"relic_stats":{"counters":[9,48],"obtain_stats":[{"Lantern":10,"infinitespire:Lychee Nut":9,"Counterbalance":6,"HollowMod:VesselMask":0},{"Lantern":5,"infinitespire:Lychee Nut":4,"Counterbalance":3,"HollowMod:VesselMask":0},{"Lantern":25,"infinitespire:Lychee Nut":17,"Counterbalance":14,"HollowMod:VesselMask":0}]},"card_choices":[{"not_picked":["HollowMod:LifebloodCore","HollowMod:NewInfectedGuardian"],"picked":"HollowMod:AwokenDreamNail","floor":0},{"not_picked":["HollowMod:NewLittleFool","HollowMod:SharpenedNail"],"picked":"HollowMod:MantisMark","floor":1},{"not_picked":["HollowMod:DoubleDash","HollowMod:HuntersJournal"],"picked":"HollowMod:CycloneSlash","floor":3},{"not_picked":["HollowMod:NewJinnsSoul","HollowMod:SiblingsSouls"],"picked":"HollowMod:MothsMistake","floor":6},{"not_picked":["HollowMod:RecoilStrike","HollowMod:WraithStrike","HollowMod:HeavyBlow"],"picked":"SKIP","floor":8},{"not_picked":["HollowMod:WraithStrike","HollowMod:DescendingDark"],"picked":"HollowMod:SiblingsSouls","floor":10},{"not_picked":["HollowMod:DreamGate","HollowMod:SharpenedNail","HollowMod:CoiledNail"],"picked":"SKIP","floor":11},{"not_picked":["HollowMod:CrystalDash","HollowMod:WraithStrike"],"picked":"HollowMod:HowlingWraiths","floor":13},{"not_picked":["HollowMod:SoulMaster","HollowMod:HeavyBlow"],"picked":"HollowMod:InfectedCysts","floor":14}],"player_experience":52663,"relics_obtained":[{"floor":6,"key":"Counterbalance"},{"floor":9,"key":"infinitespire:Lychee Nut"},{"floor":10,"key":"Lantern"}],"event_choices":[{"damage_healed":0,"gold_gain":0,"player_choice":"Ignored","damage_taken":0,"max_hp_gain":0,"max_hp_loss":0,"event_name":"Golden Idol","floor":2,"gold_loss":0},{"damage_healed":0,"gold_gain":69,"player_choice":"Gained Gold","damage_taken":0,"max_hp_gain":0,"max_hp_loss":0,"event_name":"Golden Wing","floor":12,"gold_loss":0}],"is_beta":false,"boss_relics":[],"items_purged_floors":[5],"is_endless":false,"potions_floor_spawned":[3,6,11,13,14],"killed_by":"Fading Forest","ascension_level":0}}