{"host":"blhqr6uo32maonpv","time":1613328409,"event":{"mods":["BaseMod","Downfall","Minty Spire (QoL Compilation)","StSLib"],"gold_per_floor":[99,112,125,30,30,30,53,67,67,97,113,113,113,131,141,237,237,237,2,17,27,27,27,27,41,41,57,69,83,83,183,203,303,303,103,120,130,115,115,278,278,288,39,67,85,112,112,131,131,131],"floor_reached":51,"language":"ENG","playtime":3965,"items_purged":[],"score":708,"play_id":"9f937d94-9683-40bd-ada7-ada3665294ba","local_time":"20210214144649","is_ascension_mode":false,"campfire_choices":[{"data":"Guardian:TwinSlam","floor":1,"key":"SMITH"},{"data":"Guardian:DonusPower","floor":6,"key":"SMITH"},{"floor":9,"key":"REST"},{"floor":12,"key":"RECALL"},{"data":"Guardian:FloatingOrbs","floor":23,"key":"SMITH"},{"floor":30,"key":"REST"},{"data":"Guardian:ConstructionForm","floor":35,"key":"SMITH"},{"data":"expansioncontent:QuickStudy","floor":47,"key":"SMITH"}],"circlet_count":0,"master_deck":["Guardian:Strike_Guardian","Guardian:Strike_Guardian","Guardian:Strike_Guardian","Guardian:Strike_Guardian","Guardian:Defend_Guardian","Guardian:Defend_Guardian","Guardian:Defend_Guardian","Guardian:Defend_Guardian","Guardian:CurlUp","Guardian:TwinSlam+1","Guardian:Reroute","Guardian:DonusPower+1","Guardian:Clone","Guardian:PiercingHide+1","Guardian:BronzeOrb+1","Guardian:BaubleBeam","Guardian:Suspension","expansioncontent:QuickStudy+1","Guardian:Planning","Guardian:DonusPower","Guardian:FloatingOrbs+1","Guardian:SpikerProtocol+1","Guardian:PrimingBeam+1","Guardian:PiercingHide","Guardian:ShieldCharger","Guardian:ConstructionForm+1","Guardian:AncientConstruct","Guardian:Recover+1","Guardian:PolyBeam","Guardian:Recover","Guardian:CrystalBeam","Guardian:TimeCapacitor","Regret","Guardian:Repulse","Guardian:PiercingHide","Guardian:PolyBeam+1","Pain","Guardian:ShieldSpikes+1"],"relics":["Guardian:ModeShifter","HornCleat","Kunai","Guardian:PickAxe","SlaversCollar","downfall:RedIOU","Unceasing Top","Question Card","Cursed Key","downfall:HeartBlessingBlue","downfall:HeartBlessingRed","Toolbox","Gremlin Horn","Guardian:BottledStasis","Molten Egg 2","Blood Vial"],"acts_visited":["Exordium","TheCity","TheBeyond"],"potions_floor_usage":[16,20,21,31,31,33,40,45,49,50],"damage_taken":[{"damage":12,"enemies":"Small Slimes","floor":2,"turns":3},{"damage":7,"enemies":"2 Louse","floor":3,"turns":3},{"damage":5,"enemies":"downfall:FleeingMerchant","floor":4,"turns":4},{"damage":8,"enemies":"Jaw Worm","floor":8,"turns":4},{"damage":6,"enemies":"Gremlin Nob","floor":10,"turns":4},{"damage":0,"enemies":"Lots of Slimes","floor":11,"turns":4},{"damage":4,"enemies":"Lots of Slimes","floor":13,"turns":5},{"damage":2,"enemies":"Gremlin Gang","floor":14,"turns":4},{"damage":0,"enemies":"downfall:LooterAlt","floor":15,"turns":3},{"damage":20,"enemies":"SI_SHIV_ARCHETYPE","floor":16,"turns":8},{"damage":0,"enemies":"downfall:FleeingMerchant","floor":19,"turns":4},{"damage":13,"enemies":"downfall:LooterAlt2","floor":20,"turns":6},{"damage":5,"enemies":"Shell Parasite","floor":21,"turns":7},{"damage":0,"enemies":"3 Cultists","floor":25,"turns":3},{"damage":14,"enemies":"Snake Plant","floor":27,"turns":4},{"damage":6,"enemies":"Centurion and Healer","floor":28,"turns":6},{"damage":6,"enemies":"Snecko","floor":29,"turns":6},{"damage":13,"enemies":"WA_ARCHETYPE_RETAIN","floor":31,"turns":4},{"damage":5,"enemies":"Sentry and Sphere","floor":32,"turns":5},{"damage":47,"enemies":"IC_MUSHROOM_ARCHETYPE","floor":33,"turns":9},{"damage":7,"enemies":"3 Darklings","floor":36,"turns":6},{"damage":0,"enemies":"Orb Walker","floor":37,"turns":3},{"damage":0,"enemies":"downfall:FleeingMerchant","floor":38,"turns":4},{"damage":1,"enemies":"downfall:FleeingMerchant","floor":40,"turns":4},{"damage":11,"enemies":"Maw","floor":42,"turns":7},{"damage":13,"enemies":"Reptomancer","floor":44,"turns":6},{"damage":8,"enemies":"Writhing Mass","floor":45,"turns":4},{"damage":23,"enemies":"3 Darklings","floor":48,"turns":5},{"damage":0,"enemies":"Transient","floor":49,"turns":1},{"damage":17,"enemies":"WA_ARCHETYPE_DIVINITY","floor":50,"turns":9}],"seed_played":"4514588962401604013","potions_obtained":[{"floor":10,"key":"Guardian:AcceleratePotion"},{"floor":11,"key":"bronze:BurnAndBuffPotion"},{"floor":15,"key":"Ancient Potion"},{"floor":20,"key":"LiquidMemories"},{"floor":21,"key":"Guardian:DefensiveModePotion"},{"floor":27,"key":"SpeedPotion"},{"floor":29,"key":"AttackPotion"},{"floor":36,"key":"SmokeBomb"},{"floor":39,"key":"Fruit Juice"},{"floor":39,"key":"sneckomod:MuddlingPotion"},{"floor":44,"key":"SneckoOil"},{"floor":48,"key":"FearPotion"}],"is_trial":false,"path_per_floor":["R","M","M","$","?","R","T","M","R","E","M","R","?","M","M","B",null,"R","$","M","M","?","R","T","M","?","M","M","M","R","?","M","B",null,"R","M","M","?","?","$","T","M","$","E","M","T","R","M","M","B",null],"character_chosen":"GUARDIAN","items_purchased":["Guardian:Clone","Guardian:Gem_Cyan","expansioncontent:QuickStudy","Guardian:Planning","Toolbox","Guardian:TimeCapacitor","Guardian:Repulse","Guardian:BottledStasis","Guardian:PiercingHide"],"campfire_rested":2,"item_purchase_floors":[4,4,19,19,40,40,43,43,43],"current_hp_per_floor":[88,76,69,64,57,57,57,49,75,69,69,69,59,57,57,37,88,88,88,75,70,70,70,70,70,62,48,42,36,62,49,44,20,88,98,91,91,91,91,95,95,84,84,71,63,63,63,42,44,29],"gold":131,"neow_bonus":"TEN_PERCENT_HP_BONUS","is_daily":false,"chose_seed":false,"campfire_upgraded":5,"win_rate":0.0,"timestamp":1613328409,"path_taken":["R","M","M","$","?","R","T","M","R","E","M","R","?","M","M","BOSS","R","$","M","M","?","R","T","M","?","M","?","?","R","?","M","BOSS","R","M","M","?","?","$","T","M","$","E","?","?","R","M","M","BOSS"],"items_purchased_type":["Card","Card","Card","Card","Relic","Card","Card","Relic","Card"],"build_version":"2020-12-22","purchased_purges":0,"victory":true,"max_hp_per_floor":[88,88,88,88,88,88,88,88,88,88,88,88,88,88,88,88,88,88,88,88,88,88,88,88,88,88,88,88,88,88,88,88,88,88,98,98,98,98,98,103,103,103,103,103,103,103,103,103,103,103],"card_choices":[{"not_picked":["Guardian:Gem_Yellow","Guardian:Recover"],"picked":"Guardian:Gem_Lightblue","floor":2},{"not_picked":["Guardian:VentSteam","Guardian:RollAttack"],"picked":"Guardian:Reroute","floor":3},{"not_picked":["Guardian:TemporalStrike","Guardian:Gem_Crimson"],"picked":"Guardian:DonusPower","floor":4},{"not_picked":["Guardian:Gem_Green","Guardian:Gem_Fragmented"],"picked":"Guardian:PiercingHide","floor":8},{"not_picked":["Guardian:Gem_Blue","Guardian:PrimingBeam"],"picked":"Guardian:BronzeOrb","floor":10},{"not_picked":["Guardian:CrystalBeam","Guardian:TemporalShield"],"picked":"Guardian:Gem_Lightblue","floor":11},{"not_picked":["Guardian:BronzeOrb","Guardian:PrismaticBeam","Guardian:Reroute"],"picked":"SKIP","floor":14},{"not_picked":["Guardian:Gem_Cyan","Guardian:Reroute"],"picked":"Guardian:Gem_Red","floor":15},{"not_picked":["Guardian:FastForward","Guardian:RevengeProtocol"],"picked":"Guardian:BaubleBeam","floor":16},{"not_picked":["Guardian:Reroute","Guardian:ShieldCharger"],"picked":"Guardian:Suspension","floor":19},{"not_picked":["Guardian:PiercingHide","Guardian:Incinerate"],"picked":"Guardian:DonusPower","floor":20},{"not_picked":["Guardian:Gem_Red","Guardian:Gem_Lightblue"],"picked":"Guardian:FloatingOrbs","floor":21},{"not_picked":["Guardian:TemporalShield","Guardian:VentSteam"],"picked":"Guardian:SpikerProtocol+1","floor":25},{"not_picked":["Guardian:Reroute+1","Guardian:SphericShield"],"picked":"Guardian:PrimingBeam+1","floor":27},{"not_picked":["Guardian:ArmoredProtocol","Guardian:Reroute"],"picked":"Guardian:PiercingHide","floor":28},{"not_picked":["Guardian:ChargeCore","Guardian:GuardianWhirl"],"picked":"Guardian:Gem_Fragmented","floor":29},{"not_picked":["Guardian:Planning","Guardian:Suspension"],"picked":"Guardian:ShieldCharger","floor":31},{"not_picked":["Guardian:PolyBeam","Guardian:GuardianWhirl","Guardian:TimeCapacitor+1"],"picked":"Guardian:ConstructionForm","floor":32},{"not_picked":["Guardian:SphericShield","Guardian:TimeSifter","Guardian:Gem_Synthetic"],"picked":"Guardian:AncientConstruct","floor":33},{"not_picked":["Guardian:Planning","Guardian:Gem_Purple","Guardian:Reroute"],"picked":"Guardian:Recover+1","floor":36},{"not_picked":["Guardian:Gem_Lightblue","Guardian:ChargeCore+1","Guardian:BronzeArmor+1"],"picked":"Guardian:PolyBeam","floor":37},{"not_picked":["Guardian:ShieldCharger","Guardian:Suspension","Guardian:VentSteam"],"picked":"Guardian:Recover","floor":38},{"not_picked":["Guardian:PrismaticBarrier+1","Guardian:Gem_Orange","Guardian:RefractedBeam"],"picked":"Guardian:CrystalBeam","floor":40},{"not_picked":["Guardian:Suspension","Guardian:Incinerate+1","Guardian:TemporalShield"],"picked":"Guardian:Gem_Red","floor":42},{"not_picked":["Guardian:Repulse+1","Guardian:TemporalStrike+1","Guardian:ChargeCore+1"],"picked":"Guardian:Gem_Crimson","floor":44},{"not_picked":["Guardian:ShieldCharger","Guardian:PrimingBeam+1","Guardian:PiercingHide+1"],"picked":"Guardian:PolyBeam+1","floor":45},{"not_picked":["Guardian:PrimingBeam+1","Guardian:Gem_Cyan","Guardian:Gem_Blue"],"picked":"Guardian:ShieldSpikes+1","floor":48}],"player_experience":4344,"relics_obtained":[{"floor":7,"key":"MealTicket"},{"floor":10,"key":"Kunai"},{"floor":31,"key":"Unceasing Top"},{"floor":31,"key":"Question Card"},{"floor":41,"key":"Gremlin Horn"},{"floor":44,"key":"Molten Egg 2"},{"floor":46,"key":"Blood Vial"}],"event_choices":[{"damage_healed":0,"gold_gain":0,"player_choice":"Success","damage_taken":7,"relics_obtained":["HornCleat"],"max_hp_gain":0,"max_hp_loss":0,"event_name":"Scrap Ooze","floor":5,"gold_loss":0},{"damage_healed":0,"gold_gain":0,"player_choice":"Got Potions","damage_taken":0,"max_hp_gain":0,"max_hp_loss":0,"event_name":"Lab","floor":39,"gold_loss":0}],"is_beta":false,"boss_relics":[{"not_picked":["Snecko Eye","Empty Cage"],"picked":"SlaversCollar"},{"not_picked":["Philosopher\u0027s Stone","Astrolabe"],"picked":"Cursed Key"}],"items_purged_floors":[],"is_endless":false,"potions_floor_spawned":[10,11,13,15,20,21,27,29,36,44,48,49],"ascension_level":0}}