{"host":"in0wrqv1d65r4vfd","time":1613344444,"event":{"mods":["BaseMod","Downfall","Minty Spire (QoL Compilation)","Relic Stats","Replay The Spire","StSLib"],"gold_per_floor":[99,112,123,223,236,236,236,249,282,6,20,5,21,53,64,167,167,167,185,201,221,60,60,86,98,125,125,141,141,141,172,191,296,296,296,308,408,426,443,343,343,358,373,388,403,415,442,342,359,359],"floor_reached":51,"language":"ENG","playtime":5681,"items_purged":["champ:Strike"],"score":739,"play_id":"223e8e7f-0a3b-4bad-ae6b-63807ca3182a","local_time":"20210214181404","is_ascension_mode":false,"campfire_choices":[{"data":"champ:HoldFirm","floor":1,"key":"SMITH"},{"data":"champ:CalledShot","floor":18,"key":"SMITH"},{"floor":23,"key":"REST"},{"data":"champ:StrikeOfGenius","floor":30,"key":"SMITH"},{"floor":35,"key":"RECALL"},{"data":"champ:CheapShot","floor":40,"key":"SMITH"},{"floor":48,"key":"REST"}],"circlet_count":0,"master_deck":["champ:Strike","champ:Strike+1","champ:Strike","champ:Defend","champ:Defend","champ:Defend","champ:Defend","champ:Execute","champ:Taunt","champ:HoldFirm+1","champ:CrownThrow","champ:FocusedBerserking","champ:BerserkersShout","champ:StanceDance","champ:HeavySlash","champ:Lariat","champ:DefensiveShout","champ:CalledShot+1","champ:RecklessLeap","champ:Haymaker","champ:Backstep","champ:PreciseThrust","champ:FlashCut","champ:VampiricStrike","champ:Encircle","champ:Shatter+1","champ:GutPunch+1","champ:PreciseThrust","Replay:Hysterical Blindness","champ:PreciseThrust+1","champ:StrikeOfGenius+1","Pride","champ:CrookedStrike+1","champ:Endure","champ:PerfectedStrike","champ:CheapShot+1","champ:AdrenalArmor+1","champ:FaceSlap+1","champ:FalseCounter+1","champ:EnragedBash","downfall:Aged","champ:EnragedBash+1","champ:Backstep+1","champ:SkillfulDodge+1","champ:BringItOn","champ:GutPunch+1","champ:HoldFirm","champ:EnGarde+1"],"relics":["champ:ChampionCrown","WristBlade","Boot","Regal Pillow","HandDrill","Darkstone Periapt","Cursed Key","Blood Vial","Pet Ghost","Sundial","TungstenRod","Whetstone","Snecko Heart","Toy Ornithopter","downfall:HeartBlessingRed","Mirror","ReplayTheSpireMod:Lightbulb","downfall:HeartBlessingGreen"],"acts_visited":["Exordium","TheCity","TheBeyond"],"potions_floor_usage":[10,11,12,14,14,20,31,31,36,43,44,46,46,46,47,47,50,50],"damage_taken":[{"damage":10,"enemies":"Cultist","floor":2,"turns":3},{"damage":10,"enemies":"Small Slimes","floor":3,"turns":3},{"damage":35,"enemies":"Small Slimes","floor":4,"turns":6},{"damage":0,"enemies":"2 Louse","floor":5,"turns":2},{"damage":37,"enemies":"Blue Slaver","floor":8,"turns":3},{"damage":25,"enemies":"3 Sentries","floor":9,"turns":7},{"damage":35,"enemies":"downfall:FleeingMerchant","floor":10,"turns":4},{"damage":5,"enemies":"Gremlin Gang","floor":11,"turns":4},{"damage":55,"enemies":"downfall:FleeingMerchant","floor":12,"turns":4},{"damage":20,"enemies":"Exordium Wildlife","floor":13,"turns":3},{"damage":12,"enemies":"Gremlin Nob","floor":14,"turns":3},{"damage":18,"enemies":"Exordium Thugs","floor":15,"turns":3},{"damage":22,"enemies":"SI_SHIV_ARCHETYPE","floor":16,"turns":7},{"damage":25,"enemies":"Shell Parasite","floor":19,"turns":3},{"damage":38,"enemies":"Sentry and Sphere","floor":20,"turns":6},{"damage":73,"enemies":"3 Cultists","floor":21,"turns":7},{"damage":28,"enemies":"downfall:FleeingMerchant","floor":22,"turns":4},{"damage":45,"enemies":"Snecko","floor":25,"turns":5},{"damage":38,"enemies":"Book of Stabbing","floor":26,"turns":5},{"damage":26,"enemies":"Snake Plant","floor":28,"turns":4},{"damage":15,"enemies":"Gremlin Leader","floor":31,"turns":4},{"damage":6,"enemies":"Cultist and Chosen","floor":32,"turns":6},{"damage":54,"enemies":"IC_MUSHROOM_ARCHETYPE","floor":33,"turns":7},{"damage":51,"enemies":"3 Darklings","floor":36,"turns":5},{"damage":20,"enemies":"downfall:LadyInBlue","floor":37,"turns":5},{"damage":16,"enemies":"3 Shapes","floor":38,"turns":4},{"damage":49,"enemies":"Sphere and 2 Shapes","floor":39,"turns":4},{"damage":55,"enemies":"Maw","floor":42,"turns":6},{"damage":80,"enemies":"4 Shapes","floor":43,"turns":5},{"damage":62,"enemies":"Transient","floor":44,"turns":5},{"damage":33,"enemies":"Spire Growth","floor":45,"turns":4},{"damage":4,"enemies":"Jaw Worm Horde","floor":46,"turns":2},{"damage":98,"enemies":"Reptomancer","floor":47,"turns":7},{"damage":62,"enemies":"Maw","floor":49,"turns":6},{"damage":82,"enemies":"DF_ARCHETYPE_ORBS","floor":50,"turns":8}],"seed_played":"7851182364861080975","potions_obtained":[{"floor":2,"key":"LiquidMemories"},{"floor":3,"key":"Fire Potion"},{"floor":9,"key":"champ:OpenerPotion"},{"floor":11,"key":"champ:CounterPotion"},{"floor":13,"key":"Adrenaline Potion"},{"floor":14,"key":"FearPotion"},{"floor":25,"key":"SteroidPotion"},{"floor":26,"key":"Adrenaline Potion"},{"floor":29,"key":"Slimebound:ThreeZeroPotion"},{"floor":32,"key":"LifebloodPotion"},{"floor":37,"key":"champ:TechniquePotion"},{"floor":37,"key":"Swift Potion"},{"floor":37,"key":"EntropicBrew"},{"floor":43,"key":"ColorlessPotion"},{"floor":46,"key":"sneckomod:MuddlingPotion"},{"floor":49,"key":"Regen Potion"}],"is_trial":false,"path_per_floor":["R","M","M","?","M","?","T","M","E","$","M","$","M","E","M","B",null,"R","M","M","M","$","R","T","M","E","?","M","?","R","E","M","B",null,"R","M","?","M","M","R","T","M","M","M","M","M","E","R","M","B",null],"character_chosen":"THE_CHAMP","items_purchased":["HandDrill","champ:CalledShot","Blood Vial"],"campfire_rested":2,"item_purchase_floors":[10,10,22],"current_hp_per_floor":[90,90,90,75,75,60,60,53,48,43,43,43,43,31,23,11,90,90,90,62,39,31,73,79,71,70,76,77,77,77,79,80,48,102,102,101,95,86,64,64,70,67,69,69,58,76,20,67,77,57],"gold":359,"neow_bonus":"ONE_RANDOM_RARE_CARD","is_daily":false,"chose_seed":false,"campfire_upgraded":4,"win_rate":0.0,"timestamp":1613344444,"path_taken":["R","M","M","?","M","?","T","?","E","$","M","$","M","E","M","BOSS","R","M","M","?","$","R","T","?","E","?","M","?","R","E","M","BOSS","R","?","?","M","?","R","T","M","?","M","M","M","E","R","M","BOSS"],"items_purchased_type":["Relic","Card","Relic"],"build_version":"2020-12-22","purchased_purges":1,"victory":true,"max_hp_per_floor":[90,90,90,90,90,90,90,90,90,90,90,90,90,90,90,90,90,90,90,90,90,90,90,96,96,96,102,102,102,102,102,102,102,102,102,102,102,102,102,102,108,108,108,108,108,108,108,108,108,108],"relic_stats":{"Darkstone Periapt":18,"Blood Vial":33,"Regal Pillow":30,"counters":[35,164],"Sundial":[0],"HandDrill":[56],"Whetstone":["champ:GutPunch","champ:Strike"],"Boot":[61],"Cursed Key":2,"obtain_stats":[{"Darkstone Periapt":14,"Regal Pillow":9,"Snecko Heart":34,"downfall:HeartBlessingRed":40,"champ:ChampionCrown":0,"downfall:HeartBlessingGreen":48,"Whetstone":31,"Boot":7,"Cursed Key":17,"Pet Ghost":24,"Blood Vial":22,"WristBlade":4,"Sundial":26,"HandDrill":10,"Mirror":41,"ReplayTheSpireMod:Lightbulb":47,"TungstenRod":27,"Toy Ornithopter":37},{"Darkstone Periapt":11,"Regal Pillow":6,"Snecko Heart":23,"downfall:HeartBlessingRed":27,"champ:ChampionCrown":0,"downfall:HeartBlessingGreen":33,"Whetstone":21,"Boot":4,"Cursed Key":13,"Pet Ghost":17,"Blood Vial":17,"WristBlade":3,"Sundial":19,"HandDrill":7,"Mirror":27,"ReplayTheSpireMod:Lightbulb":33,"TungstenRod":19,"Toy Ornithopter":25},{"Darkstone Periapt":42,"Regal Pillow":24,"Snecko Heart":103,"downfall:HeartBlessingRed":121,"champ:ChampionCrown":0,"downfall:HeartBlessingGreen":150,"Whetstone":90,"Boot":14,"Cursed Key":52,"Pet Ghost":72,"Blood Vial":72,"WristBlade":12,"Sundial":82,"HandDrill":28,"Mirror":121,"ReplayTheSpireMod:Lightbulb":150,"TungstenRod":82,"Toy Ornithopter":113}],"TungstenRod":132,"Toy Ornithopter":45},"card_choices":[{"not_picked":["champ:SkillfulDodge","champ:BerserkersShout"],"picked":"champ:CrownThrow","floor":2},{"not_picked":["champ:Parry","champ:DefensiveShout"],"picked":"champ:FocusedBerserking","floor":3},{"not_picked":["champ:PreemptiveStrike","champ:FancyFootwork"],"picked":"champ:BerserkersShout","floor":4},{"not_picked":["champ:ShieldSlam","champ:PreemptiveStrike"],"picked":"champ:StanceDance","floor":5},{"not_picked":["champ:FanOfKnives","champ:BladeFlurry"],"picked":"champ:HeavySlash","floor":8},{"not_picked":["champ:Encircle","champ:FalseCounter"],"picked":"champ:Lariat","floor":9},{"not_picked":["champ:DeathBlow","champ:Circumvent"],"picked":"champ:DefensiveShout","floor":10},{"not_picked":["champ:Backstep","champ:FanOfKnives"],"picked":"champ:RecklessLeap","floor":11},{"not_picked":["champ:Shatter","champ:GutPunch"],"picked":"champ:Haymaker","floor":12},{"not_picked":["champ:Encircle","champ:PerfectedStrike"],"picked":"champ:Backstep","floor":13},{"not_picked":["champ:TornadoPunch","champ:BerserkersShout"],"picked":"champ:PreciseThrust","floor":14},{"not_picked":["champ:StanceDance","champ:ShieldWall"],"picked":"champ:FlashCut","floor":15},{"not_picked":["champ:GladiatorForm","champ:ShieldThrow"],"picked":"champ:VampiricStrike","floor":16},{"not_picked":["champ:Circumvent","champ:PreemptiveStrike"],"picked":"champ:Encircle","floor":19},{"not_picked":["champ:Haymaker","champ:PerfectedStrike"],"picked":"champ:Shatter+1","floor":20},{"not_picked":["champ:CalledShot","champ:Backstep"],"picked":"champ:GutPunch","floor":21},{"not_picked":["champ:ShieldWall","champ:SkillfulDodge"],"picked":"champ:PreciseThrust","floor":22},{"not_picked":["champ:StanceDance","champ:PreemptiveStrike"],"picked":"champ:PreciseThrust+1","floor":25},{"not_picked":["champ:VampiricStrike","champ:StanceDance"],"picked":"champ:StrikeOfGenius","floor":26},{"not_picked":["champ:ArenaPreparation","champ:PerfectedStrike"],"picked":"champ:CrookedStrike+1","floor":28},{"not_picked":["champ:RisingSlash","champ:RapidStrikes"],"picked":"champ:Endure","floor":31},{"not_picked":["champ:DefensiveShout","champ:HeartStrike"],"picked":"champ:PerfectedStrike","floor":32},{"not_picked":["champ:ShieldThrow","champ:StrikeOfGenius"],"picked":"champ:CheapShot","floor":33},{"not_picked":["champ:Backstep+1","champ:TornadoPunch"],"picked":"champ:AdrenalArmor+1","floor":36},{"not_picked":["champ:DefensiveShout+1","champ:Endure"],"picked":"champ:FaceSlap+1","floor":37},{"not_picked":["champ:Circumvent","champ:ShieldThrow"],"picked":"champ:FalseCounter+1","floor":38},{"not_picked":["champ:FlashCut","champ:AdrenalArmor"],"picked":"champ:EnragedBash","floor":39},{"not_picked":["champ:ShieldWall","champ:FaceSlap"],"picked":"champ:EnragedBash+1","floor":42},{"not_picked":["champ:BladeFlurry","champ:Lariat+1"],"picked":"champ:Backstep+1","floor":43},{"not_picked":["champ:BladeFlurry","champ:Parry"],"picked":"champ:SkillfulDodge+1","floor":44},{"not_picked":["champ:FocusedBerserking+1","champ:Encircle+1"],"picked":"champ:BringItOn","floor":45},{"not_picked":["champ:BerserkersShout+1","champ:TornadoPunch"],"picked":"champ:GutPunch+1","floor":46},{"not_picked":["champ:EnragedBash","champ:ShieldSlam"],"picked":"champ:HoldFirm","floor":47},{"not_picked":["champ:BerserkersShout","champ:FancyFootwork+1"],"picked":"champ:EnGarde+1","floor":49}],"player_experience":918630,"relics_obtained":[{"floor":4,"key":"WristBlade"},{"floor":7,"key":"Boot"},{"floor":9,"key":"Regal Pillow"},{"floor":14,"key":"Darkstone Periapt"},{"floor":24,"key":"Pet Ghost"},{"floor":26,"key":"Sundial"},{"floor":31,"key":"Whetstone"},{"floor":37,"key":"Toy Ornithopter"},{"floor":41,"key":"Mirror"},{"floor":47,"key":"ReplayTheSpireMod:Lightbulb"}],"event_choices":[{"damage_healed":0,"gold_gain":0,"player_choice":"Stole Relic","damage_taken":0,"relics_obtained":["TungstenRod"],"max_hp_gain":0,"max_hp_loss":0,"event_name":"Addict","floor":27,"gold_loss":0,"cards_obtained":["Pride"]},{"damage_healed":0,"gold_gain":0,"player_choice":"Got Potions","damage_taken":0,"max_hp_gain":0,"max_hp_loss":0,"event_name":"Lab","floor":29,"gold_loss":0}],"is_beta":false,"boss_relics":[{"not_picked":["Empty Cage","Runic Dome"],"picked":"Cursed Key"},{"not_picked":["Busted Crown","champ:ChampionCrownUpgraded"],"picked":"Snecko Heart"}],"items_purged_floors":[10],"is_endless":false,"potions_floor_spawned":[2,3,9,11,13,14,25,26,32,38,42,43,46,49],"ascension_level":0}}