{"host":"bpnwh7vpv9k3tssc","time":1613309414,"event":{"mods":["BaseMod","Colored Map","Colored Powertips","Curses Come First","Highlight Path","Minty Spire (QoL Compilation)","Quick Restart","Random Character Button","Relic Sorter","StSLib"],"gold_per_floor":[114,264,278,293,318,318,346,271,271,271,302,55,65,92,92,169,169,188,203,39,50,67,67,101,113,113,157,169,199,243,275,287,374,386,411,423,451,463,463],"floor_reached":38,"language":"ENG","playtime":1247,"items_purged":["Strike_R"],"score":866,"play_id":"5cb92508-74a0-4b39-b4ab-d0deccea8274","local_time":"20210214143014","is_ascension_mode":true,"campfire_choices":[{"data":"Whirlwind","floor":6,"key":"SMITH"},{"data":"Rupture","floor":15,"key":"SMITH"},{"data":"Demon Form","floor":23,"key":"SMITH"},{"data":"Bloodletting","floor":28,"key":"SMITH"},{"data":"Dual Wield","floor":32,"key":"SMITH"}],"circlet_count":0,"master_deck":["AscendersBane","Strike_R","Strike_R","Strike_R","Strike_R","Defend_R","Defend_R","Defend_R","Defend_R","Bash","Shrug It Off","Dual Wield+1","Whirlwind+1","Rupture+1","Reaper+1","Inflame","Bloodletting+1","Reaper+1","True Grit","Demon Form+1","Sword Boomerang+1","Hemokinesis+1","Offering","Feel No Pain","Thunderclap+1","Feed+1","Whirlwind+1","Madness","Madness"],"relics":["Burning Blood","NeowsBlessing","Red Skull","Lantern","Molten Egg 2","Omamori","Blood Vial","Chemical X","Mummified Hand","Velvet Choker","Incense Burner","MawBank","Orichalcum","Art of War","Sozu"],"acts_visited":["Exordium","TheCity","TheBeyond"],"potions_floor_usage":[11,11,33,38],"damage_taken":[{"damage":0,"enemies":"Small Slimes","floor":1,"turns":1},{"damage":0,"enemies":"Jaw Worm","floor":3,"turns":1},{"damage":0,"enemies":"2 Louse","floor":4,"turns":1},{"damage":35,"enemies":"3 Sentries","floor":7,"turns":6},{"damage":16,"enemies":"Lagavulin","floor":11,"turns":6},{"damage":0,"enemies":"Looter","floor":13,"turns":2},{"damage":20,"enemies":"3 Sentries","floor":14,"turns":3},{"damage":49,"enemies":"Hexaghost","floor":16,"turns":8},{"damage":32,"enemies":"Shell Parasite","floor":18,"turns":4},{"damage":10,"enemies":"Chosen","floor":19,"turns":3},{"damage":41,"enemies":"Snake Plant","floor":21,"turns":4},{"damage":19,"enemies":"Shelled Parasite and Fungi","floor":22,"turns":3},{"damage":2,"enemies":"Slavers","floor":24,"turns":3},{"damage":27,"enemies":"Cultist and Chosen","floor":25,"turns":4},{"damage":9,"enemies":"Gremlin Leader","floor":27,"turns":3},{"damage":46,"enemies":"Sentry and Sphere","floor":29,"turns":4},{"damage":29,"enemies":"Slavers","floor":30,"turns":3},{"damage":26,"enemies":"Shelled Parasite and Fungi","floor":31,"turns":4},{"damage":36,"enemies":"Collector","floor":33,"turns":5},{"damage":1,"enemies":"3 Darklings","floor":35,"turns":1},{"damage":62,"enemies":"3 Shapes","floor":37,"turns":3},{"damage":20,"enemies":"Writhing Mass","floor":38,"turns":2}],"seed_played":"-1420967709544933723","potions_obtained":[{"floor":4,"key":"Dexterity Potion"},{"floor":7,"key":"Fire Potion"},{"floor":13,"key":"SpeedPotion"},{"floor":14,"key":"BlessingOfTheForge"},{"floor":24,"key":"Energy Potion"}],"is_trial":false,"path_per_floor":["M","?","M","M","T","R","E","?","T","?","E","$","M","E","R","B",null,"M","M","$","M","M","R","E","M","T","E","R","M","E","M","R","B",null,"M","?","M","M"],"character_chosen":"IRONCLAD","items_purchased":["Chemical X","Demon Form"],"campfire_rested":0,"item_purchase_floors":[12,20],"current_hp_per_floor":[74,74,75,75,75,75,46,46,46,41,31,31,39,48,48,21,62,56,61,61,45,61,61,69,75,75,75,75,60,75,60,60,53,70,75,61,7,0,0],"gold":463,"neow_bonus":"THREE_ENEMY_KILL","is_daily":false,"chose_seed":false,"campfire_upgraded":5,"win_rate":0.0,"timestamp":1613309414,"path_taken":["M","?","M","M","?","R","E","?","T","?","E","?","?","E","R","BOSS","M","M","$","M","M","R","E","?","T","E","R","M","E","M","R","BOSS","M","?","M","M"],"items_purchased_type":["Relic","Card"],"build_version":"2020-12-22","purchased_purges":1,"victory":false,"max_hp_per_floor":[75,75,75,75,75,75,75,75,75,75,75,75,75,75,75,75,75,75,75,75,75,75,75,75,75,75,75,75,75,75,75,75,75,75,75,75,75,75,75],"card_choices":[{"not_picked":["Anger","Intimidate"],"picked":"Shrug It Off","floor":1},{"not_picked":["Clothesline","Reckless Charge"],"picked":"Dual Wield","floor":3},{"not_picked":["Perfected Strike","Evolve"],"picked":"Whirlwind","floor":4},{"not_picked":["Armaments","Body Slam"],"picked":"Rupture","floor":7},{"not_picked":["Headbutt+1","Inflame"],"picked":"Reaper+1","floor":11},{"not_picked":["Clothesline+1","Heavy Blade+1"],"picked":"Inflame","floor":13},{"not_picked":["Battle Trance","Infernal Blade"],"picked":"Bloodletting","floor":14},{"not_picked":["Impervious","Double Tap"],"picked":"Reaper+1","floor":16},{"not_picked":["Twin Strike+1","Dual Wield","True Grit"],"picked":"SKIP","floor":18},{"not_picked":["Dropkick+1","Infernal Blade"],"picked":"True Grit","floor":19},{"not_picked":["Intimidate","Perfected Strike+1"],"picked":"Sword Boomerang+1","floor":21},{"not_picked":["Intimidate+1","Warcry"],"picked":"Hemokinesis+1","floor":22},{"not_picked":["Entrench","Cleave+1"],"picked":"Offering","floor":24},{"not_picked":["Clothesline+1","True Grit","Carnage+1"],"picked":"SKIP","floor":25},{"not_picked":["Fiend Fire+1","Intimidate"],"picked":"Feel No Pain","floor":27},{"not_picked":["Perfected Strike+1","Cleave+1","Wild Strike+1"],"picked":"SKIP","floor":29},{"not_picked":["Rage","Perfected Strike+1"],"picked":"Thunderclap+1","floor":30},{"not_picked":["Warcry","Disarm+1","Infernal Blade"],"picked":"SKIP","floor":31},{"not_picked":["Immolate+1","Exhume"],"picked":"Feed+1","floor":33},{"not_picked":["Clothesline+1","Iron Wave+1"],"picked":"Whirlwind+1","floor":35},{"not_picked":["Power Through","Sword Boomerang+1","Sentinel"],"picked":"SKIP","floor":37}],"player_experience":384655,"relics_obtained":[{"floor":5,"key":"Red Skull"},{"floor":7,"key":"Lantern"},{"floor":9,"key":"Molten Egg 2"},{"floor":11,"key":"Blood Vial"},{"floor":14,"key":"Mummified Hand"},{"floor":24,"key":"Incense Burner"},{"floor":26,"key":"MawBank"},{"floor":27,"key":"Orichalcum"},{"floor":30,"key":"Art of War"}],"event_choices":[{"damage_healed":0,"gold_gain":150,"player_choice":"AGREE","damage_taken":0,"max_hp_gain":0,"max_hp_loss":0,"event_name":"Liars Game","floor":2,"gold_loss":0,"cards_obtained":["Doubt"]},{"cards_removed":["Doubt"],"damage_healed":0,"gold_gain":0,"player_choice":"Card Removal","damage_taken":0,"max_hp_gain":0,"max_hp_loss":0,"event_name":"The Cleric","floor":8,"gold_loss":75},{"damage_healed":0,"gold_gain":0,"player_choice":"Success","damage_taken":5,"relics_obtained":["Omamori"],"max_hp_gain":0,"max_hp_loss":0,"event_name":"Scrap Ooze","floor":10,"gold_loss":0},{"damage_healed":0,"gold_gain":0,"player_choice":"Embrace Madness","damage_taken":14,"max_hp_gain":0,"max_hp_loss":0,"event_name":"Winding Halls","floor":36,"gold_loss":0,"cards_obtained":["Madness","Madness"]}],"is_beta":false,"boss_relics":[{"not_picked":["Pandora\u0027s Box","Snecko Eye"],"picked":"Velvet Choker"},{"not_picked":["Empty Cage","Runic Pyramid"],"picked":"Sozu"}],"items_purged_floors":[12],"is_endless":false,"potions_floor_spawned":[4,7,13,14,16,18,19,24,29,30,35],"killed_by":"Writhing Mass","ascension_level":16}}