{"host":"6rg8kqrcyg7lkx0e","time":1613306143,"event":{"mods":["BaseMod","Downfall","Minty Spire (QoL Compilation)","StSLib"],"gold_per_floor":[199,211,211,44,44,69,69,84,84,84,84,116,116,147,157,254,254,254,272,284,484,17,32,32,32,32,32,32],"floor_reached":26,"language":"ZHS","playtime":4100,"items_purged":["Slimebound:Strike_Slimebound"],"score":244,"play_id":"4636dacd-65cf-4602-9f22-27944da7deec","local_time":"20210214203543","is_ascension_mode":true,"campfire_choices":[{"data":"Slimebound:Split","floor":1.0,"key":"SMITH"},{"data":"Slimebound:SamplingLick","floor":9.0,"key":"SMITH"},{"data":"Slimebound:CorrosiveSpit","floor":11,"key":"SMITH"},{"floor":13,"key":"RECALL"},{"data":"Slimebound:CheckThePlaybook","floor":18,"key":"SMITH"},{"data":"Slimebound:PrepareCrush","floor":25,"key":"SMITH"}],"circlet_count":0,"master_deck":["Slimebound:Strike_Slimebound","Slimebound:Strike_Slimebound","Slimebound:Tackle","Slimebound:Defend_Slimebound","Slimebound:Defend_Slimebound","Slimebound:Defend_Slimebound","Slimebound:Defend_Slimebound","Slimebound:Split+1","Slimebound:CorrosiveSpit+1","Slimebound:ViciousTackle","Slimebound:GoopTackle","Slimebound:SpikyOuterGoop","Slimebound:SamplingLick+1","Slimebound:HungryTackle","Slimebound:Schlurp","Slimebound:Chomp","Slimebound:HauntingLick","Slimebound:CheckThePlaybook+1","Slimebound:AcidTongue","Enlightenment","Slimebound:PrepareCrush+1","Slimebound:Schlurp+1"],"relics":["Slimebound:AbsorbEndCombat","Potion Belt","Pantograph","Centennial Puzzle","Slimebound:StickyStick","Velvet Choker","Slimebound:SlimedTailRelic","Regal Pillow"],"acts_visited":["Exordium","TheCity"],"potions_floor_usage":[23],"damage_taken":[{"damage":9.0,"enemies":"Jaw Worm","floor":2.0,"turns":3.0},{"damage":6.0,"enemies":"downfall:FleeingMerchant","floor":4.0,"turns":4.0},{"damage":34.0,"enemies":"3 Sentries","floor":6.0,"turns":8.0},{"damage":1.0,"enemies":"Small Slimes","floor":8.0,"turns":4.0},{"damage":11,"enemies":"Lagavulin","floor":12,"turns":5},{"damage":14,"enemies":"Gremlin Nob","floor":14,"turns":3},{"damage":0,"enemies":"Cultist","floor":15,"turns":2},{"damage":31,"enemies":"IC_STATUS_ARCHETYPE","floor":16,"turns":6},{"damage":19,"enemies":"Shell Parasite","floor":19,"turns":2},{"damage":25,"enemies":"3 Byrds","floor":20,"turns":5},{"damage":12,"enemies":"downfall:FleeingMerchant","floor":22,"turns":4},{"damage":3,"enemies":"Snecko","floor":23,"turns":3},{"damage":2,"enemies":"Chosen and Byrds","floor":26,"turns":3}],"seed_played":"2761236652495458464","potions_obtained":[{"floor":8.0,"key":"Strength Potion"},{"floor":14,"key":"SkillPotion"},{"floor":15,"key":"Fire Potion"},{"floor":16,"key":"Strength Potion"},{"floor":20,"key":"SpeedPotion"},{"floor":23,"key":"SkillPotion"}],"is_trial":false,"path_per_floor":["R","M","?","$","?","E","T","M","R","?","R","E","R","E","M","B",null,"R","M","M","?","$","M","T","R","M"],"character_chosen":"SLIMEBOUND","items_purchased":["Slimebound:SpikyOuterGoop","Slimebound:SlimedTailRelic","Enlightenment","Slimebound:PrepareCrush"],"campfire_rested":0,"item_purchase_floors":[4,22,22,22],"current_hp_per_floor":[65,62,50,50,50,22,22,25,25,46,46,43,43,37,41,40,65,65,52,35,35,31,34,34,34,34,34,34],"gold":32,"neow_bonus":"HUNDRED_GOLD","is_daily":false,"chose_seed":false,"campfire_upgraded":5,"win_rate":0.0,"timestamp":1613306143,"path_taken":["R","M","?","$","?","E","T","?","R","?","R","E","R","E","M","BOSS","R","M","M","?","$","M","T","R","?"],"items_purchased_type":["Card","Relic","Card","Card"],"build_version":"2020-12-22","purchased_purges":1,"victory":false,"max_hp_per_floor":[65,65,65,65,65,65,65,65,65,65,65,65,65,65,65,65,65,65,65,65,65,65,65,65,65,65,65,65],"card_choices":[{"not_picked":["Slimebound:PressTheAttack","Slimebound:SlimeSpikes"],"picked":"Slimebound:ViciousTackle","floor":2.0},{"not_picked":["Slimebound:LivingWall","Slimebound:FinishingTackle"],"picked":"Slimebound:GoopTackle","floor":4.0},{"not_picked":["Slimebound:SlimeBarrage","Slimebound:PressTheAttack"],"picked":"Slimebound:SamplingLick","floor":6.0},{"not_picked":["Slimebound:GoopTackle","Slimebound:Repurpose"],"picked":"Slimebound:HungryTackle","floor":8.0},{"not_picked":["Slimebound:DivideAndConquer","Slimebound:LeechingTouch"],"picked":"Slimebound:Schlurp","floor":12},{"not_picked":["Slimebound:RallyTheTroops","Slimebound:PressTheAttack"],"picked":"Slimebound:Chomp","floor":14},{"not_picked":["Slimebound:SplitMire","Slimebound:ComboTackle"],"picked":"Slimebound:HauntingLick","floor":15},{"not_picked":["Slimebound:DouseInSlime","Slimebound:MassRepurpose"],"picked":"Slimebound:CheckThePlaybook","floor":16},{"not_picked":["Slimebound:LivingWall","Slimebound:SplitMire+1"],"picked":"Slimebound:AcidTongue","floor":19},{"not_picked":["Slimebound:Repurpose","Slimebound:SlimeSpikes","Slimebound:SplitBruiser"],"picked":"SKIP","floor":20},{"not_picked":["Slimebound:SamplingLick","Slimebound:HauntingLick+1","Slimebound:RollThrough"],"picked":"SKIP","floor":22},{"not_picked":["Slimebound:LeechingTouch","Slimebound:Grow"],"picked":"Slimebound:Schlurp+1","floor":23}],"player_experience":802524,"relics_obtained":[{"floor":6.0,"key":"Pantograph"},{"floor":12,"key":"Centennial Puzzle"},{"floor":14,"key":"Slimebound:StickyStick"},{"floor":24,"key":"Regal Pillow"}],"event_choices":[{"damage_healed":0.0,"max_hp_gain":0.0,"max_hp_loss":0.0,"gold_gain":0.0,"event_name":"Scrap Ooze","player_choice":"Success","floor":3.0,"gold_loss":0.0,"damage_taken":12.0,"relics_obtained":["Potion Belt"]},{"damage_healed":21,"gold_gain":0,"player_choice":"Banana","damage_taken":0,"max_hp_gain":0,"max_hp_loss":0,"event_name":"Big Fish","floor":10,"gold_loss":0}],"is_beta":false,"boss_relics":[{"not_picked":["Busted Crown","Black Star"],"picked":"Velvet Choker"}],"items_purged_floors":[4],"is_endless":false,"potions_floor_spawned":[8,14,15,16,20,23],"killed_by":"Chosen and Byrds","ascension_level":2}}