{"host":"ul3z8ex5o8l5j7mh","time":1613332624,"event":{"mods":["AchievementEnabler","BaseMod","Bestiary","Colored Map","Colored Powertips","DeckTracker","Keyboard Shortcuts","Minty Spire (QoL Compilation)","Relic Sorter","Relic Stats","SuperFastMode"],"gold_per_floor":[115,115,133,146,0,0,15,40,40,40,140,36,36,52,52,152,152,170,188,113,139,51,51,51,51,76,104,116,116,116,116,116],"floor_reached":31,"language":"ENG","playtime":988,"items_purged":["Defend_R","Defend_R"],"score":314,"play_id":"3cc3d87f-33b8-4e1a-8a8c-ef3944cf0492","local_time":"20210214205704","is_ascension_mode":true,"campfire_choices":[{"data":"Burning Pact","floor":6,"key":"SMITH"},{"floor":10,"key":"REST"},{"floor":13,"key":"REST"},{"data":"Blood for Blood","floor":15,"key":"SMITH"},{"data":"Corruption","floor":23,"key":"SMITH"},{"floor":25,"key":"REST"}],"circlet_count":0,"master_deck":["Strike_R","Strike_R","Strike_R","Strike_R","Strike_R","Bash","Burning Pact+1","Blood for Blood+1","Iron Wave","Carnage","Armaments+1","Armaments+1","Corruption+1","Blood for Blood","Searing Blow+1","Rage+1"],"relics":["Mark of Pain","Oddly Smooth Stone","White Beast Statue","Toxic Egg 2","Black Star","MawBank","Juzu Bracelet","The Courier","MealTicket","Bag of Preparation"],"acts_visited":["Exordium","TheCity"],"potions_floor_usage":[7,8,14,14,16,18,19,27,28,31],"damage_taken":[{"damage":0,"enemies":"2 Louse","floor":1,"turns":2},{"damage":6,"enemies":"Cultist","floor":3,"turns":3},{"damage":7,"enemies":"Small Slimes","floor":4,"turns":4},{"damage":26,"enemies":"Gremlin Gang","floor":7,"turns":4},{"damage":28,"enemies":"Lagavulin","floor":8,"turns":5},{"damage":3,"enemies":"Exordium Thugs","floor":14,"turns":4},{"damage":58,"enemies":"The Guardian","floor":16,"turns":8},{"damage":15,"enemies":"3 Byrds","floor":18,"turns":5},{"damage":8,"enemies":"Shell Parasite","floor":19,"turns":4},{"damage":30,"enemies":"Book of Stabbing","floor":27,"turns":5},{"damage":14,"enemies":"Snake Plant","floor":28,"turns":4},{"damage":25,"enemies":"Centurion and Healer","floor":31,"turns":3}],"seed_played":"-4148294840234753944","potions_obtained":[{"floor":1,"key":"Block Potion"},{"floor":7,"key":"ElixirPotion"},{"floor":8,"key":"Fire Potion"},{"floor":14,"key":"SkillPotion"},{"floor":16,"key":"Explosive Potion"},{"floor":18,"key":"Explosive Potion"},{"floor":19,"key":"Weak Potion"},{"floor":27,"key":"Energy Potion"},{"floor":28,"key":"BlessingOfTheForge"}],"is_trial":false,"path_per_floor":["M","?","M","M","$","R","M","E","T","R","?","$","R","M","R","B",null,"M","M","$","T","$","R","$","R","T","E","M","?","?","M"],"character_chosen":"IRONCLAD","items_purchased":["Oddly Smooth Stone","Regen Potion","Armaments+1"],"campfire_rested":3,"item_purchase_floors":[5,12,12],"current_hp_per_floor":[80,73,67,60,60,60,34,6,6,30,30,30,54,63,63,5,61,46,38,38,38,38,38,38,62,62,32,18,18,18,0,0],"gold":116,"neow_bonus":"BOSS_RELIC","is_daily":false,"chose_seed":false,"campfire_upgraded":3,"win_rate":0.0,"timestamp":1613332624,"path_taken":["M","?","M","M","$","R","M","E","T","R","?","$","R","?","R","BOSS","M","M","$","?","$","R","$","R","T","E","M","?","?","M"],"items_purchased_type":["Relic","Potion","Card"],"build_version":"2020-12-22","purchased_purges":2,"victory":false,"max_hp_per_floor":[80,80,80,80,80,80,80,80,80,80,80,80,80,80,80,80,80,80,80,80,80,80,80,80,80,80,80,80,80,80,80,80],"relic_stats":{"counters":[12,51],"MealTicket":0,"Black Star":1,"Juzu Bracelet":0,"Bag of Preparation":[2],"MawBank":12,"obtain_stats":[{"Oddly Smooth Stone":5,"MealTicket":27,"Mark of Pain":0,"The Courier":27,"Black Star":17,"Juzu Bracelet":26,"Bag of Preparation":29,"Toxic Egg 2":9,"MawBank":21,"Burning Blood":0,"White Beast Statue":8},{"Oddly Smooth Stone":3,"MealTicket":10,"Mark of Pain":0,"The Courier":10,"Black Star":7,"Juzu Bracelet":9,"Bag of Preparation":11,"Toxic Egg 2":5,"MawBank":9,"Burning Blood":0,"White Beast Statue":5},{"Oddly Smooth Stone":9,"MealTicket":44,"Mark of Pain":0,"The Courier":44,"Black Star":30,"Juzu Bracelet":39,"Bag of Preparation":48,"Toxic Egg 2":18,"MawBank":39,"Burning Blood":0,"White Beast Statue":18}]},"card_choices":[{"not_picked":["Shrug It Off","Perfected Strike"],"picked":"Burning Pact","floor":1},{"not_picked":["Anger","Combust"],"picked":"Blood for Blood","floor":3},{"not_picked":["Sword Boomerang","Clash"],"picked":"Iron Wave","floor":4},{"not_picked":["Flex","Dual Wield"],"picked":"Carnage","floor":7},{"not_picked":["Fire Breathing","Headbutt","Seeing Red"],"picked":"SKIP","floor":8},{"not_picked":["Sword Boomerang","Thunderclap"],"picked":"Armaments+1","floor":14},{"not_picked":["Demon Form","Barricade"],"picked":"Corruption","floor":16},{"not_picked":["Twin Strike","Bloodletting+1"],"picked":"Blood for Blood","floor":18},{"not_picked":["Warcry+1","Second Wind+1"],"picked":"Searing Blow+1","floor":19},{"not_picked":["Twin Strike","Combust"],"picked":"Rage+1","floor":27},{"not_picked":["Disarm+1","Body Slam","Clash"],"picked":"SKIP","floor":28}],"player_experience":381183,"relics_obtained":[{"floor":8,"key":"White Beast Statue"},{"floor":9,"key":"Toxic Egg 2"},{"floor":21,"key":"MawBank"},{"floor":26,"key":"Juzu Bracelet"},{"floor":27,"key":"The Courier"},{"floor":27,"key":"MealTicket"}],"event_choices":[{"cards_removed":["Defend_R"],"damage_healed":0,"gold_gain":0,"player_choice":"Card Removal","damage_taken":7,"max_hp_gain":0,"max_hp_loss":0,"event_name":"Golden Wing","floor":2,"gold_loss":0},{"damage_healed":0,"gold_gain":100,"player_choice":"Gold","damage_taken":0,"max_hp_gain":0,"max_hp_loss":0,"event_name":"Wheel of Change","floor":11,"gold_loss":0},{"damage_healed":0,"gold_gain":0,"player_choice":"Opened","damage_taken":0,"relics_obtained":["Bag of Preparation"],"max_hp_gain":0,"max_hp_loss":0,"event_name":"The Mausoleum","floor":29,"gold_loss":0},{"cards_removed":["Defend_R"],"damage_healed":0,"gold_gain":0,"player_choice":"Purged","damage_taken":0,"max_hp_gain":0,"max_hp_loss":0,"event_name":"Purifier","floor":30,"gold_loss":0}],"is_beta":false,"boss_relics":[{"not_picked":["Cursed Key","Ectoplasm"],"picked":"Black Star"}],"items_purged_floors":[20,22],"is_endless":false,"potions_floor_spawned":[1,7,8,14,16,18,19,27,28],"killed_by":"Centurion and Healer","ascension_level":5}}