{"host":"yx8wv8d7ru77s2k1","time":1613311049,"event":{"mods":["BaseMod","Colored Map","Defuse TimeMaze Blight","Downfall","Hermit","Infinite Spire","Jorbs\u0027s Wanderer Trilogy","Marisa????????","Minty Spire (QoL Compilation)","Relic Sorter","Reliquary","Spikes Relics","StSLib","The Bug Knight","The Disciple","The Hierophant","The Necromancer","The Servant 0.9.4"],"gold_per_floor":[112,76,76,76,95,125,125,157,157,175,193,29,46,73,73,172,172,188,188,203,229,144,144,155,173,173,173,183,183,193,207,207,311,311,311,311],"floor_reached":35,"language":"ENG","playtime":2545,"items_purged":["Defend_MRS","Strike_MRS"],"score":394,"play_id":"a49d05f1-e04e-4178-8bf5-8eda5a3b5ced","local_time":"20210214145729","is_ascension_mode":false,"campfire_choices":[{"data":"DoubleSpark","floor":7,"key":"SMITH"},{"floor":15,"key":"REST"},{"data":"Panacea","floor":23,"key":"SMITH"},{"data":"PowerUp","floor":27,"key":"SMITH"},{"data":"MilkyWay","floor":29,"key":"SMITH"},{"data":"RefractionSpark","floor":32,"key":"SMITH"}],"circlet_count":0,"master_deck":["Strike_MRS","Strike_MRS","Strike_MRS","Defend_MRS","Defend_MRS","Defend_MRS","MasterSpark","UpSweep","DoubleSpark+1","Singularity","PowerUp+1","MilkyWay+1","MachineGunSpark","Panacea+1","UltimateShortwave","infinitespire:Starlight","SporeBomb+1","MagicAbsorber","RefractionSpark+1"],"relics":["MiniHakkero","Bottled Flame","Orichalcum","White Beast Statue","SnailShell","SacredBark","Strawberry","Red Mask","Dream Catcher","The Courier"],"acts_visited":["Exordium","TheCity","TheBeyond"],"potions_floor_usage":[6,10,13,16,18,21,24,28,30,31,33,33],"damage_taken":[{"damage":1,"enemies":"Cultist","floor":1,"turns":3},{"damage":0,"enemies":"2 Louse","floor":5,"turns":3},{"damage":25,"enemies":"HollowMod:MossKnight","floor":6,"turns":8},{"damage":22,"enemies":"3 Sentries","floor":8,"turns":6},{"damage":0,"enemies":"Jaw Worm","floor":10,"turns":2},{"damage":0,"enemies":"Looter","floor":11,"turns":3},{"damage":1,"enemies":"Blue Slaver","floor":13,"turns":2},{"damage":52,"enemies":"The Guardian","floor":16,"turns":9},{"damage":2,"enemies":"Shell Parasite","floor":18,"turns":3},{"damage":13,"enemies":"3 Byrds","floor":20,"turns":6},{"damage":24,"enemies":"Masked Bandits","floor":21,"turns":5},{"damage":15,"enemies":"Shelled Parasite and Fungi","floor":24,"turns":6},{"damage":3,"enemies":"Cultist and Chosen","floor":25,"turns":6},{"damage":13,"enemies":"Sentry and Sphere","floor":28,"turns":6},{"damage":5,"enemies":"Centurion and Healer","floor":30,"turns":5},{"damage":0,"enemies":"Cultist and Chosen","floor":31,"turns":2},{"damage":72,"enemies":"Automaton","floor":33,"turns":11},{"damage":34,"enemies":"3 Darklings","floor":35,"turns":3}],"seed_played":"-8149171818659615362","potions_obtained":[{"floor":5,"key":"Swift Potion"},{"floor":8,"key":"Dexterity Potion"},{"floor":11,"key":"SteroidPotion"},{"floor":13,"key":"AttackPotion"},{"floor":16,"key":"Swift Potion"},{"floor":18,"key":"ShroomBrew"},{"floor":20,"key":"SkillPotion"},{"floor":21,"key":"Energy Potion"},{"floor":25,"key":"SpeedPotion"},{"floor":28,"key":"SkillPotion"},{"floor":30,"key":"PowerPotion"},{"floor":31,"key":"Dexterity Potion"},{"floor":33,"key":"SteroidPotion"}],"is_trial":true,"path_per_floor":["M","$","?","?","M","E","R","E","T","M","M","$","M","T","R","B",null,"M","AVR","M","?","?","R","M","M","T","R","M","R","M","M","R","B",null,"M"],"character_chosen":"MARISA","items_purchased":["Singularity","Panacea"],"campfire_rested":1,"item_purchase_floors":[2,12],"current_hp_per_floor":[74,74,79,80,80,55,55,33,33,33,33,33,32,32,56,4,80,78,85,82,68,68,68,63,70,70,70,67,67,72,72,72,10,87,53,53],"gold":311,"neow_bonus":"","is_daily":false,"chose_seed":false,"campfire_upgraded":5,"win_rate":0.0,"timestamp":1613311049,"path_taken":["M","$","?","?","?","E","R","E","T","?","M","?","M","?","R","BOSS","M","AVR","M","?","?","R","M","M","T","R","M","R","M","M","R","BOSS","M"],"items_purchased_type":["Card","Card"],"build_version":"2020-12-22","purchased_purges":2,"victory":false,"max_hp_per_floor":[75,75,80,80,80,80,80,80,80,80,80,80,80,80,80,80,80,80,87,87,87,87,87,87,87,87,87,87,87,87,87,87,87,87,87,87],"card_choices":[{"not_picked":["PowerUp","GravityBeat"],"picked":"DoubleSpark","floor":1},{"not_picked":["IllusionStar","MeteoricShower","6A"],"picked":"SKIP","floor":5},{"not_picked":["AbsoluteMagnitude","OrrerysSun"],"picked":"PowerUp","floor":6},{"not_picked":["DC","IllusionStar","BlazeAway"],"picked":"SKIP","floor":8},{"not_picked":["DC","DoubleSpark"],"picked":"MilkyWay","floor":10},{"not_picked":["Acceleration","Robbery"],"picked":"MachineGunSpark","floor":11},{"not_picked":["ChargeUpSpray","EventHorizon","OpenUniverse"],"picked":"SKIP","floor":13},{"not_picked":["BinaryStars","TreasureHunter"],"picked":"UltimateShortwave","floor":16},{"not_picked":["GrandCross+1","WitchLeyline","ShootingEcho+1"],"picked":"SKIP","floor":18},{"not_picked":["EnergyRecoil","PowerUp","DarkSpark+1"],"picked":"SKIP","floor":20},{"not_picked":["Acceleration+1","BinaryStars"],"picked":"SporeBomb+1","floor":21},{"not_picked":["OpenUniverse","MysteriousBeam","WitchOfGreed"],"picked":"SKIP","floor":24},{"not_picked":["IllusionStar+1","PowerUp"],"picked":"MagicAbsorber","floor":25},{"not_picked":["PowerUp","MysteriousBeam","UnstableBomb"],"picked":"SKIP","floor":28},{"not_picked":["MachineGunSpark","6A"],"picked":"RefractionSpark","floor":30},{"not_picked":["NonDirectionalLaser","WitchLeyline+1","PowerUp"],"picked":"SKIP","floor":31}],"player_experience":188778,"relics_obtained":[{"floor":6,"key":"Bottled Flame"},{"floor":8,"key":"Orichalcum"},{"floor":9,"key":"White Beast Statue"},{"floor":14,"key":"SnailShell"},{"floor":21,"key":"Red Mask"},{"floor":26,"key":"The Courier"}],"event_choices":[{"damage_healed":0,"gold_gain":0,"player_choice":"Donut","damage_taken":0,"max_hp_gain":5,"max_hp_loss":0,"event_name":"Big Fish","floor":3,"gold_loss":0},{"damage_healed":1,"gold_gain":0,"player_choice":"Full Heal","damage_taken":0,"max_hp_gain":0,"max_hp_loss":0,"event_name":"Wheel of Change","floor":4,"gold_loss":0},{"damage_healed":0,"gold_gain":0,"player_choice":"Fought Bandits","damage_taken":0,"max_hp_gain":0,"max_hp_loss":0,"event_name":"Masked Bandits","floor":21,"gold_loss":0},{"damage_healed":0,"gold_gain":0,"player_choice":"Obtained Relic","damage_taken":0,"relics_obtained":["Dream Catcher"],"max_hp_gain":0,"max_hp_loss":0,"event_name":"Addict","floor":22,"gold_loss":85}],"is_beta":false,"boss_relics":[{"not_picked":["Runic Dome","infinitespire:Cupcake"],"picked":"SacredBark"},{"not_picked":["Pandora\u0027s Box","reliquary:KinkedSpring","reliquary:RedCape"]}],"items_purged_floors":[12,19],"is_endless":false,"potions_floor_spawned":[5,8,10,11,13,16,18,20,21,24,25,28,30,31,33],"killed_by":"3 Darklings","ascension_level":0}}