{"host":"q2j4ef1ti78v4imq","time":1613298572,"event":{"mods":["AchievementEnabler","BaseMod","Better Altar","Better Match","Better Note","Better Sensory Stone","Better Skull","Better Third Choice","Block Reminder","Hermit","Minty Spire (QoL Compilation)","Relic Stats","Replay The Spire","Shade Mod","StSLib"],"gold_per_floor":[117,133,152,168,187,187,203,203,203],"floor_reached":8,"language":"ENG","playtime":307,"items_purged":[],"score":68,"play_id":"4046f1cc-f67d-4b8c-be3a-73ca4e4fda17","local_time":"20210214102932","is_ascension_mode":true,"campfire_choices":[{"data":"hermit:Dive","floor":6,"key":"SMITH"}],"circlet_count":0,"master_deck":["hermit:Strike_Hermit","hermit:Strike_Hermit","hermit:Strike_Hermit","hermit:Strike_Hermit","hermit:Defend_Hermit","hermit:Defend_Hermit","hermit:Defend_Hermit","hermit:Defend_Hermit","hermit:Snapshot","hermit:Covet","hermit:Dive","hermit:Headshot","hermit:ItchyTrigger","hermit:CursedWeapon","hermit:Dive+1","hermit:Maintenance"],"relics":["hermit:Momento","Centennial Puzzle"],"acts_visited":["Exordium"],"potions_floor_usage":[],"damage_taken":[{"damage":0,"enemies":"2 Louse","floor":1,"turns":3},{"damage":1,"enemies":"Jaw Worm","floor":2,"turns":3},{"damage":2,"enemies":"Small Slimes","floor":3,"turns":3},{"damage":15,"enemies":"2 Fungi Beasts","floor":4,"turns":3},{"damage":8,"enemies":"Looter","floor":5,"turns":2},{"damage":2,"enemies":"3 Louse","floor":7,"turns":2},{"damage":63,"enemies":"Gremlin Nob","floor":8,"turns":5}],"seed_played":"4932364979217046656","potions_obtained":[{"floor":1,"key":"Cursed Concoction"},{"floor":4,"key":"Regen Potion"}],"is_trial":false,"path_per_floor":["M","M","M","M","M","R","M","E"],"character_chosen":"HERMIT","items_purchased":[],"campfire_rested":0,"item_purchase_floors":[],"current_hp_per_floor":[68,67,65,50,42,42,40,0,0],"gold":203,"neow_bonus":"RANDOM_COMMON_RELIC","is_daily":false,"chose_seed":false,"campfire_upgraded":1,"win_rate":0.0,"timestamp":1613298572,"path_taken":["M","M","M","M","M","R","M","E"],"items_purchased_type":[],"build_version":"2020-12-22","purchased_purges":0,"victory":false,"max_hp_per_floor":[75,75,75,75,75,75,75,75,75],"relic_stats":{"Centennial Puzzle":[18],"counters":[7,21],"obtain_stats":[{"Centennial Puzzle":0,"hermit:Momento":0},{"Centennial Puzzle":0,"hermit:Momento":0},{"Centennial Puzzle":0,"hermit:Momento":0}]},"card_choices":[{"not_picked":["hermit:Cheat","hermit:HoleUp"],"picked":"hermit:Dive","floor":1},{"not_picked":["hermit:CalledShot","hermit:Roulette"],"picked":"hermit:Headshot","floor":2},{"not_picked":["hermit:Roulette","hermit:Showdown"],"picked":"hermit:ItchyTrigger","floor":3},{"not_picked":["hermit:LowProfile","hermit:HoleUp"],"picked":"hermit:CursedWeapon","floor":4},{"not_picked":["hermit:Malice","hermit:TakeCover"],"picked":"hermit:Dive","floor":5},{"not_picked":["hermit:FlashPowder","hermit:Misfire"],"picked":"hermit:Maintenance","floor":7}],"player_experience":875739,"relics_obtained":[],"event_choices":[],"is_beta":false,"boss_relics":[],"items_purged_floors":[],"is_endless":false,"potions_floor_spawned":[1,4],"killed_by":"Gremlin Nob","ascension_level":6}}