{"host":"hrvs05np4ys7itky","time":1613343088,"event":{"mods":["BaseMod","Colored Map","Colored Powertips","Downfall","Emptier Cage","Hermit","Highlight Path","Minty Spire (QoL Compilation)","Permanent Neow","Rare Cards Sparkle","Relic Stats","Replay The Spire","StSLib","everything is the same but u backflip on backflip"],"gold_per_floor":[110,110,123,123,1,31,31,57,57,75,75,101,111,129,129,201,251,270,284,284,294,294,294,294,294],"floor_reached":24,"language":"ENG","playtime":1298,"items_purged":["Strike_R"],"score":356,"play_id":"1a95b1cf-5fb8-4ce4-a2f3-68ce65af8be4","local_time":"20210214175128","is_ascension_mode":true,"campfire_choices":[{"data":"Inflame","floor":7,"key":"SMITH"},{"data":"Armaments","floor":11,"key":"SMITH"},{"data":"Shockwave","floor":23,"key":"SMITH"}],"circlet_count":0,"master_deck":["AscendersBane","Defend_R","Defend_R","Defend_R","Defend_R","Bash+1","Pommel Strike","Run Through","Armaments+1","Inflame+1","Shrug It Off","True Grit","Clothesline","Combust","Offering","ReplayTheSpireMod:Limb From Limb","Flex+1","Shame","Offering","Shockwave+1","Slimebound:Tackle+1","Slimebound:Tackle+1","Slimebound:Tackle+1"],"relics":["Burning Blood","Garlic","Juzu Bracelet","Ginger","Blue Doll","Slimebound:StickyStick","Tiny House","downfall:ExtraCursedKey"],"acts_visited":["Exordium","TheCity"],"potions_floor_usage":[6,13,16,18,24],"damage_taken":[{"damage":1,"enemies":"Cultist","floor":1,"turns":3},{"damage":9,"enemies":"Jaw Worm","floor":3,"turns":3},{"damage":23,"enemies":"Lagavulin","floor":6,"turns":6},{"damage":28,"enemies":"3 Sentries","floor":8,"turns":8},{"damage":0,"enemies":"Small Slimes","floor":10,"turns":3},{"damage":25,"enemies":"Gremlin Nob","floor":12,"turns":5},{"damage":0,"enemies":"3 Louse","floor":13,"turns":3},{"damage":3,"enemies":"Blue Slaver","floor":14,"turns":4},{"damage":24,"enemies":"Hexaghost","floor":16,"turns":12},{"damage":6,"enemies":"Spheric Guardian","floor":18,"turns":3},{"damage":45,"enemies":"2 Thieves","floor":19,"turns":4},{"damage":8,"enemies":"Cultist and Chosen","floor":21,"turns":5},{"damage":19,"enemies":"Slavers","floor":24,"turns":2}],"seed_played":"7298197585221265798","potions_obtained":[{"floor":3,"key":"PowerPotion"},{"floor":8,"key":"Explosive Potion"},{"floor":10,"key":"BlessingOfTheForge"},{"floor":14,"key":"SkillPotion"},{"floor":16,"key":"sneckomod:MuddlingPotion"},{"floor":17,"key":"DistilledChaos"},{"floor":21,"key":"Weak Potion"}],"is_trial":false,"path_per_floor":["M","?","M","?","$","E","R","E","T","M","R","E","M","M","R_BF","B",null,"M","M","?","M","?","R","E"],"character_chosen":"IRONCLAD","items_purchased":["Armaments"],"campfire_rested":0,"item_purchase_floors":[5],"current_hp_per_floor":[77,74,71,71,71,54,54,32,32,38,38,19,25,28,28,10,68,68,29,29,27,27,27,8,8],"gold":294,"neow_bonus":"UPGRADE_CARD","is_daily":false,"chose_seed":false,"campfire_upgraded":3,"win_rate":0.0,"timestamp":1613343088,"path_taken":["M","?","M","?","$","E","R","E","T","M","R","E","M","M","R_BF","BOSS","M","M","?","M","?","R","E"],"items_purchased_type":["Card"],"build_version":"2020-12-22","purchased_purges":1,"victory":false,"max_hp_per_floor":[80,80,80,80,80,80,80,80,80,80,80,80,80,80,80,80,85,85,85,85,85,85,85,85,85],"relic_stats":{"counters":[13,61],"Juzu Bracelet":0,"Ginger":[3],"obtain_stats":[{"Tiny House":17,"Slimebound:StickyStick":12,"Blue Doll":9,"downfall:ExtraCursedKey":20,"Garlic":2,"Juzu Bracelet":6,"Ginger":8,"Burning Blood":0},{"Tiny House":9,"Slimebound:StickyStick":6,"Blue Doll":4,"downfall:ExtraCursedKey":11,"Garlic":1,"Juzu Bracelet":3,"Ginger":4,"Burning Blood":0},{"Tiny House":47,"Slimebound:StickyStick":28,"Blue Doll":20,"downfall:ExtraCursedKey":54,"Garlic":3,"Juzu Bracelet":12,"Ginger":20,"Burning Blood":0}],"Burning Blood":72},"card_choices":[{"not_picked":["Pummel","Massacre"],"picked":"Pommel Strike","floor":1},{"not_picked":["Replay:Undeath\u0027s Touch","Heavy Blade"],"picked":"Run Through","floor":3},{"not_picked":["Metallicize","Sever Soul"],"picked":"Inflame","floor":6},{"not_picked":["Life Link","Exhume"],"picked":"Shrug It Off","floor":8},{"not_picked":["Anger","Dropkick"],"picked":"True Grit","floor":10},{"not_picked":["Anger","Run Through"],"picked":"Clothesline","floor":12},{"not_picked":["Clothesline","Abandon","Flex"],"picked":"SKIP","floor":13},{"not_picked":["Twin Strike","Havoc","Evolve"],"picked":"SKIP","floor":14},{"not_picked":["Double Tap","Barricade"],"picked":"Offering","floor":16},{"not_picked":["Fire Breathing","Replay:Undeath\u0027s Touch"],"picked":"ReplayTheSpireMod:Limb From Limb","floor":17},{"not_picked":["ReplayTheSpireMod:Corrosion Curse","Thunderclap","Reckless Charge"],"picked":"SKIP","floor":18},{"not_picked":["Perfected Strike+1","Evolve"],"picked":"Flex+1","floor":19},{"not_picked":["Shrug It Off+1","Anger+1"],"picked":"Shockwave","floor":21}],"player_experience":1077340,"relics_obtained":[{"floor":6,"key":"Juzu Bracelet"},{"floor":8,"key":"Ginger"},{"floor":9,"key":"Blue Doll"},{"floor":12,"key":"Slimebound:StickyStick"}],"event_choices":[{"damage_healed":0,"gold_gain":0,"player_choice":"Success","damage_taken":3,"relics_obtained":["Garlic"],"max_hp_gain":0,"max_hp_loss":0,"event_name":"Scrap Ooze","floor":2,"gold_loss":0},{"damage_healed":0,"gold_gain":0,"player_choice":"Ignored","damage_taken":0,"max_hp_gain":0,"max_hp_loss":0,"event_name":"Liars Game","floor":4,"gold_loss":0}],"is_beta":false,"boss_relics":[{"not_picked":["Runic Dome","Honey Jar"],"picked":"Tiny House"}],"items_purged_floors":[5],"is_endless":false,"potions_floor_spawned":[3,8,10,14,16,21],"killed_by":"Slavers","ascension_level":13}}