{"host":"tf5skwcwe0vlu2md","time":1613309349,"event":{"mods":["BaseMod","Downfall","Highlight Path","Minty Spire (QoL Compilation)","Quick Restart","StSLib","The Hierophant"],"gold_per_floor":[122,145,167,194,171,183,221,233,245,285,297,328,359,395,407,544,556,583,595,607,635,647,647],"floor_reached":22,"playtime":1112,"items_purged":[],"score":218,"play_id":"d0c8e8a3-d83c-4ebb-9e43-3552f821d05d","local_time":"20210215002909","is_ascension_mode":true,"campfire_choices":[{"data":"Choke","floor":6,"key":"SMITH"},{"floor":8,"key":"REST"},{"floor":15,"key":"REST"}],"circlet_count":0,"master_deck":["Strike_G","Strike_G","Strike_G","Strike_G","Strike_G","Defend_G","Defend_G","Defend_G","Defend_G","Defend_G","Survivor","Neutralize","Choke+1","Calculated Gamble","Distraction","Dagger Throw","Concentrate","Corpse Explosion","Deadly Poison","Bouncing Flask","Die Die Die","Outmaneuver"],"relics":["Ring of the Snake","MawBank","Regal Pillow","Oddly Smooth Stone","Singing Bowl","Golden Idol","WristBlade"],"acts_visited":["Exordium","TheCity"],"potions_floor_usage":[4,7,18],"damage_taken":[{"damage":0,"enemies":"2 Louse","floor":1,"turns":3},{"damage":4,"enemies":"Jaw Worm","floor":2,"turns":5},{"damage":1,"enemies":"Cultist","floor":3,"turns":4},{"damage":24,"enemies":"Lots of Slimes","floor":4,"turns":5},{"damage":19,"enemies":"Gremlin Nob","floor":7,"turns":4},{"damage":47,"enemies":"3 Sentries","floor":10,"turns":12},{"damage":0,"enemies":"Large Slime","floor":12,"turns":4},{"damage":7,"enemies":"2 Fungi Beasts","floor":13,"turns":3},{"damage":11,"enemies":"Looter","floor":14,"turns":3},{"damage":32,"enemies":"Hexaghost","floor":16,"turns":9},{"damage":27,"enemies":"Shell Parasite","floor":18,"turns":6},{"damage":24,"enemies":"Spheric Guardian","floor":21,"turns":5},{"damage":31,"enemies":"Cultist and Chosen","floor":22,"turns":4}],"seed_played":"8705091880106275257","potions_obtained":[{"floor":1,"key":"SpeedPotion"},{"floor":3,"key":"Poison Potion"},{"floor":10,"key":"Strength Potion"},{"floor":14,"key":"Energy Potion"},{"floor":18,"key":"Fruit Juice"}],"is_trial":false,"path_per_floor":["M","M","M","M","?","R","E","R","T","E","?","M","M","M","R","B",null,"M","$","?","M","M"],"character_chosen":"THE_SILENT","items_purchased":[],"campfire_rested":2,"item_purchase_floors":[],"current_hp_per_floor":[70,66,65,41,58,58,39,70,70,23,23,23,16,7,43,11,72,50,50,50,28,0,0],"gold":647,"neow_bonus":"RANDOM_COMMON_RELIC","is_daily":false,"chose_seed":false,"campfire_upgraded":1,"win_rate":0.0,"timestamp":1613309349,"path_taken":["M","M","M","M","?","R","E","R","T","E","?","M","M","M","R","BOSS","M","$","?","?","M"],"items_purchased_type":[],"build_version":"2020-12-13","purchased_purges":0,"victory":false,"max_hp_per_floor":[70,70,70,70,70,70,70,70,70,70,70,70,70,72,72,72,72,77,77,77,79,79,79],"card_choices":[{"not_picked":["Setup","Poisoned Stab"],"picked":"Choke","floor":1},{"not_picked":["Acrobatics","Dagger Spray"],"picked":"Calculated Gamble","floor":2},{"not_picked":["Acrobatics","PiercingWail"],"picked":"Distraction","floor":3},{"not_picked":["Tactician","Flying Knee"],"picked":"Dagger Throw","floor":4},{"not_picked":["Backflip","Riddle With Holes"],"picked":"Concentrate","floor":7},{"not_picked":["Deadly Poison","Finisher"],"picked":"Corpse Explosion","floor":10},{"not_picked":["Prepared","Calculated Gamble"],"picked":"Deadly Poison","floor":12},{"not_picked":["Bane","Dodge and Roll"],"picked":"Bouncing Flask","floor":13},{"not_picked":["Underhanded Strike","Predator","Riddle With Holes"],"picked":"Singing Bowl","floor":14},{"not_picked":["Adrenaline","Phantasmal Killer"],"picked":"Die Die Die","floor":16},{"not_picked":["Cloak And Dagger","Prepared+1"],"picked":"Outmaneuver","floor":18},{"not_picked":["PiercingWail+1","Prepared","Caltrops"],"picked":"Singing Bowl","floor":21}],"player_experience":241006,"relics_obtained":[{"floor":7,"key":"Regal Pillow"},{"floor":9,"key":"Oddly Smooth Stone"},{"floor":10,"key":"Singing Bowl"}],"event_choices":[{"damage_healed":17,"gold_gain":0,"player_choice":"Healed","damage_taken":0,"max_hp_gain":0,"max_hp_loss":0,"event_name":"The Cleric","floor":5,"gold_loss":35},{"damage_healed":0,"gold_gain":0,"player_choice":"Take Wound","damage_taken":0,"relics_obtained":["Golden Idol"],"max_hp_gain":0,"max_hp_loss":0,"event_name":"Golden Idol","floor":11,"gold_loss":0,"cards_obtained":["Injury"]},{"cards_removed":["Injury"],"damage_healed":0,"gold_gain":0,"player_choice":"Purged","damage_taken":0,"max_hp_gain":0,"max_hp_loss":0,"event_name":"Purifier","floor":20,"gold_loss":0}],"is_beta":false,"boss_relics":[{"not_picked":["Coffee Dripper","Busted Crown"],"picked":"WristBlade"}],"items_purged_floors":[],"is_endless":false,"potions_floor_spawned":[1,3,10,14,18],"killed_by":"Cultist and Chosen","ascension_level":2}}