{"host":"630px4nyj50z5id8","time":1613305758,"event":{"mods":["BaseMod","Better Note","Colored Powertips","Good Game Mod","Minty Spire (QoL Compilation)","Quick Restart","Rare Cards Sparkle","Relic Filter Mod","Replay The Spire","StSLib","Waifu the Spire"],"gold_per_floor":[119,130,143,160,173,199,217,234,304,304,315,344,363,398,398,503,503,513,526,546,726,726,726],"floor_reached":22,"language":"ZHS","playtime":1027,"items_purged":[],"score":277,"play_id":"765ae4ff-5f6b-48fb-bc89-0b9c51f661e4","local_time":"20210214202918","is_ascension_mode":true,"campfire_choices":[{"data":"Eclipse","floor":10,"key":"SMITH"},{"floor":15,"key":"REST"}],"circlet_count":0,"master_deck":["Strike_R","Strike_R","Strike_R","Strike_R","Strike_R","Defend_R","Defend_R","Defend_R","Defend_R","Bash","Demon Form","Sword Boomerang","Eclipse+1","Carnage","Shrug It Off","Whirlwind","Fire Breathing","Inflame","Impervious","Evolve","True Grit","Barricade"],"relics":["REME:ComplimentaryCards","Runic Cube","Bag of Preparation","Blue Candle","Prayer Wheel","Bottled Lightning","Electric Blood"],"acts_visited":["TheCity"],"potions_floor_usage":[12,16,16,16],"damage_taken":[{"damage":5,"enemies":"Cultist","floor":1,"turns":4},{"damage":1,"enemies":"2 Louse","floor":2,"turns":3},{"damage":3,"enemies":"Small Slimes","floor":3,"turns":3},{"damage":0,"enemies":"Looter","floor":4,"turns":4},{"damage":20,"enemies":"Red Slaver","floor":5,"turns":4},{"damage":0,"enemies":"Lagavulin","floor":6,"turns":4},{"damage":15,"enemies":"Exordium Thugs","floor":7,"turns":3},{"damage":2,"enemies":"Blue Slaver","floor":8,"turns":3},{"damage":0,"enemies":"3 Louse","floor":11,"turns":1},{"damage":0,"enemies":"3 Sentries","floor":12,"turns":4},{"damage":3,"enemies":"Red Slaver","floor":13,"turns":4},{"damage":18,"enemies":"Lagavulin","floor":14,"turns":5},{"damage":27,"enemies":"Fading Forest","floor":16,"turns":11},{"damage":7,"enemies":"Chosen","floor":18,"turns":3},{"damage":16,"enemies":"2 Thieves","floor":19,"turns":4},{"damage":13,"enemies":"Snake Plant","floor":20,"turns":4},{"damage":34,"enemies":"Centurion and Healer","floor":22,"turns":2}],"seed_played":"5319680584224692880","potions_obtained":[{"floor":3,"key":"Strength Potion"},{"floor":7,"key":"Explosive Potion"},{"floor":11,"key":"SpeedPotion"},{"floor":12,"key":"Adrenaline Potion"},{"floor":13,"key":"BloodPotion"},{"floor":18,"key":"BlessingOfTheForge"}],"is_trial":false,"path_per_floor":["M","M","M","M","M","E","M","M","T","R","M","E","M","E","R","B",null,"M","M","M","?","M"],"character_chosen":"IRONCLAD","items_purchased":[],"campfire_rested":1,"item_purchase_floors":[],"current_hp_per_floor":[75,74,71,71,51,51,36,34,34,34,34,34,31,13,37,26,80,73,57,44,25,0,0],"gold":726,"neow_bonus":"BOSS_RELIC","is_daily":false,"chose_seed":false,"campfire_upgraded":1,"win_rate":0.0,"timestamp":1613305758,"path_taken":["M","M","M","M","M","E","M","?","T","R","M","E","M","E","R","BOSS","M","M","M","?","?"],"items_purchased_type":[],"build_version":"2020-12-22","purchased_purges":0,"victory":false,"max_hp_per_floor":[80,80,80,80,80,80,80,80,80,80,80,80,80,80,80,80,80,80,80,80,80,80,80],"card_choices":[{"not_picked":["Metallicize","Spot Weakness"],"picked":"Sword Boomerang","floor":1},{"not_picked":["Clash","Wild Strike","Warcry"],"picked":"SKIP","floor":2},{"not_picked":["Sword Boomerang","Wild Strike","ReplayTheSpireMod:Strike From Hell"],"picked":"SKIP","floor":3},{"not_picked":["ReplayTheSpireMod:Limb From Limb","Battle Trance"],"picked":"Eclipse","floor":4},{"not_picked":["Searing Blow","Replay:Undeath\u0027s Touch"],"picked":"Carnage","floor":5},{"not_picked":["Sword Boomerang","Dropkick","Heavy Blade"],"picked":"SKIP","floor":6},{"not_picked":["Headbutt","Seeing Red"],"picked":"Shrug It Off","floor":7},{"not_picked":["True Grit","Havoc"],"picked":"Whirlwind","floor":8},{"not_picked":["Warcry","Clash","Reckless Charge"],"picked":"SKIP","floor":11},{"not_picked":["ReplayTheSpireMod:Stacked","Demon Form"],"picked":"Fire Breathing","floor":12},{"not_picked":["Combust","ReplayTheSpireMod:Muscle Training"],"picked":"Inflame","floor":13},{"not_picked":["Anger","Headbutt","Fire Breathing"],"picked":"SKIP","floor":13},{"not_picked":["Thunderclap","Uppercut","Havoc"],"picked":"SKIP","floor":14},{"not_picked":["Corruption","Bludgeon"],"picked":"Impervious","floor":16},{"not_picked":["ReplayTheSpireMod:LeadingStrike+1","Anger+1","Iron Wave+1"],"picked":"SKIP","floor":18},{"not_picked":["Run Through","Sword Boomerang","Abandon"],"picked":"SKIP","floor":18},{"not_picked":["Anger","Warcry+1"],"picked":"Evolve","floor":19},{"not_picked":["Sword Boomerang","Warcry+1"],"picked":"True Grit","floor":19},{"not_picked":["Body Slam","Clothesline+1"],"picked":"Barricade","floor":20},{"not_picked":["Wild Strike","Twin Strike","Thunderclap"],"picked":"SKIP","floor":20}],"player_experience":389943,"relics_obtained":[{"floor":6,"key":"Bag of Preparation"},{"floor":9,"key":"Blue Candle"},{"floor":12,"key":"Prayer Wheel"},{"floor":14,"key":"Bottled Lightning"}],"event_choices":[{"damage_healed":0,"gold_gain":180,"player_choice":"GOLD GOLD ","damage_taken":19,"max_hp_gain":0,"max_hp_loss":0,"event_name":"Knowing Skull","floor":21,"potions_obtained":[],"gold_loss":0,"cards_obtained":[]}],"is_beta":false,"boss_relics":[{"not_picked":["Empty Cage","Replay:Drink Me"],"picked":"Electric Blood"}],"items_purged_floors":[],"is_endless":false,"potions_floor_spawned":[3,7,11,12,13,14,18],"killed_by":"Centurion and Healer","ascension_level":1}}