{"host":"36qke0usa4c48kdx","time":1613309090,"event":{"mods":["AchievementEnabler","BaseMod","Colored Map","Downfall","Hermit","Hubris","Marisa????????","Minty Spire (QoL Compilation)","READ ME - Guardian Mod","Replay The Spire","Shop Mod","StSLib","The Bug Knight","The Cursed","The Disciple","The Servant 0.9.4"],"gold_per_floor":[116,135,152,9,24,55,55,80,104,104,379,418,431,454,454,553,553,572,15,28,101,101,133,99,99,125,154,173,173,150,166,166,166,166],"floor_reached":33,"language":"ENG","playtime":2053,"items_purged":["downfall:Aged","Regret"],"score":684,"play_id":"4e6701ff-32ac-4bc1-a250-a0518df83770","local_time":"20210214142450","is_ascension_mode":true,"campfire_choices":[{"data":"ReplayTheSpireMod:Limb From Limb","floor":7.0,"key":"SMITH"},{"floor":10.0,"key":"RECALL"},{"data":"Berserk","floor":15.0,"key":"SMITH"},{"floor":25.0,"key":"REST"},{"floor":32,"key":"REST"}],"circlet_count":1,"master_deck":["Feed+1","Strike_R","Strike_R","Strike_R","Strike_R","Strike_R","Defend_R","Defend_R","Defend_R","Bash","ReplayTheSpireMod:Limb From Limb+1","Pommel Strike","Berserk+1","Thunderclap","Impervious","Twin Strike+1","ReplayTheSpireMod:Stacked","hubris:StunningStrike","True Grit+1","Shockwave","Shrug It Off","Intimidate","Double Tap","Shrug It Off"],"relics":["Burning Blood","Vajra","Toy Ornithopter","ReplayTheSpireMod:TigerMarble","Circlet","ReplayTheSpireMod:CursedCoin","hubris:OldNail","hubris:RunicObelisk","Girya","HandDrill","hubris:Icosahedron","Oddly Smooth Stone","ReplayTheSpireMod:Lightbulb","hubris:Potato"],"acts_visited":["Exordium","TheCity"],"potions_floor_usage":[31,33],"damage_taken":[{"damage":6.0,"enemies":"Cultist","floor":1.0,"turns":4.0},{"damage":11.0,"enemies":"Jaw Worm","floor":2.0,"turns":5.0},{"damage":0.0,"enemies":"Small Slimes","floor":3.0,"turns":3.0},{"damage":22.0,"enemies":"Exordium Wildlife","floor":5.0,"turns":4.0},{"damage":0.0,"enemies":"Lagavulin","floor":6.0,"turns":3.0},{"damage":20.0,"enemies":"Gremlin Nob","floor":8.0,"turns":4.0},{"damage":9.0,"enemies":"2 Fungi Beasts","floor":13.0,"turns":2.0},{"damage":73.0,"enemies":"Hexaghost","floor":16.0,"turns":9.0},{"damage":27.0,"enemies":"2 Thieves","floor":18.0,"turns":3.0},{"damage":7.0,"enemies":"Chosen","floor":20.0,"turns":4.0},{"damage":54.0,"enemies":"Gremlin Leader","floor":23.0,"turns":8.0},{"damage":14.0,"enemies":"Centurion and Healer","floor":24.0,"turns":5.0},{"damage":60.0,"enemies":"Slavers","floor":27.0,"turns":8.0},{"damage":6.0,"enemies":"Snake Plant","floor":28.0,"turns":3.0},{"damage":3,"enemies":"Snecko","floor":31,"turns":5},{"damage":90,"enemies":"Collector","floor":33,"turns":9}],"seed_played":"-3598054912655873792","potions_obtained":[{"floor":1.0,"key":"Energy Potion"},{"floor":2.0,"key":"ColorlessPotion"},{"floor":3.0,"key":"Block Potion"},{"floor":16.0,"key":"Guardian:BlockOnCardUsePotion"},{"floor":20.0,"key":"bronze:BurnAndBuffPotion"},{"floor":28.0,"key":"Energy Potion"},{"floor":31,"key":"PowerPotion"}],"is_trial":false,"path_per_floor":["M","M","M","$","M","E","R","E","T","R","?","$","M","T","R","B",null,"M","$","M","T","?","E","M","R","T","E","M","?","$","M","R","B"],"character_chosen":"IRONCLAD","items_purchased":["Vajra","ReplayTheSpireMod:CursedCoin","Twin Strike+1","Girya","HandDrill","Shrug It Off"],"campfire_rested":2,"item_purchase_floors":[4,12,12,19,19,30],"current_hp_per_floor":[76,75,85,85,73,83,83,78,78,78,78,78,84,84,84,37,90,69,69,68,68,68,29,25,59,59,14,23,23,23,35,73,0,0],"gold":166,"neow_bonus":"ONE_RANDOM_RARE_CARD","is_daily":false,"chose_seed":false,"campfire_upgraded":2,"win_rate":0.0,"timestamp":1613309090,"path_taken":["M","M","?","?","M","E","R","E","T","R","?","$","?","?","R","BOSS","M","$","M","?","?","E","M","R","T","E","?","?","$","?","R","BOSS"],"items_purchased_type":["Relic","Relic","Card","Relic","Relic","Card"],"build_version":"2020-12-22","purchased_purges":2,"victory":false,"max_hp_per_floor":[84,88,92,92,96,100,100,104,104,104,104,104,108,108,108,108,108,108,108,108,108,108,112,116,116,116,120,124,124,124,128,128,128,128],"card_choices":[{"not_picked":["Battle Trance","Infernal Blade"],"picked":"ReplayTheSpireMod:Limb From Limb","floor":1.0},{"not_picked":["Iron Wave","Clash","ReplayTheSpireMod:Strike From Hell"],"picked":"SKIP","floor":2.0},{"not_picked":["Iron Wave","Clash","ReplayTheSpireMod:Strike From Hell"],"picked":"SKIP","floor":2.0},{"not_picked":["Warcry","Twin Strike"],"picked":"Pommel Strike","floor":3.0},{"not_picked":["Headbutt","Intimidate"],"picked":"Berserk","floor":5.0},{"not_picked":["Run Through","Warcry"],"picked":"Thunderclap","floor":6.0},{"not_picked":["Berserk","ReplayReversal"],"picked":"Impervious","floor":8.0},{"not_picked":["Massacre","Headbutt"],"picked":"ReplayTheSpireMod:Stacked","floor":13.0},{"not_picked":["Bludgeon","Feed"],"picked":"hubris:StunningStrike","floor":16.0},{"not_picked":["Flex","Shockwave","Life Link"],"picked":"SKIP","floor":18.0},{"not_picked":["Cleave","Wild Strike"],"picked":"True Grit+1","floor":20.0},{"not_picked":["Ghostly Armor","Cleave"],"picked":"Shockwave","floor":23.0},{"not_picked":["Searing Blow+1","Dropkick"],"picked":"Shrug It Off","floor":24.0},{"not_picked":["Twin Strike","Iron Wave"],"picked":"Intimidate","floor":27.0},{"not_picked":["True Grit+1","Run Through","Anger"],"picked":"SKIP","floor":28.0},{"not_picked":["Sever Soul","Heavy Blade","Run Through"],"picked":"SKIP","floor":31}],"player_experience":792279,"relics_obtained":[{"floor":6.0,"key":"Toy Ornithopter"},{"floor":8.0,"key":"Dead Branch"},{"floor":9.0,"key":"ReplayTheSpireMod:TigerMarble"},{"floor":14.0,"key":"hubris:OldNail"},{"floor":23.0,"key":"Oddly Smooth Stone"},{"floor":26.0,"key":"ReplayTheSpireMod:Lightbulb"},{"floor":27.0,"key":"hubris:Potato"}],"event_choices":[{"damage_healed":0.0,"max_hp_gain":0.0,"max_hp_loss":0.0,"gold_gain":275.0,"event_name":"Golden Shrine","player_choice":"Desecrate","floor":11.0,"gold_loss":0.0,"damage_taken":0.0,"cards_obtained":["Regret"]},{"damage_healed":0.0,"max_hp_gain":0.0,"max_hp_loss":0.0,"gold_gain":0.0,"cards_transformed":["Defend_R"],"event_name":"Transmorgrifier","player_choice":"Transformed","floor":29.0,"gold_loss":0.0,"damage_taken":0.0,"cards_obtained":["Double Tap"]}],"is_beta":false,"boss_relics":[{"not_picked":["hubris:ScarierMask","Runic Pyramid"],"picked":"hubris:RunicObelisk"}],"items_purged_floors":[12,19],"is_endless":false,"potions_floor_spawned":[1,2,3,16,20,28,31],"killed_by":"Collector","ascension_level":9}}