{"host":"3hzk4hwwdropes3d","time":1613286986,"event":{"mods":["BaseMod","Downfall","Hermit","Minty Spire (QoL Compilation)","StSLib"],"gold_per_floor":[133,158,333,359,434,469,504,45,95,20,46,114,114,145,145,145,145],"floor_reached":16,"language":"ENG","playtime":602,"items_purged":["Doubt"],"score":146,"play_id":"cb51dd35-bbad-4923-bf2f-e754cb153125","local_time":"20210213231626","is_ascension_mode":true,"campfire_choices":[{"data":"hermit:BlackWind","floor":13,"key":"SMITH"},{"floor":15,"key":"REST"}],"circlet_count":0,"master_deck":["hermit:Strike_Hermit","hermit:Strike_Hermit+1","hermit:Strike_Hermit","hermit:Strike_Hermit+1","hermit:Defend_Hermit","hermit:Defend_Hermit","hermit:Defend_Hermit","hermit:Defend_Hermit","hermit:Snapshot","hermit:Covet","hermit:DeadOrAlive","hermit:Vantage","hermit:FlashPowder","hermit:Headshot","hermit:BlackWind+1","hermit:Quickdraw"],"relics":["hermit:Momento","Ancient Tea Set","PreservedInsect","MealTicket","Sling","Boot","Whetstone"],"acts_visited":["Exordium"],"potions_floor_usage":[7,11,14,16],"damage_taken":[{"damage":5,"enemies":"Cultist","floor":1,"turns":4},{"damage":0,"enemies":"2 Louse","floor":4,"turns":1},{"damage":0,"enemies":"Small Slimes","floor":6,"turns":2},{"damage":0,"enemies":"Looter","floor":7,"turns":2},{"damage":29,"enemies":"Exordium Thugs","floor":11,"turns":3},{"damage":0,"enemies":"3 Sentries","floor":12,"turns":3},{"damage":12,"enemies":"Gremlin Gang","floor":14,"turns":2},{"damage":19,"enemies":"Slime Boss","floor":16,"turns":7}],"seed_played":"-4084912443986681859","potions_obtained":[{"floor":1,"key":"FearPotion"},{"floor":6,"key":"champ:CounterPotion"},{"floor":12,"key":"Slimebound:ThreeZeroPotion"},{"floor":14,"key":"Energy Potion"}],"is_trial":false,"path_per_floor":["M","T","?","M","?","M","M","$","T","$","M","E","R","M","R","B"],"character_chosen":"HERMIT","items_purchased":["PreservedInsect","MealTicket","Sling"],"campfire_rested":1,"item_purchase_floors":[8,8,8],"current_hp_per_floor":[70,70,70,70,59,59,59,59,59,74,45,45,45,33,55,36,36],"gold":145,"neow_bonus":"ONE_RANDOM_RARE_CARD","is_daily":false,"chose_seed":false,"campfire_upgraded":1,"win_rate":0.0,"timestamp":1613286986,"path_taken":["M","?","?","M","?","M","M","$","T","?","?","E","R","M","R","BOSS"],"items_purchased_type":["Relic","Relic","Relic"],"build_version":"2020-12-22","purchased_purges":1,"victory":false,"max_hp_per_floor":[75,75,75,75,75,75,75,75,75,75,75,75,75,75,75,75,75],"card_choices":[{"not_picked":["hermit:LuckOfTheDraw","hermit:ItchyTrigger"],"picked":"hermit:Vantage","floor":1},{"not_picked":["hermit:DeadMansHand","hermit:Vantage"],"picked":"hermit:FlashPowder","floor":4},{"not_picked":["hermit:EyeOfTheStorm","hermit:BodyArmor"],"picked":"hermit:Headshot","floor":6},{"not_picked":["hermit:Gestalt","hermit:Dive"],"picked":"hermit:BlackWind","floor":7},{"not_picked":["hermit:TakeCover","hermit:Showdown","hermit:Coalescence"],"picked":"SKIP","floor":11},{"not_picked":["hermit:TrackingShot","hermit:WideOpen"],"picked":"hermit:Quickdraw","floor":12},{"not_picked":["hermit:Roulette","hermit:Dive","hermit:Feint"],"picked":"SKIP","floor":14}],"player_experience":397578,"relics_obtained":[{"floor":2,"key":"Ancient Tea Set"},{"floor":9,"key":"Boot"},{"floor":12,"key":"Whetstone"}],"event_choices":[{"damage_healed":0,"gold_gain":175,"player_choice":"AGREE","damage_taken":0,"max_hp_gain":0,"max_hp_loss":0,"event_name":"Liars Game","floor":3,"gold_loss":0,"cards_obtained":["Doubt"]},{"damage_healed":0,"gold_gain":75,"player_choice":"Gather Gold","damage_taken":11,"max_hp_gain":0,"max_hp_loss":0,"event_name":"World of Goop","floor":5,"gold_loss":0}],"is_beta":false,"boss_relics":[],"items_purged_floors":[10],"is_endless":false,"potions_floor_spawned":[1,6,12,14],"killed_by":"Slime Boss","ascension_level":3}}