{"host":"4ge9z8h6k0ioij78","time":1613321696,"event":{"mods":["AchievementEnabler","BaseMod","Colored Map","Colored Powertips","Custom Start","DeckTracker","Faster Ascension Climbing","Filter the Spire","Minty Spire (QoL Compilation)","SuperFastMode"],"gold_per_floor":[115,115,130,130,140,175,175,200,200,226,226,226,246,260,260,383,383,403,328,369,369,369,413,413,457,457,496,496,421,444,93,93,214,214,235,293,393,393,393,431,431,293,293,293,314,353,278,298,298,298],"floor_reached":51,"language":"KOR","playtime":2037,"items_purged":["Immolate","Iron Wave+1","Disarm","Bash+1"],"score":1150,"play_id":"37677763-4b78-47c1-9d45-3d8f80fa7ffc","local_time":"20210215015456","is_ascension_mode":true,"campfire_choices":[{"data":"Uppercut","floor":7.0,"key":"SMITH"},{"data":"True Grit","floor":15.0,"key":"SMITH"},{"data":"Bash","floor":24.0,"key":"SMITH"},{"floor":32.0,"key":"DIG"},{"floor":41.0,"key":"DIG"},{"data":"Battle Trance","floor":44,"key":"SMITH"},{"floor":49,"key":"DIG"}],"circlet_count":0,"master_deck":["Dropkick+1","Battle Trance+1","Dropkick+1","Uppercut+1","True Grit+1"],"relics":["Pandora\u0027s Box","Ancient Tea Set","Eternal Feather","Lantern","Pen Nib","Golden Idol","Runic Pyramid","Red Mask","Oddly Smooth Stone","Calipers","Champion Belt","Ice Cream","Membership Card","Shovel","Juzu Bracelet","Sozu","CaptainsWheel","Anchor","InkBottle","Whetstone","Bottled Lightning","Bird Faced Urn","Strawberry"],"acts_visited":["Exordium","TheCity","TheBeyond"],"potions_floor_usage":[],"damage_taken":[{"damage":0.0,"enemies":"Cultist","floor":1.0,"turns":2.0},{"damage":3.0,"enemies":"Jaw Worm","floor":3.0,"turns":2.0},{"damage":5.0,"enemies":"2 Louse","floor":5.0,"turns":2.0},{"damage":8.0,"enemies":"Lagavulin","floor":6.0,"turns":3.0},{"damage":1.0,"enemies":"Gremlin Nob","floor":8.0,"turns":2.0},{"damage":13.0,"enemies":"3 Sentries","floor":10.0,"turns":3.0},{"damage":0.0,"enemies":"2 Fungi Beasts","floor":13.0,"turns":2.0},{"damage":0.0,"enemies":"Blue Slaver","floor":14.0,"turns":2.0},{"damage":12.0,"enemies":"Slime Boss","floor":16.0,"turns":5.0},{"damage":3.0,"enemies":"2 Thieves","floor":18.0,"turns":3.0},{"damage":5.0,"enemies":"Masked Bandits","floor":20.0,"turns":3.0},{"damage":0.0,"enemies":"Book of Stabbing","floor":23.0,"turns":2.0},{"damage":0.0,"enemies":"Slavers","floor":25.0,"turns":3.0},{"damage":0.0,"enemies":"Book of Stabbing","floor":27.0,"turns":2.0},{"damage":0.0,"enemies":"Spheric Guardian","floor":30.0,"turns":2.0},{"damage":0.0,"enemies":"Collector","floor":33.0,"turns":2.0},{"damage":0.0,"enemies":"Orb Walker","floor":35.0,"turns":2.0},{"damage":20.0,"enemies":"2 Orb Walkers","floor":36.0,"turns":4.0},{"damage":0.0,"enemies":"Reptomancer","floor":40.0,"turns":2.0},{"damage":0,"enemies":"3 Darklings","floor":45,"turns":2},{"damage":0,"enemies":"Giant Head","floor":46,"turns":1},{"damage":0,"enemies":"Maw","floor":48,"turns":1},{"damage":0,"enemies":"Awakened One","floor":50,"turns":2}],"seed_played":"8364878379426384441","potions_obtained":[{"floor":3.0,"key":"LiquidBronze"},{"floor":6.0,"key":"EssenceOfSteel"},{"floor":8.0,"key":"EntropicBrew"},{"floor":10.0,"key":"Regen Potion"},{"floor":23.0,"key":"SpeedPotion"}],"is_trial":false,"path_per_floor":["M","?","M","?","M","E","R","E","T","E","?","?","M","M","R","B",null,"M","?","?","?","?","E","R","E","T","E","?","$","M","$","R","B",null,"M","?","?","?","?","E","R","$","T","R","M","E","$","M","R","B",null],"character_chosen":"IRONCLAD","items_purchased":["Membership Card","Shovel","Whetstone"],"campfire_rested":0,"item_purchase_floors":[31,31,42],"current_hp_per_floor":[80,73,70,54,49,41,41,40,40,27,27,27,27,27,33,21,74,71,71,66,66,66,66,69,69,69,69,69,69,69,69,72,72,74,74,54,54,54,54,54,57,57,57,60,60,60,60,60,70,70],"gold":298,"neow_bonus":"BOSS_RELIC","is_daily":false,"chose_seed":false,"campfire_upgraded":4,"win_rate":0.0,"timestamp":1613321696,"path_taken":["M","?","M","?","M","E","R","E","T","E","?","?","?","M","R","BOSS","M","?","?","?","?","E","R","E","T","E","?","$","M","$","R","BOSS","BOSS","M","?","?","?","?","E","R","$","T","R","M","E","$","M","R","BOSS"],"items_purchased_type":["Relic","Relic","Relic"],"build_version":"2020-12-22","purchased_purges":4,"victory":true,"max_hp_per_floor":[80,80,80,80,80,80,80,80,80,80,80,74,74,74,74,74,74,74,74,74,74,74,74,74,74,74,74,74,74,74,74,74,74,74,74,74,74,74,70,70,70,70,70,70,70,70,70,70,77,77],"card_choices":[{"not_picked":["Havoc","Sword Boomerang","True Grit"],"picked":"SKIP","floor":1.0},{"not_picked":["Havoc","Sword Boomerang","True Grit"],"picked":"SKIP","floor":1.0},{"not_picked":["Combust","Armaments","Iron Wave"],"picked":"SKIP","floor":3.0},{"not_picked":["Anger","Headbutt","Infernal Blade"],"picked":"SKIP","floor":5.0},{"not_picked":["Warcry","Evolve","Heavy Blade"],"picked":"SKIP","floor":6.0},{"not_picked":["Disarm","Juggernaut","Pummel"],"picked":"SKIP","floor":8.0},{"not_picked":["Wild Strike","Shrug It Off"],"picked":"True Grit","floor":10.0},{"not_picked":["Combust","True Grit","Cleave"],"picked":"SKIP","floor":13.0},{"not_picked":["Feel No Pain","Clothesline","Clash"],"picked":"SKIP","floor":14.0},{"not_picked":["Entrench","Sword Boomerang","Seeing Red+1"],"picked":"SKIP","floor":18.0},{"not_picked":["Wild Strike","Fire Breathing","Headbutt"],"picked":"SKIP","floor":23.0},{"not_picked":["Searing Blow","Seeing Red","Havoc"],"picked":"SKIP","floor":25.0},{"not_picked":["Searing Blow","Seeing Red","Havoc"],"picked":"SKIP","floor":25.0},{"not_picked":["Body Slam+1","Bludgeon","Battle Trance"],"picked":"SKIP","floor":27.0},{"not_picked":["Metallicize","Warcry","Dropkick+1"],"picked":"SKIP","floor":30.0},{"not_picked":["Sever Soul","Dark Embrace+1","Anger+1"],"picked":"SKIP","floor":35.0},{"not_picked":["Combust+1","Evolve+1","Iron Wave+1"],"picked":"SKIP","floor":40.0},{"not_picked":["Clothesline","Iron Wave+1","Pummel+1"],"picked":"SKIP","floor":45},{"not_picked":["Flex+1","Rupture","Body Slam"],"picked":"SKIP","floor":46},{"not_picked":["Sword Boomerang","Shrug It Off","Rage"],"picked":"SKIP","floor":48}],"player_experience":1360553,"relics_obtained":[{"floor":6.0,"key":"Ancient Tea Set"},{"floor":8.0,"key":"Eternal Feather"},{"floor":9.0,"key":"Lantern"},{"floor":10.0,"key":"Pen Nib"},{"floor":20.0,"key":"Red Mask"},{"floor":23.0,"key":"Oddly Smooth Stone"},{"floor":25.0,"key":"Calipers"},{"floor":26.0,"key":"Champion Belt"},{"floor":27.0,"key":"Ice Cream"},{"floor":32.0,"key":"Juzu Bracelet"},{"floor":36.0,"key":"CaptainsWheel"},{"floor":40.0,"key":"Anchor"},{"floor":41.0,"key":"InkBottle"},{"floor":43.0,"key":"Bottled Lightning"},{"floor":46,"key":"Bird Faced Urn"},{"floor":49,"key":"Strawberry"}],"event_choices":[{"cards_removed":["Rupture"],"damage_healed":0.0,"max_hp_gain":0.0,"max_hp_loss":0.0,"gold_gain":0.0,"event_name":"Golden Wing","player_choice":"Card Removal","floor":2.0,"gold_loss":0.0,"damage_taken":7.0},{"damage_healed":0.0,"max_hp_gain":0.0,"max_hp_loss":0.0,"gold_gain":0.0,"event_name":"Shining Light","player_choice":"Entered Light","floor":4.0,"gold_loss":0.0,"damage_taken":16.0,"cards_upgraded":["Iron Wave","Dropkick"]},{"damage_healed":0.0,"max_hp_gain":0.0,"max_hp_loss":0.0,"gold_gain":0.0,"cards_transformed":["Combust"],"event_name":"Living Wall","player_choice":"Change","floor":11.0,"gold_loss":0.0,"damage_taken":0.0,"cards_obtained":["Immolate"]},{"damage_healed":0.0,"max_hp_gain":0.0,"max_hp_loss":6.0,"gold_gain":0.0,"event_name":"Golden Idol","player_choice":"Lose Max HP","floor":12.0,"gold_loss":0.0,"damage_taken":0.0,"relics_obtained":["Golden Idol"]},{"cards_removed":["Body Slam"],"damage_healed":0.0,"max_hp_gain":0.0,"max_hp_loss":0.0,"gold_gain":0.0,"event_name":"Beggar","player_choice":"Gave Gold","floor":19.0,"gold_loss":75.0,"damage_taken":0.0},{"damage_healed":0.0,"max_hp_gain":0.0,"max_hp_loss":0.0,"gold_gain":0.0,"event_name":"Masked Bandits","player_choice":"Fought Bandits","floor":20.0,"gold_loss":0.0,"damage_taken":0.0},{"damage_healed":0.0,"max_hp_gain":0.0,"max_hp_loss":0.0,"gold_gain":0.0,"event_name":"Vampires","player_choice":"Ignored","floor":21.0,"gold_loss":0.0,"damage_taken":0.0},{"damage_healed":0.0,"max_hp_gain":0.0,"max_hp_loss":0.0,"gold_gain":0.0,"event_name":"Ghosts","player_choice":"Ignored","floor":22.0,"gold_loss":0.0,"damage_taken":0.0},{"damage_healed":0.0,"max_hp_gain":0.0,"max_hp_loss":0.0,"gold_gain":0.0,"event_name":"The Woman in Blue","player_choice":"Bought 0 Potions","floor":28.0,"gold_loss":0.0,"damage_taken":0.0},{"damage_healed":0.0,"max_hp_gain":0.0,"max_hp_loss":0.0,"gold_gain":0.0,"event_name":"Mysterious Sphere","player_choice":"Fight","floor":36.0,"gold_loss":0.0,"damage_taken":0.0},{"damage_healed":0.0,"max_hp_gain":0.0,"max_hp_loss":0.0,"gold_gain":100.0,"event_name":"Golden Shrine","player_choice":"Pray","floor":37.0,"gold_loss":0.0,"damage_taken":0.0},{"damage_healed":0.0,"max_hp_gain":0.0,"max_hp_loss":0.0,"gold_gain":0.0,"event_name":"SensoryStone","player_choice":"Memory 1","floor":38.0,"gold_loss":0.0,"damage_taken":0.0},{"damage_healed":0.0,"max_hp_gain":0.0,"max_hp_loss":4.0,"gold_gain":0.0,"event_name":"Winding Halls","player_choice":"Max HP","floor":39.0,"gold_loss":0.0,"damage_taken":0.0}],"is_beta":false,"boss_relics":[{"not_picked":["Ectoplasm","Runic Dome"],"picked":"Runic Pyramid"},{"not_picked":["Mark of Pain","Runic Cube"],"picked":"Sozu"}],"items_purged_floors":[29,31,42,47],"is_endless":false,"potions_floor_spawned":[3,6,8,10,23,25,30,35,36,46],"ascension_level":1}}