{"host":"cpsutu8lprjuipd6","time":1613283813,"event":{"mods":["BaseMod","Colored Map","Minty Spire (QoL Compilation)","Permanent Neow","StSLib","SuperFastMode","The Bug Knight","Together in Spire"],"gold_per_floor":[116,130,145,145,169,17,57,57,110,124,164,196,221,253,253,381,381,408,438,465,499,15,15,58,58,81,113,213,257,257,310,310,450,450,477,78,101,133,158,206,206,228,228,228,250,583,601,7,7,7],"floor_reached":51,"language":"KOR","playtime":1754,"items_purged":["Strike_B","Strike_B","Defend_B","Defend_B"],"score":803,"play_id":"b62f61e8-117d-4ec8-bfec-86c5b0a00bfb","local_time":"20210214152333","is_ascension_mode":false,"campfire_choices":[{"data":"Scrape","floor":15,"key":"SMITH"},{"data":"FTL","floor":23,"key":"SMITH"},{"data":"Turbo","floor":25,"key":"SMITH"},{"data":"Gash","floor":30,"key":"SMITH"},{"data":"Gash","floor":32,"key":"SMITH"},{"data":"Scrape","floor":41,"key":"SMITH"},{"data":"Reboot","floor":49,"key":"SMITH"}],"circlet_count":0,"master_deck":["Strike_B+1","Defend_B","Zap","Dualcast","Gash+1","Reinforced Body","Scrape+1","FTL+1","Gash+1","Beam Cell","Compile Driver","Steam","Biased Cognition","Hologram","Ball Lightning","Leap","Seek","Aggregate","Ball Lightning","White Noise","Sweeping Beam","FTL+1","Steam","Turbo+1","Reboot+1","Reinforced Body+1","Turbo+1","Seek+1","Beam Cell+1","Scrape+1","Compile Driver+1","Redo+1","Hologram+1","Beam Cell","Go for the Eyes","Redo+1","Dramatic Entrance","Trip","Beam Cell","Go for the Eyes"],"relics":["Cracked Core","FossilizedHelix","White Beast Statue","Whetstone","CeramicFish","SlaversCollar","Happy Flower","TheAbacus","Matryoshka","Pen Nib","Bag of Marbles","Torii","Potion Belt","Empty Cage","Darkstone Periapt","Orichalcum","Smiling Mask","Ice Cream","Mango","Nunchaku"],"acts_visited":["Exordium","TheCity","TheBeyond"],"potions_floor_usage":[1,2,13,14,16,19,21,24,33,33,33,35,39,50,50],"damage_taken":[{"damage":0,"enemies":"Cultist","floor":1,"turns":2},{"damage":0,"enemies":"Small Slimes","floor":2,"turns":2},{"damage":0,"enemies":"2 Louse","floor":3,"turns":2},{"damage":0,"enemies":"Red Slaver","floor":5,"turns":2},{"damage":0,"enemies":"Lagavulin","floor":7,"turns":2},{"damage":0,"enemies":"Gremlin Gang","floor":10,"turns":2},{"damage":0,"enemies":"Gremlin Nob","floor":11,"turns":2},{"damage":0,"enemies":"Exordium Thugs","floor":12,"turns":1},{"damage":0,"enemies":"2 Fungi Beasts","floor":13,"turns":1},{"damage":0,"enemies":"3 Louse","floor":14,"turns":2},{"damage":0,"enemies":"Slime Boss","floor":16,"turns":3},{"damage":0,"enemies":"Spheric Guardian","floor":18,"turns":2},{"damage":0,"enemies":"3 Byrds","floor":19,"turns":2},{"damage":0,"enemies":"Snecko","floor":20,"turns":3},{"damage":0,"enemies":"Cultist and Chosen","floor":21,"turns":3},{"damage":0,"enemies":"Gremlin Leader","floor":24,"turns":2},{"damage":0,"enemies":"Snake Plant","floor":27,"turns":1},{"damage":0,"enemies":"Book of Stabbing","floor":29,"turns":2},{"damage":0,"enemies":"Gremlin Leader","floor":31,"turns":1},{"damage":0,"enemies":"Automaton","floor":33,"turns":3},{"damage":0,"enemies":"Orb Walker","floor":35,"turns":1},{"damage":0,"enemies":"3 Darklings","floor":37,"turns":1},{"damage":1,"enemies":"4 Shapes","floor":38,"turns":1},{"damage":0,"enemies":"Maw","floor":39,"turns":3},{"damage":0,"enemies":"Reptomancer","floor":40,"turns":2},{"damage":6,"enemies":"Sphere and 2 Shapes","floor":42,"turns":1},{"damage":0,"enemies":"Transient","floor":45,"turns":1},{"damage":0,"enemies":"Donu and Deca","floor":50,"turns":4}],"seed_played":"7353047810874723549","potions_obtained":[{"floor":1,"key":"EntropicBrew"},{"floor":2,"key":"FocusPotion"},{"floor":13,"key":"FocusPotion"},{"floor":14,"key":"Fire Potion"},{"floor":16,"key":"BlessingOfTheForge"},{"floor":18,"key":"AttackPotion"},{"floor":19,"key":"Energy Potion"},{"floor":20,"key":"Block Potion"},{"floor":21,"key":"Swift Potion"},{"floor":24,"key":"BlessingOfTheForge"},{"floor":27,"key":"Fire Potion"},{"floor":29,"key":"AttackPotion"},{"floor":31,"key":"LiquidBronze"},{"floor":33,"key":"Strength Potion"},{"floor":35,"key":"FearPotion"},{"floor":37,"key":"DistilledChaos"},{"floor":38,"key":"Strength Potion"},{"floor":39,"key":"Dexterity Potion"},{"floor":40,"key":"SteroidPotion"},{"floor":42,"key":"EssenceOfSteel"},{"floor":45,"key":"Block Potion"}],"is_trial":false,"path_per_floor":["M","M","M","?","M","$","E","?","T","M","E","M","M","M","R","B",null,"M","M","M","M","$","R","E","R","T","M","?","E","R","E","R","B",null,"M","$","M","M","M","E","R","M","T","?","M","?","?","$","R","B",null],"character_chosen":"DEFECT","items_purchased":["Gash","Beam Cell","FTL","Steam","Happy Flower","TheAbacus","Scrape","Darkstone Periapt","Beam Cell","Go for the Eyes","Mango","Nunchaku"],"campfire_rested":0,"item_purchase_floors":[6,6,22,22,22,22,36,36,48,48,48,48],"current_hp_per_floor":[68,68,68,51,51,51,51,56,56,56,56,56,56,56,56,56,73,73,73,73,73,73,73,73,73,73,73,73,73,73,73,73,73,73,73,73,73,72,72,72,72,66,66,66,66,66,61,75,75,75],"gold":7,"neow_bonus":"ONE_RARE_RELIC","is_daily":false,"chose_seed":false,"campfire_upgraded":7,"win_rate":0.0,"timestamp":1613283813,"path_taken":["M","?","M","?","M","$","E","?","T","M","E","M","M","M","R","BOSS","M","M","M","M","$","R","E","R","T","M","?","E","R","E","R","BOSS","M","$","M","M","M","E","R","M","T","?","?","?","?","$","R","BOSS"],"items_purchased_type":["Card","Card","Card","Card","Relic","Relic","Card","Relic","Card","Card","Relic","Relic"],"build_version":"2020-12-22","purchased_purges":4,"victory":true,"max_hp_per_floor":[68,68,68,68,68,68,68,73,73,73,73,73,73,73,73,73,73,73,73,73,73,73,73,73,73,73,73,73,73,73,73,73,73,73,73,73,73,73,73,73,73,73,73,73,73,73,73,87,87,87],"card_choices":[{"not_picked":["Heatsinks","Leap"],"picked":"Gash","floor":1},{"not_picked":["Redo","Fusion"],"picked":"Reinforced Body","floor":2},{"not_picked":["Chill","Streamline"],"picked":"Scrape","floor":3},{"not_picked":["Gash","Barrage"],"picked":"FTL","floor":5},{"not_picked":["Cold Snap","Coolheaded"],"picked":"Compile Driver","floor":7},{"not_picked":["Barrage","Conserve Battery"],"picked":"Steam","floor":10},{"not_picked":["Heatsinks","Coolheaded"],"picked":"Biased Cognition","floor":11},{"not_picked":["Coolheaded","Rebound"],"picked":"Hologram","floor":12},{"not_picked":["Barrage","Conserve Battery"],"picked":"Ball Lightning","floor":13},{"not_picked":["Hologram","Cold Snap"],"picked":"Leap","floor":14},{"not_picked":["Thunder Strike","Fission"],"picked":"Seek","floor":16},{"not_picked":["Tempest","Darkness+1"],"picked":"Aggregate","floor":18},{"not_picked":["Skim","Conserve Battery"],"picked":"Ball Lightning","floor":19},{"not_picked":["Loop","Coolheaded+1"],"picked":"White Noise","floor":20},{"not_picked":["Leap","Steam+1"],"picked":"Sweeping Beam","floor":21},{"not_picked":["White Noise","Rebound"],"picked":"Turbo","floor":24},{"not_picked":["Chaos","Capacitor"],"picked":"Reboot","floor":27},{"not_picked":["Chaos","Turbo"],"picked":"Reinforced Body+1","floor":29},{"not_picked":["Reinforced Body","Self Repair"],"picked":"Turbo+1","floor":31},{"not_picked":["Echo Form","Buffer"],"picked":"Seek","floor":33},{"not_picked":["Glacier","Go for the Eyes+1"],"picked":"Beam Cell+1","floor":35},{"not_picked":["Leap+1","Rebound"],"picked":"Compile Driver+1","floor":37},{"not_picked":["Thunder Strike","Streamline"],"picked":"Redo+1","floor":38},{"not_picked":["Glacier","Rebound"],"picked":"Hologram+1","floor":39},{"not_picked":["Lockon+1","Aggregate"],"picked":"Beam Cell","floor":40},{"not_picked":["Conserve Battery+1","Hello World"],"picked":"Go for the Eyes","floor":42},{"not_picked":["Thunder Strike","Rebound"],"picked":"Redo+1","floor":45},{"not_picked":["Chrysalis","Bandage Up"],"picked":"Dramatic Entrance","floor":47},{"not_picked":["Mind Blast","HandOfGreed"],"picked":"Trip","floor":47}],"player_experience":46594,"relics_obtained":[{"floor":7,"key":"White Beast Statue"},{"floor":9,"key":"Whetstone"},{"floor":11,"key":"CeramicFish"},{"floor":24,"key":"Matryoshka"},{"floor":26,"key":"Pen Nib"},{"floor":26,"key":"Bag of Marbles"},{"floor":29,"key":"Torii"},{"floor":31,"key":"Potion Belt"},{"floor":40,"key":"Orichalcum"},{"floor":43,"key":"Smiling Mask"},{"floor":43,"key":"Ice Cream"}],"event_choices":[{"damage_healed":0,"gold_gain":0,"player_choice":"Take Damage","damage_taken":17,"relics_obtained":["Golden Idol"],"max_hp_gain":0,"max_hp_loss":0,"event_name":"Golden Idol","floor":4,"gold_loss":0},{"damage_healed":0,"gold_gain":0,"player_choice":"Donut","damage_taken":0,"max_hp_gain":5,"max_hp_loss":0,"event_name":"Big Fish","floor":8,"gold_loss":0},{"damage_healed":0,"gold_gain":100,"player_choice":"Pray","damage_taken":0,"max_hp_gain":0,"max_hp_loss":0,"event_name":"Golden Shrine","floor":28,"gold_loss":0},{"damage_healed":0,"gold_gain":0,"player_choice":"Upgraded","damage_taken":0,"max_hp_gain":0,"max_hp_loss":0,"event_name":"Upgrade Shrine","floor":44,"gold_loss":0,"cards_upgraded":["Seek"]},{"damage_healed":0,"gold_gain":333,"player_choice":"Gave Idol","damage_taken":0,"max_hp_gain":0,"max_hp_loss":0,"event_name":"The Moai Head","floor":46,"relics_lost":["Golden Idol"],"gold_loss":0},{"damage_healed":0,"gold_gain":0,"player_choice":"Memory 2","damage_taken":5,"max_hp_gain":0,"max_hp_loss":0,"event_name":"SensoryStone","floor":47,"gold_loss":0}],"is_beta":false,"boss_relics":[{"not_picked":["Calling Bell","Coffee Dripper"],"picked":"SlaversCollar"},{"not_picked":["Inserter","Philosopher\u0027s Stone"],"picked":"Empty Cage"}],"items_purged_floors":[6,22,36,48],"is_endless":false,"potions_floor_spawned":[1,2,10,11,12,13,14,16,18,19,20,21,24,27,29,31,33,35,37,38,39,40,42,45],"ascension_level":0}}