{"host":"bakf0s4odzu8z5xt","time":1613261033,"event":{"mods":["2.2 Compatiblity","BaseMod","Downfall","Friendly Minions","Minty Spire (QoL Compilation)","StSLib"],"gold_per_floor":[99,118,268,283,298,310,336,336,336,368,385,400,300,323,336,336,336,336],"floor_reached":16,"language":"ENG","playtime":816,"items_purged":[],"score":120,"play_id":"6165f97b-f93d-4fb6-b616-2498c828fa4c","local_time":"20210213180353","is_ascension_mode":true,"campfire_choices":[{"data":"Guardian:TwinSlam","floor":1,"key":"SMITH"},{"data":"Guardian:PrismaticBeam","floor":9,"key":"SMITH"},{"floor":13,"key":"REST"}],"circlet_count":0,"master_deck":["Guardian:Strike_Guardian","Guardian:Strike_Guardian","Guardian:Strike_Guardian","Guardian:Strike_Guardian","Guardian:Defend_Guardian","Guardian:Defend_Guardian","Guardian:Defend_Guardian","Guardian:Defend_Guardian","Guardian:CurlUp","Guardian:TwinSlam+1","Guardian:CrystalBeam","downfall:Icky","Guardian:PrismaticBeam+1","Guardian:PiercingHide","Guardian:PrismaticBarrier"],"relics":["Guardian:ModeShifter","Turnip","Toy Ornithopter","Slimebound:StickyStick","downfall:HeartBlessingGreen","Guardian:DefensiveModeMoreBlock"],"acts_visited":["Exordium"],"potions_floor_usage":[4,6,6,11],"damage_taken":[{"damage":0,"enemies":"Cultist","floor":2,"turns":5},{"damage":3,"enemies":"Small Slimes","floor":4,"turns":5},{"damage":4,"enemies":"Jaw Worm","floor":5,"turns":5},{"damage":20,"enemies":"Large Slime","floor":6,"turns":6},{"damage":20,"enemies":"Gremlin Nob","floor":10,"turns":5},{"damage":2,"enemies":"downfall:LooterAlt","floor":11,"turns":2},{"damage":5,"enemies":"Exordium Wildlife","floor":12,"turns":5},{"damage":0,"enemies":"3 Louse","floor":15,"turns":4},{"damage":52,"enemies":"IC_STATUS_ARCHETYPE","floor":16,"turns":13}],"seed_played":"9077368148799081438","potions_obtained":[{"floor":2,"key":"SkillPotion"},{"floor":4,"key":"Dexterity Potion"},{"floor":5,"key":"SpeedPotion"},{"floor":10,"key":"sneckomod:MuddlingPotion"}],"is_trial":false,"path_per_floor":["R","M","?","M","M","M","T","?","R","E","M","M","R","T","M","B"],"character_chosen":"GUARDIAN","items_purchased":[],"campfire_rested":1,"item_purchase_floors":[],"current_hp_per_floor":[72,72,72,69,65,45,45,45,45,25,28,23,44,44,44,0,0,0],"gold":336,"neow_bonus":"ONE_RARE_RELIC","is_daily":false,"chose_seed":false,"campfire_upgraded":2,"win_rate":0.0,"timestamp":1613261033,"path_taken":["R","M","?","M","M","M","T","?","R","E","M","?","R","?","M","BOSS"],"items_purchased_type":[],"build_version":"2020-12-22","purchased_purges":0,"victory":false,"max_hp_per_floor":[72,72,72,72,72,72,72,72,72,72,72,72,72,72,72,72,72,72],"card_choices":[{"not_picked":["Guardian:Preprogram","Guardian:Suspension"],"picked":"Guardian:CrystalBeam","floor":2},{"not_picked":["Guardian:RollAttack","Guardian:GuardianWhirl"],"picked":"Guardian:PrismaticBeam","floor":4},{"not_picked":["Guardian:Gem_Yellow","Guardian:TemporalShield"],"picked":"Guardian:Gem_Purple","floor":5},{"not_picked":["Guardian:BronzeOrb","Guardian:RollAttack","Guardian:VentSteam"],"picked":"SKIP","floor":6},{"not_picked":["Guardian:TimeSifter","Guardian:Recover","Guardian:Suspension"],"picked":"SKIP","floor":10},{"not_picked":["Guardian:TemporalStrike","Guardian:ChargeCore"],"picked":"Guardian:PiercingHide","floor":11},{"not_picked":["Guardian:DecasProtection","Guardian:Incinerate"],"picked":"Guardian:Gem_Yellow","floor":12},{"not_picked":["Guardian:Preprogram","Guardian:Incinerate"],"picked":"Guardian:PrismaticBarrier","floor":15}],"player_experience":2189263,"relics_obtained":[{"floor":7,"key":"Toy Ornithopter"},{"floor":10,"key":"Slimebound:StickyStick"},{"floor":14,"key":"Guardian:DefensiveModeMoreBlock"}],"event_choices":[],"is_beta":false,"boss_relics":[],"items_purged_floors":[],"is_endless":false,"potions_floor_spawned":[2,4,5,10],"killed_by":"IC_STATUS_ARCHETYPE","ascension_level":3}}