{"host":"7j2n82b2zha9fuyn","time":1613273590,"event":{"mods":["BaseMod","Block Reminder","Minty Spire (QoL Compilation)","StSLib"],"gold_per_floor":[110,129,148,148,163,163,202,202,229,191,216,228,280,306,318,456,468,498,531,543,573,185,185,185,185],"floor_reached":24,"language":"ENG","playtime":1901,"items_purged":[],"score":413,"play_id":"b7e95877-8b39-43e7-a57a-baa237ed4239","local_time":"20210213203310","is_ascension_mode":true,"campfire_choices":[{"data":"Inflame","floor":6,"key":"SMITH"},{"data":"Metallicize","floor":8,"key":"SMITH"},{"data":"Rupture","floor":15,"key":"SMITH"},{"data":"Heavy Blade","floor":23,"key":"SMITH"}],"circlet_count":0,"master_deck":["AscendersBane","Strike_R","Strike_R","Strike_R","Defend_R","Defend_R","Defend_R","Bash","Rage","Battle Trance","Hemokinesis","Inflame+1","Thunderclap","Metallicize+1","Rupture","Rupture+1","Combust","Immolate","Blood for Blood+1","Heavy Blade+1","Blood for Blood","Brutality","Power Through","Shrug It Off","Armaments"],"relics":["Burning Blood","Golden Idol","Tiny Chest","MawBank","Happy Flower","Philosopher\u0027s Stone","Eternal Feather","Orrery"],"acts_visited":["Exordium","TheCity"],"potions_floor_usage":[11,14,16,19],"damage_taken":[{"damage":1,"enemies":"Small Slimes","floor":1,"turns":4},{"damage":6,"enemies":"2 Louse","floor":2,"turns":2},{"damage":14,"enemies":"Jaw Worm","floor":3,"turns":3},{"damage":7,"enemies":"Looter","floor":5,"turns":2},{"damage":16,"enemies":"Gremlin Nob","floor":7,"turns":3},{"damage":2,"enemies":"Red Slaver","floor":11,"turns":3},{"damage":11,"enemies":"3 Sentries","floor":13,"turns":6},{"damage":17,"enemies":"Exordium Thugs","floor":14,"turns":5},{"damage":10,"enemies":"Slime Boss","floor":16,"turns":6},{"damage":11,"enemies":"Spheric Guardian","floor":18,"turns":3},{"damage":16,"enemies":"Shell Parasite","floor":19,"turns":2},{"damage":25,"enemies":"Chosen and Byrds","floor":21,"turns":4},{"damage":48,"enemies":"Book of Stabbing","floor":24,"turns":5}],"seed_played":"8141613597330562738","potions_obtained":[{"floor":1,"key":"Ancient Potion"},{"floor":5,"key":"BloodPotion"},{"floor":11,"key":"Fire Potion"},{"floor":14,"key":"DistilledChaos"},{"floor":18,"key":"Fire Potion"}],"is_trial":false,"path_per_floor":["M","M","M","?","M","R","E","R","T","?","M","?","E","M","R","B",null,"M","M","?","M","$","R","E"],"character_chosen":"IRONCLAD","items_purchased":["Eternal Feather","Orrery"],"campfire_rested":0,"item_purchase_floors":[22,22],"current_hp_per_floor":[72,72,64,46,45,45,35,35,35,35,53,58,53,42,42,38,67,62,52,52,33,33,48,0,0],"gold":185,"neow_bonus":"TRANSFORM_TWO_CARDS","is_daily":false,"chose_seed":false,"campfire_upgraded":4,"win_rate":0.0,"timestamp":1613273590,"path_taken":["M","M","M","?","M","R","E","R","T","?","M","?","E","M","R","BOSS","M","M","?","M","$","R","E"],"items_purchased_type":["Relic","Relic"],"build_version":"2020-12-22","purchased_purges":0,"victory":false,"max_hp_per_floor":[72,72,72,72,72,72,72,72,72,72,72,77,77,77,77,77,77,77,77,77,77,77,77,77,77],"card_choices":[{"not_picked":["Cleave","Thunderclap"],"picked":"Hemokinesis","floor":1},{"not_picked":["Rampage","Body Slam"],"picked":"Inflame","floor":2},{"not_picked":["Havoc","Armaments"],"picked":"Thunderclap","floor":3},{"not_picked":["Thunderclap","Flex","Barricade"],"picked":"SKIP","floor":5},{"not_picked":["Shockwave","Anger"],"picked":"Metallicize","floor":7},{"not_picked":["True Grit","Body Slam"],"picked":"Rupture","floor":11},{"not_picked":["Disarm","True Grit"],"picked":"Rupture","floor":13},{"not_picked":["Clash","Shrug It Off"],"picked":"Combust","floor":14},{"not_picked":["Fiend Fire","Demon Form"],"picked":"Immolate","floor":16},{"not_picked":["Thunderclap","Evolve"],"picked":"Blood for Blood+1","floor":18},{"not_picked":["Second Wind","Perfected Strike"],"picked":"Heavy Blade","floor":19},{"not_picked":["Cleave","Heavy Blade","Body Slam"],"picked":"SKIP","floor":21},{"not_picked":["Cleave","Heavy Blade","Body Slam"],"picked":"SKIP","floor":21},{"not_picked":["Clothesline","Spot Weakness"],"picked":"Brutality","floor":22},{"not_picked":["Ghostly Armor","Clash"],"picked":"Power Through","floor":22},{"not_picked":["Iron Wave","Twin Strike+1"],"picked":"Shrug It Off","floor":22},{"not_picked":["Exhume","Iron Wave"],"picked":"Armaments","floor":22}],"player_experience":2046349,"relics_obtained":[{"floor":7,"key":"Tiny Chest"},{"floor":9,"key":"MawBank"},{"floor":13,"key":"Happy Flower"}],"event_choices":[{"damage_healed":0,"gold_gain":0,"player_choice":"Take Damage","damage_taken":18,"relics_obtained":["Golden Idol"],"max_hp_gain":0,"max_hp_loss":0,"event_name":"Golden Idol","floor":4,"gold_loss":0},{"cards_removed":["Strike_R"],"damage_healed":0,"gold_gain":0,"player_choice":"Card Removal","damage_taken":0,"max_hp_gain":0,"max_hp_loss":0,"event_name":"The Cleric","floor":10,"gold_loss":50},{"damage_healed":0,"gold_gain":0,"player_choice":"Donut","damage_taken":0,"max_hp_gain":5,"max_hp_loss":0,"event_name":"Big Fish","floor":12,"gold_loss":0},{"damage_healed":0,"gold_gain":0,"player_choice":"Read","damage_taken":0,"max_hp_gain":0,"max_hp_loss":0,"event_name":"The Library","floor":20,"gold_loss":0,"cards_obtained":["Blood for Blood"]}],"is_beta":false,"boss_relics":[{"not_picked":["Ectoplasm","SlaversCollar"],"picked":"Philosopher\u0027s Stone"}],"items_purged_floors":[],"is_endless":false,"potions_floor_spawned":[1,5,11,14,18],"killed_by":"Book of Stabbing","ascension_level":12}}