{"host":"3jjxuhjpio8e4zkv","time":1613336943,"event":{"mods":["BaseMod","Colored Map","Highlight Path","Minty Spire (QoL Compilation)","Permanent Neow","Relic Stats","StSLib"],"gold_per_floor":[113,113,53,68,33,67,85,120,120,133,149,99,99,119,119,198,198,215,215,215,21,40,40,67,85,85,159,159,187,187,344,476,608,818,950,1100,1,13,13,336,648,994,1306,1688,2000,2712,3024,3355,88,0,13,24,55,55,55,55,55],"floor_reached":56,"language":"ENG","playtime":1532,"items_purged":["Strike_G","Survivor"],"score":1975,"play_id":"83b3818f-627d-4505-a8a6-3928d1e6aa63","local_time":"20210214160902","is_ascension_mode":true,"campfire_choices":[{"data":"1","floor":15,"key":"LIFT"},{"data":"2","floor":23,"key":"LIFT"},{"data":"3","floor":28,"key":"LIFT"},{"floor":30,"key":"DIG"},{"floor":32,"key":"DIG"},{"floor":33,"key":"DIG"},{"floor":41,"key":"RECALL"},{"floor":43,"key":"DIG"},{"floor":45,"key":"DIG"},{"floor":54,"key":"DIG"}],"circlet_count":19,"master_deck":["Dagger Spray+1","Leg Sweep+1","Riddle With Holes+1","Eviscerate+1"],"relics":["Ring of the Snake","The Courier","The Courier","The Courier","The Courier","The Courier","Torii","Membership Card","Membership Card","Membership Card","Membership Card","Membership Card","Membership Card","Membership Card","Membership Card","Membership Card","Membership Card","Circlet","Akabeko","Akabeko","Akabeko","Akabeko","Akabeko","Akabeko","Akabeko","Akabeko","Akabeko","Akabeko","Prayer Wheel","Tingsha","Regal Pillow","Regal Pillow","Regal Pillow","Regal Pillow","Regal Pillow","Peace Pipe","Dream Catcher","Shovel","Girya","TungstenRod","Bag of Marbles","Bag of Marbles","Bag of Preparation","Bag of Preparation","Bag of Preparation","Pen Nib","Pen Nib","Pen Nib","Pen Nib","Pen Nib","Pen Nib","Pen Nib","Pen Nib","Pen Nib","Pen Nib","Pen Nib","Pen Nib","Pen Nib","Pen Nib","Pen Nib","Pen Nib","Pen Nib","Pen Nib","Pen Nib","Pen Nib","Pen Nib","Toy Ornithopter","Black Star","Black Star","Black Star","Black Star","Black Star","Black Star","White Beast Statue","Necronomicon","Necronomicon","Necronomicon","Necronomicon","Necronomicon","Necronomicon","Bronze Scales","StoneCalendar","Singing Bowl","Matryoshka","Sundial","MawBank","MawBank","MawBank","MawBank","MawBank","MawBank","MawBank","MawBank","MawBank","MawBank","MawBank","Happy Flower","InkBottle","Bird Faced Urn","Busted Crown","Ring of the Serpent","Ring of the Serpent","Ring of the Serpent","Ring of the Serpent","Ring of the Serpent","Busted Crown","Busted Crown","Busted Crown","Busted Crown","Busted Crown","PrismaticShard","CaptainsWheel","Mummified Hand","Potion Belt","Lantern","Letter Opener","Molten Egg 2","Whetstone","Bag of Preparation","Gremlin Horn","Question Card","Boot","Paper Crane","Oddly Smooth Stone","Art of War","MawBank","MawBank","MawBank","MawBank","MawBank","MawBank","MawBank","MawBank","MawBank","MawBank","MawBank","MawBank","MawBank","MawBank","MawBank","MawBank","MawBank","MawBank","MawBank","MawBank","MawBank","MawBank","MawBank","MawBank","MawBank","MawBank","Mark of the Bloom","Mark of the Bloom","Tough Bandages","Akabeko","Potion Belt","Potion Belt","Potion Belt","Potion Belt","Ice Cream","Vajra","Meat on the Bone","Matryoshka","Matryoshka","Matryoshka","Ancient Tea Set","Old Coin","Eternal Feather","MealTicket","TheAbacus","TheAbacus","TheAbacus","TheAbacus","Membership Card","Strawberry","Anchor","PreservedInsect","Mercury Hourglass","Pear","Bottled Lightning","Pantograph","Bottled Flame","Ornamental Fan","Shuriken","HornCleat","Kunai","Mango","Du-Vu Doll","Incense Burner","Dead Branch","Calipers","Lizard Tail","Unceasing Top","Ginger","Orichalcum","War Paint","Thread and Needle","Turnip","Pocketwatch","The Specimen","Red Mask"],"acts_visited":["TheCity","TheBeyond","TheCity","TheBeyond"],"potions_floor_usage":[34],"damage_taken":[{"damage":10.0,"enemies":"2 Louse","floor":1.0,"turns":4.0},{"damage":17,"enemies":"Cultist","floor":4,"turns":6},{"damage":0,"enemies":"Lagavulin","floor":6,"turns":1},{"damage":0,"enemies":"Jaw Worm","floor":7,"turns":1},{"damage":0,"enemies":"Gremlin Nob","floor":8,"turns":1},{"damage":0,"enemies":"Exordium Thugs","floor":10,"turns":1},{"damage":0,"enemies":"3 Louse","floor":11,"turns":1},{"damage":0,"enemies":"Blue Slaver","floor":14,"turns":1},{"damage":0,"enemies":"Slime Boss","floor":16,"turns":1},{"damage":0,"enemies":"2 Thieves","floor":18,"turns":1},{"damage":0,"enemies":"Spheric Guardian","floor":22,"turns":2},{"damage":0,"enemies":"Gremlin Leader","floor":24,"turns":1},{"damage":0,"enemies":"Snake Plant","floor":25,"turns":1},{"damage":0,"enemies":"Book of Stabbing","floor":29,"turns":1},{"damage":0,"enemies":"Slavers","floor":31,"turns":1},{"damage":0,"enemies":"Collector","floor":34,"turns":1},{"damage":0,"enemies":"3 Darklings","floor":36,"turns":1},{"damage":0,"enemies":"3 Shapes","floor":38,"turns":1},{"damage":0,"enemies":"Transient","floor":40,"turns":2},{"damage":0,"enemies":"Giant Head","floor":42,"turns":1},{"damage":0,"enemies":"Colosseum Slavers","floor":46,"turns":1},{"damage":0,"enemies":"Colosseum Nobs","floor":46,"turns":1},{"damage":0,"enemies":"3 Shapes","floor":48,"turns":1},{"damage":0,"enemies":"Orb Walker","floor":51,"turns":1},{"damage":0,"enemies":"Jaw Worm Horde","floor":52,"turns":1},{"damage":0,"enemies":"Nemesis","floor":53,"turns":1}],"seed_played":"-381015329637645799","potions_obtained":[{"floor":4,"key":"SmokeBomb"},{"floor":7,"key":"Fruit Juice"},{"floor":18,"key":"SteroidPotion"},{"floor":34,"key":"Strength Potion"},{"floor":38,"key":"Explosive Potion"},{"floor":40,"key":"LiquidMemories"},{"floor":46,"key":"DuplicationPotion"},{"floor":48,"key":"CunningPotion"},{"floor":51,"key":"Explosive Potion"},{"floor":52,"key":"Swift Potion"},{"floor":53,"key":"Block Potion"}],"is_trial":false,"path_per_floor":["M","?","$","M","?","E","M","E","T","M","M","$","T","M","R","B",null,"M","?","?","$","M","R","E","M","T","T","R","E","R","E","R","R","B",null,"M","$","M","?","M","R","E","R","T","R","E","?","M","$","?","M","M","E","R","?","T"],"character_chosen":"THE_SILENT","items_purchased":["FossilizedHelix","TheAbacus","PrismaticShard","CaptainsWheel","Mummified Hand","Potion Belt","Lantern","Letter Opener","Molten Egg 2","Whetstone","Bag of Preparation","Gremlin Horn","Question Card","Boot","Paper Crane","Oddly Smooth Stone","Art of War","Membership Card","Strawberry","Anchor","PreservedInsect","Mercury Hourglass","Pear","Bottled Lightning","Pantograph","Bottled Flame","Ornamental Fan","Shuriken","HornCleat","Kunai","Mango","Du-Vu Doll","Incense Burner","Dead Branch","Calipers","Lizard Tail","Unceasing Top","Ginger","Orichalcum","War Paint","Thread and Needle","Turnip","Gambling Chip","Pocketwatch","The Specimen","Circlet","Circlet","Circlet","Circlet","Circlet"],"campfire_rested":0,"item_purchase_floors":[21,21,37,37,37,37,37,37,37,37,37,37,37,37,37,37,37,49,49,49,49,49,49,49,49,49,49,49,49,49,49,49,49,49,49,49,49,49,49,49,49,49,49,49,49,49,49,49,49,49],"current_hp_per_floor":[55,55,55,38,56,56,56,56,56,56,56,56,56,56,56,56,68,68,68,51,51,51,51,51,51,51,51,51,53,53,55,55,55,67,79,79,79,79,79,79,79,79,79,79,79,79,79,79,79,79,79,79,79,79,79,79,79],"gold":55,"neow_bonus":"TEN_PERCENT_HP_BONUS","is_daily":false,"chose_seed":false,"campfire_upgraded":0,"win_rate":0.0,"timestamp":1613336942,"path_taken":["M","?","$","?","?","E","M","E","T","M","M","$","?","M","R","BOSS","M","?","?","$","M","R","E","M","T","?","R","E","R","E","R","R","BOSS","M","$","M","?","M","R","E","R","T","R","E","?","M","$","?","M","M","E","R","?","T"],"items_purchased_type":["Relic","Relic","Relic","Relic","Relic","Relic","Relic","Relic","Relic","Relic","Relic","Relic","Relic","Relic","Relic","Relic","Relic","Relic","Relic","Relic","Relic","Relic","Relic","Relic","Relic","Relic","Relic","Relic","Relic","Relic","Relic","Relic","Relic","Relic","Relic","Relic","Relic","Relic","Relic","Relic","Relic","Relic","Relic","Relic","Relic","Undefined","Undefined","Undefined","Undefined","Undefined"],"build_version":"2020-12-22","purchased_purges":2,"victory":false,"max_hp_per_floor":[72,72,72,72,72,72,72,72,72,72,72,72,72,72,72,72,72,72,72,72,72,72,72,72,72,72,72,72,74,74,76,76,76,83,83,83,83,83,83,83,83,83,83,83,83,83,83,83,114,114,114,114,114,114,114,114,114],"relic_stats":{"Mark of the Bloom":55,"Gremlin Horn":[0,0],"Whetstone":["Dagger Spray","Eviscerate"],"Ginger":[0],"Boot":[0],"Lizard Tail":0,"Sundial":[8],"Prayer Wheel":7,"MealTicket":0,"Necronomicon":[54],"Kunai":[0],"Happy Flower":[4],"counters":[27,37],"Dead Branch":[0],"Tingsha":[0],"Eternal Feather":0,"Pen Nib":[4],"Letter Opener":[0],"War Paint":[],"Question Card":13,"Shuriken":[0],"Bronze Scales":[3],"Bird Faced Urn":[0],"Black Star":30,"obtain_stats":[{"Ice Cream":43,"Mark of the Bloom":39,"Calipers":49,"Gremlin Horn":37,"Vajra":44,"Whetstone":37,"Ginger":49,"Boot":37,"Old Coin":46,"Lizard Tail":49,"HornCleat":49,"Sundial":29,"Strawberry":49,"Prayer Wheel":6,"MealTicket":47,"Necronomicon":20,"Kunai":49,"Girya":8,"Pear":49,"Happy Flower":31,"Dead Branch":49,"Oddly Smooth Stone":37,"Tingsha":8,"Eternal Feather":46,"Pen Nib":11,"Letter Opener":37,"Paper Crane":37,"War Paint":49,"Question Card":37,"Akabeko":4,"Du-Vu Doll":49,"Bottled Flame":49,"Shuriken":49,"Bronze Scales":24,"Bird Faced Urn":33,"Molten Egg 2":37,"Black Star":17,"Ring of the Serpent":35,"Unceasing Top":49,"Meat on the Bone":44,"Pocketwatch":49,"Regal Pillow":8,"Lantern":37,"Torii":2,"Singing Bowl":27,"StoneCalendar":26,"Mango":49,"Bag of Preparation":10,"Incense Burner":49,"PrismaticShard":37,"Ancient Tea Set":45,"Dream Catcher":8,"Tough Bandages":42,"Shovel":8,"TheAbacus":21,"Matryoshka":29,"Mummified Hand":37,"Pantograph":49,"Gambling Chip":49,"Red Mask":50,"InkBottle":32,"Ring of the Snake":0,"Potion Belt":37,"The Specimen":49,"Circlet":4,"Thread and Needle":49,"The Courier":0,"PreservedInsect":49,"Orichalcum":49,"MawBank":30,"White Beast Statue":19,"Mercury Hourglass":49,"Peace Pipe":8,"CaptainsWheel":37,"Anchor":49,"Busted Crown":35,"Ornamental Fan":49,"Turnip":49,"Bag of Marbles":10,"Art of War":37,"Membership Card":3,"Bottled Lightning":49,"TungstenRod":9,"Toy Ornithopter":13,"FossilizedHelix":21},{"Ice Cream":20,"Mark of the Bloom":18,"Calipers":24,"Gremlin Horn":17,"Vajra":20,"Whetstone":17,"Ginger":24,"Boot":17,"Old Coin":23,"Lizard Tail":24,"HornCleat":24,"Sundial":14,"Strawberry":24,"Prayer Wheel":3,"MealTicket":23,"Necronomicon":10,"Kunai":24,"Girya":5,"Pear":24,"Happy Flower":15,"Dead Branch":24,"Oddly Smooth Stone":17,"Tingsha":5,"Eternal Feather":23,"Pen Nib":7,"Letter Opener":17,"Paper Crane":17,"War Paint":24,"Question Card":17,"Akabeko":2,"Du-Vu Doll":24,"Bottled Flame":24,"Shuriken":24,"Bronze Scales":12,"Bird Faced Urn":15,"Molten Egg 2":17,"Black Star":9,"Ring of the Serpent":16,"Unceasing Top":24,"Meat on the Bone":20,"Pocketwatch":24,"Regal Pillow":5,"Lantern":17,"Torii":1,"Singing Bowl":13,"StoneCalendar":13,"Mango":24,"Bag of Preparation":6,"Incense Burner":24,"PrismaticShard":17,"Ancient Tea Set":20,"Dream Catcher":5,"Tough Bandages":20,"Shovel":5,"TheAbacus":10,"Matryoshka":14,"Mummified Hand":17,"Pantograph":24,"Gambling Chip":24,"Red Mask":24,"InkBottle":15,"Ring of the Snake":0,"Potion Belt":17,"The Specimen":24,"Circlet":2,"Thread and Needle":24,"The Courier":0,"PreservedInsect":24,"Orichalcum":24,"MawBank":14,"White Beast Statue":10,"Mercury Hourglass":24,"Peace Pipe":5,"CaptainsWheel":17,"Anchor":24,"Busted Crown":16,"Ornamental Fan":24,"Turnip":24,"Bag of Marbles":6,"Art of War":17,"Membership Card":1,"Bottled Lightning":24,"TungstenRod":5,"Toy Ornithopter":7,"FossilizedHelix":10},{"Ice Cream":30,"Mark of the Bloom":27,"Calipers":34,"Gremlin Horn":26,"Vajra":30,"Whetstone":26,"Ginger":34,"Boot":26,"Old Coin":33,"Lizard Tail":34,"HornCleat":34,"Sundial":23,"Strawberry":34,"Prayer Wheel":11,"MealTicket":33,"Necronomicon":18,"Kunai":34,"Girya":13,"Pear":34,"Happy Flower":24,"Dead Branch":34,"Oddly Smooth Stone":26,"Tingsha":13,"Eternal Feather":33,"Pen Nib":15,"Letter Opener":26,"Paper Crane":26,"War Paint":34,"Question Card":26,"Akabeko":5,"Du-Vu Doll":34,"Bottled Flame":34,"Shuriken":34,"Bronze Scales":21,"Bird Faced Urn":24,"Molten Egg 2":26,"Black Star":17,"Ring of the Serpent":25,"Unceasing Top":34,"Meat on the Bone":30,"Pocketwatch":34,"Regal Pillow":13,"Lantern":26,"Torii":4,"Singing Bowl":22,"StoneCalendar":22,"Mango":34,"Bag of Preparation":14,"Incense Burner":34,"PrismaticShard":26,"Ancient Tea Set":30,"Dream Catcher":13,"Tough Bandages":30,"Shovel":13,"TheAbacus":18,"Matryoshka":23,"Mummified Hand":26,"Pantograph":34,"Gambling Chip":34,"Red Mask":34,"InkBottle":24,"Ring of the Snake":0,"Potion Belt":26,"The Specimen":34,"Circlet":5,"Thread and Needle":34,"The Courier":0,"PreservedInsect":34,"Orichalcum":34,"MawBank":23,"White Beast Statue":18,"Mercury Hourglass":34,"Peace Pipe":13,"CaptainsWheel":26,"Anchor":34,"Busted Crown":25,"Ornamental Fan":34,"Turnip":34,"Bag of Marbles":14,"Art of War":26,"Membership Card":4,"Bottled Lightning":34,"TungstenRod":13,"Toy Ornithopter":15,"FossilizedHelix":18}],"Unceasing Top":[0],"Meat on the Bone":0,"Pocketwatch":[0],"Regal Pillow":0,"Torii":0,"Singing Bowl":6,"StoneCalendar":[0],"Bag of Preparation":[0],"Dream Catcher":0,"Tough Bandages":[0],"Shovel":5,"TheAbacus":[504],"Mummified Hand":[0],"Pantograph":0,"InkBottle":[1],"Ring of the Snake":[14],"PreservedInsect":50,"Orichalcum":[6],"MawBank":4044,"Mercury Hourglass":[6],"Peace Pipe":0,"Busted Crown":180,"Ornamental Fan":[0],"Turnip":[0],"Art of War":[0],"TungstenRod":4,"Toy Ornithopter":5},"card_choices":[{"not_picked":["Acrobatics","Bane"],"picked":"Infinite Blades","floor":1.0},{"not_picked":["Dagger Throw","Catalyst"],"picked":"Dagger Spray","floor":4},{"not_picked":["Underhanded Strike","Caltrops","Slice"],"picked":"SKIP","floor":6},{"not_picked":["Underhanded Strike","Poisoned Stab"],"picked":"Leg Sweep","floor":7},{"not_picked":["Sucker Punch","Outmaneuver","Underhanded Strike"],"picked":"SKIP","floor":7},{"not_picked":["Venomology","Reflex"],"picked":"Riddle With Holes","floor":8},{"not_picked":["Acrobatics","Well Laid Plans"],"picked":"Eviscerate","floor":10},{"not_picked":["Dash","Outmaneuver","Poisoned Stab"],"picked":"SKIP","floor":10},{"not_picked":["Deflect","Sucker Punch","Bullet Time"],"picked":"SKIP","floor":11},{"not_picked":["Concentrate","Tactician","Backstab"],"picked":"SKIP","floor":11},{"not_picked":["Prepared","Distraction","Outmaneuver"],"picked":"SKIP","floor":14},{"not_picked":["Catalyst","Leg Sweep","Poisoned Stab"],"picked":"SKIP","floor":14},{"not_picked":["Acrobatics+1","Dagger Throw","Distraction+1"],"picked":"SKIP","floor":18},{"not_picked":["Acrobatics+1","Dagger Throw","Finisher"],"picked":"SKIP","floor":18},{"not_picked":["Heel Hook","Deadly Poison","PiercingWail"],"picked":"SKIP","floor":22},{"not_picked":["Underhanded Strike","Acrobatics","Cloak And Dagger"],"picked":"SKIP","floor":22},{"not_picked":["Setup","Backflip","Cloak And Dagger+1"],"picked":"SKIP","floor":24},{"not_picked":["PiercingWail","Dodge and Roll+1","Storm of Steel"],"picked":"SKIP","floor":25},{"not_picked":["Quick Slash","Acrobatics","Setup"],"picked":"SKIP","floor":25},{"not_picked":["Poisoned Stab","Eviscerate+1","Slice"],"picked":"Singing Bowl","floor":29},{"not_picked":["Endless Agony","Finisher","Prepared"],"picked":"Singing Bowl","floor":31},{"not_picked":["Venomology","Envenom","Storm of Steel"],"picked":"Singing Bowl","floor":34}],"player_experience":1278561,"relics_obtained":[{"floor":6,"key":"Prayer Wheel"},{"floor":8,"key":"Tingsha"},{"floor":9,"key":"TungstenRod"},{"floor":13,"key":"Toy Ornithopter"},{"floor":20,"key":"Necronomicon"},{"floor":24,"key":"Bronze Scales"},{"floor":26,"key":"StoneCalendar"},{"floor":27,"key":"Singing Bowl"},{"floor":29,"key":"Matryoshka"},{"floor":29,"key":"Sundial"},{"floor":30,"key":"MawBank"},{"floor":31,"key":"Happy Flower"},{"floor":31,"key":"Bag of Marbles"},{"floor":32,"key":"InkBottle"},{"floor":33,"key":"Bird Faced Urn"},{"floor":42,"key":"Tough Bandages"},{"floor":42,"key":"Akabeko"},{"floor":43,"key":"Ice Cream"},{"floor":44,"key":"Vajra"},{"floor":44,"key":"Meat on the Bone"},{"floor":45,"key":"Ancient Tea Set"},{"floor":46,"key":"Old Coin"},{"floor":46,"key":"Eternal Feather"},{"floor":47,"key":"MealTicket"},{"floor":53,"key":"Circlet"},{"floor":53,"key":"Circlet"},{"floor":54,"key":"Circlet"},{"floor":56,"key":"Circlet"},{"floor":56,"key":"Circlet"},{"floor":56,"key":"Circlet"},{"floor":56,"key":"Circlet"},{"floor":56,"key":"Circlet"}],"event_choices":[{"cards_removed":["Infinite Blades"],"damage_healed":0.0,"max_hp_gain":0.0,"max_hp_loss":0.0,"gold_gain":0.0,"event_name":"WeMeetAgain","player_choice":"Gave Card","floor":2.0,"gold_loss":0.0,"damage_taken":0.0,"relics_obtained":["Torii"]},{"damage_healed":18,"gold_gain":0,"player_choice":"Healed","damage_taken":0,"max_hp_gain":0,"max_hp_loss":0,"event_name":"The Cleric","floor":5,"gold_loss":35},{"damage_healed":0,"gold_gain":0,"player_choice":"Opened","damage_taken":0,"relics_obtained":["White Beast Statue"],"max_hp_gain":0,"max_hp_loss":0,"event_name":"The Mausoleum","floor":19,"gold_loss":0,"cards_obtained":["Writhe"]},{"damage_healed":0,"gold_gain":0,"player_choice":"Obtained Book","damage_taken":21,"max_hp_gain":0,"max_hp_loss":0,"event_name":"Cursed Tome","floor":20,"gold_loss":0},{"damage_healed":0,"gold_gain":0,"player_choice":"Upgrade","damage_taken":0,"relics_obtained":["Mark of the Bloom"],"max_hp_gain":0,"max_hp_loss":0,"event_name":"MindBloom","floor":39,"gold_loss":0,"cards_upgraded":["Neutralize","Leg Sweep","Riddle With Holes"]},{"damage_healed":0,"gold_gain":0,"player_choice":"Fight","damage_taken":0,"max_hp_gain":0,"max_hp_loss":0,"event_name":"Colosseum","floor":46,"gold_loss":0},{"damage_healed":0,"gold_gain":0,"player_choice":"Fought Nobs","damage_taken":0,"max_hp_gain":0,"max_hp_loss":0,"event_name":"Colosseum","floor":46,"gold_loss":0},{"damage_healed":0,"gold_gain":0,"player_choice":"Relic","damage_taken":0,"max_hp_gain":0,"max_hp_loss":0,"event_name":"Wheel of Change","floor":47,"gold_loss":0},{"damage_healed":0,"gold_gain":0,"player_choice":"Paid","damage_taken":0,"relics_obtained":["Red Mask"],"max_hp_gain":0,"max_hp_loss":0,"event_name":"Tomb of Lord Red Mask","floor":50,"gold_loss":88},{"cards_removed":["Neutralize"],"damage_healed":0,"gold_gain":0,"player_choice":"Removed Attack","damage_taken":0,"max_hp_gain":0,"max_hp_loss":0,"event_name":"Falling","floor":55,"gold_loss":0}],"is_beta":false,"boss_relics":[{"not_picked":["Pandora\u0027s Box","WristBlade"],"picked":"Black Star"},{"not_picked":["HoveringKite","Ring of the Serpent"],"picked":"Busted Crown"}],"items_purged_floors":[3,12],"is_endless":false,"potions_floor_spawned":[4,7,10,11,14,16,18,22,24,25,29,31,34,36,38,40,42,46,46,48,51,52,53],"ascension_level":20}}