{"host":"93bjq340p293ukqy","time":1613308760,"event":{"mods":["BaseMod","Hermit","Minty Spire (QoL Compilation)","StSLib","The Cursed"],"gold_per_floor":[111,126,144,161,173,173,173,173,173,206,41,76,89,106,106,204,204,218,233,250,47,47,47,76,76,76],"floor_reached":25,"language":"ENG","playtime":1489,"items_purged":["hermit:Strike_Hermit"],"score":260,"play_id":"f48586e8-c0ee-4f0e-8a23-acc466622dee","local_time":"20210214151920","is_ascension_mode":false,"campfire_choices":[{"floor":6.0,"key":"REST"},{"data":"hermit:Misfire","floor":8.0,"key":"SMITH"},{"data":"hermit:Determination","floor":15,"key":"SMITH"},{"floor":23,"key":"REST"}],"circlet_count":0,"master_deck":["hermit:Strike_Hermit","hermit:Strike_Hermit","hermit:Strike_Hermit","hermit:Defend_Hermit","hermit:Defend_Hermit","hermit:Defend_Hermit","hermit:Defend_Hermit","hermit:Snapshot","hermit:Covet","hermit:ItchyTrigger","hermit:Misfire+1","hermit:LuckOfTheDraw","hermit:ShadowCloak+1","hermit:Roulette","hermit:Gambit","hermit:Determination+1","hermit:Manifest","hermit:Cheat","hermit:Desperado","hermit:Misfire","hermit:FatalDesire","hermit:TakeAim","hermit:Quickdraw","hermit:ShadowCloak","hermit:TakeAim","hermit:Dive","hermit:TrackingShot+1"],"relics":["hermit:ClaspedLocket","NeowsBlessing","Eternal Feather","FossilizedHelix","Darkstone Periapt","Enchiridion","Blood Vial"],"acts_visited":["Exordium","TheCity"],"potions_floor_usage":[12,16,16,20,20,20,21,25],"damage_taken":[{"damage":0.0,"enemies":"Cultist","floor":1.0,"turns":1.0},{"damage":0.0,"enemies":"Jaw Worm","floor":2.0,"turns":1.0},{"damage":0.0,"enemies":"Small Slimes","floor":3.0,"turns":1.0},{"damage":28.0,"enemies":"Gremlin Gang","floor":4.0,"turns":5.0},{"damage":0.0,"enemies":"Looter","floor":5.0,"turns":3.0},{"damage":12,"enemies":"3 Sentries","floor":10,"turns":7},{"damage":0,"enemies":"Gremlin Nob","floor":12,"turns":4},{"damage":0,"enemies":"2 Fungi Beasts","floor":13,"turns":4},{"damage":0,"enemies":"Blue Slaver","floor":14,"turns":3},{"damage":35,"enemies":"The Guardian","floor":16,"turns":10},{"damage":14,"enemies":"Shell Parasite","floor":18,"turns":6},{"damage":24,"enemies":"Spheric Guardian","floor":19,"turns":6},{"damage":0,"enemies":"Snake Plant","floor":20,"turns":5},{"damage":25,"enemies":"Book of Stabbing","floor":24,"turns":6},{"damage":44,"enemies":"3 Cultists","floor":25,"turns":5}],"seed_played":"4000971469208342542","potions_obtained":[{"floor":2.0,"key":"Dexterity Potion"},{"floor":10,"key":"Strength Potion"},{"floor":13,"key":"SneckoOil"},{"floor":14,"key":"DuplicationPotion"},{"floor":16,"key":"SkillPotion"},{"floor":18,"key":"Weak Potion"},{"floor":19,"key":"EssenceOfSteel"},{"floor":20,"key":"Swift Potion"}],"is_trial":false,"path_per_floor":["M","M","M","M","M","R","?","R","T","E","$","E","M","M","R","B",null,"M","M","M","$","?","R","E","M"],"character_chosen":"HERMIT","items_purchased":["hermit:Determination","hermit:Manifest","hermit:TakeAim","Fruit Juice","hermit:Dive"],"campfire_rested":2,"item_purchase_floors":[11,11,21,21,21],"current_hp_per_floor":[75,75,75,47,47,69,69,69,69,57,57,57,57,57,69,34,75,61,37,37,42,26,65,40,0,0],"gold":76,"neow_bonus":"THREE_ENEMY_KILL","is_daily":false,"chose_seed":false,"campfire_upgraded":2,"win_rate":0.0,"timestamp":1613308760,"path_taken":["M","M","?","M","M","R","?","R","T","E","$","E","M","M","R","BOSS","M","M","M","$","?","R","E","M"],"items_purchased_type":["Card","Card","Card","Potion","Card"],"build_version":"2020-12-22","purchased_purges":1,"victory":false,"max_hp_per_floor":[75,75,75,75,75,75,75,75,75,75,75,75,75,75,75,75,75,75,75,75,80,80,80,80,80,80],"card_choices":[{"not_picked":["hermit:Desperado","hermit:CalledShot"],"picked":"hermit:ItchyTrigger","floor":1.0},{"not_picked":["hermit:Ricochet","hermit:TakeCover"],"picked":"hermit:Misfire","floor":2.0},{"not_picked":["hermit:Manifest","hermit:LowProfile"],"picked":"hermit:LuckOfTheDraw","floor":3.0},{"not_picked":["hermit:WideOpen","hermit:Horror"],"picked":"hermit:ShadowCloak","floor":4.0},{"not_picked":["hermit:HighCaliber","hermit:LuckOfTheDraw"],"picked":"hermit:Roulette","floor":5.0},{"not_picked":["hermit:Scavenge","hermit:Feint"],"picked":"hermit:Gambit","floor":10},{"not_picked":["hermit:Misfire","hermit:Coalescence"],"picked":"hermit:Cheat","floor":12},{"not_picked":["hermit:HighCaliber","hermit:RoundhouseKick"],"picked":"hermit:Desperado","floor":13},{"not_picked":["hermit:HighCaliber","hermit:Showdown"],"picked":"hermit:Misfire","floor":14},{"not_picked":["hermit:OverwhelmingPower","hermit:Reprieve"],"picked":"hermit:FatalDesire","floor":16},{"not_picked":["hermit:Virtue","hermit:FlashPowder+1"],"picked":"hermit:TakeAim","floor":18},{"not_picked":["hermit:Ricochet","hermit:GoldenBullet"],"picked":"hermit:Quickdraw","floor":19},{"not_picked":["hermit:Dive","hermit:Scavenge"],"picked":"hermit:ShadowCloak","floor":20},{"not_picked":["hermit:FlashPowder","hermit:Misfire+1"],"picked":"hermit:TrackingShot+1","floor":24}],"player_experience":245092,"relics_obtained":[{"floor":9.0,"key":"Eternal Feather"},{"floor":10,"key":"FossilizedHelix"},{"floor":12,"key":"Darkstone Periapt"},{"floor":22,"key":"Enchiridion"},{"floor":24,"key":"Blood Vial"}],"event_choices":[{"damage_healed":0.0,"max_hp_gain":0.0,"max_hp_loss":0.0,"gold_gain":0.0,"event_name":"Living Wall","player_choice":"Grow","floor":7.0,"gold_loss":0.0,"damage_taken":0.0,"cards_upgraded":["hermit:ShadowCloak"]},{"damage_healed":0,"gold_gain":0,"player_choice":"Obtained Book","damage_taken":16,"max_hp_gain":0,"max_hp_loss":0,"event_name":"Cursed Tome","floor":22,"gold_loss":0}],"is_beta":false,"boss_relics":[{"not_picked":["SlaversCollar","Busted Crown"],"picked":"hermit:ClaspedLocket"}],"items_purged_floors":[11],"is_endless":false,"potions_floor_spawned":[2,10,13,14,16,18,19,20],"killed_by":"3 Cultists","ascension_level":0}}