{"host":"3c27c697js19kaoo","time":1613282993,"event":{"mods":["ATMod(°¢èªMod)","Act Like it!","Arknights","Aspiration","BaseMod","CapriCore","Dota2Spire","Hermit","Minty Spire (QoL Compilation)","Quick Restart","Reliquary","Replay The Spire","Spicy Shops","StSLib","The Alterego","The Cursed","The Marked","The Runesmith","The Servant 0.9.4","¡¾¹¦ÄÜMod¡¿»ìãçÖ®»·ÐÞ¸´²¹¶¡","¡¾ÒÅÎï¿¨ÅÆ¡¿REMEMod"],"gold_per_floor":[111,130,130,80,0,0,27,27,27,70,89,89,104,125,125,251,251,270,270,270,157,377,415,440,440,440],"floor_reached":25,"language":"ZHS","playtime":1126,"items_purged":[],"score":269,"play_id":"fde79f8b-9e1b-451b-80d9-a747c4ce8a62","local_time":"20210214140953","is_ascension_mode":true,"campfire_choices":[{"data":"ats:Song Of Battle","floor":6,"key":"SMITH"},{"floor":12,"key":"REST"},{"floor":15,"key":"REST"}],"circlet_count":0,"master_deck":["ats:Strike C","ats:Strike G","ats:Strike S","ats:Strike V","ats:Armor Crushing Shot","ats:Defend","ats:Defend","ats:Defend","ats:Defend","ats:Emotion Absorption","REME_AllRoundStrike","AT_ShrugMaster","ats:Song Of Battle+1","ats:Sword Rain+1","ats:Apocalypse","ats:Phantom","ats:Collapsing Strike+1","ats:Calcification","J.A.X.","ats:Sashimi Platter+1","ats:Hook Shot","TheCursedMod:Dregs","ats:Sashimi Platter+1"],"relics":["ats:Sanity","REME_ComplimentaryCards","AT_ATBox","NeowsBlessing","Molten Egg 2","ats:Originium","Dota2Spire:UrnOfShadows","Golden Idol","Bronze Scales","reliquary:TridentHead","REME_DemonsWealth","Dota2Spire:ArcaneBoots"],"acts_visited":["Exordium","TheCity"],"potions_floor_usage":[16,25,25],"damage_taken":[{"damage":0,"enemies":"Jaw Worm","floor":1,"turns":1},{"damage":0,"enemies":"2 Louse","floor":2,"turns":1},{"damage":0,"enemies":"Lagavulin","floor":7,"turns":1},{"damage":32,"enemies":"Gremlin Nob","floor":10,"turns":5},{"damage":12,"enemies":"Small Slimes","floor":11,"turns":2},{"damage":2,"enemies":"3 Louse","floor":13,"turns":2},{"damage":11,"enemies":"2 Fungi Beasts","floor":14,"turns":4},{"damage":40,"enemies":"Slime Boss","floor":16,"turns":10},{"damage":30,"enemies":"Spheric Guardian","floor":18,"turns":5},{"damage":19,"enemies":"Shell Parasite","floor":22,"turns":4},{"damage":31,"enemies":"Replay:Snechameleon","floor":23,"turns":7},{"damage":37,"enemies":"Shelled Parasite and Fungi","floor":24,"turns":6},{"damage":92,"enemies":"Gremlin Leader","floor":25,"turns":5}],"seed_played":"-5835719006955650200","potions_obtained":[{"floor":11,"key":"FearPotion"},{"floor":13,"key":"Venom Potion"},{"floor":14,"key":"Weak Potion"},{"floor":18,"key":"Dexterity Potion"}],"is_trial":false,"path_per_floor":["M","M","?","?","$","R","E","?","T","E","M","R","M","M","R","B",null,"M","?","?","$","M","E","M","E"],"character_chosen":"DOCTOR_CLASS","items_purchased":["ats:Song Of Battle","ats:Sashimi Platter+1","ats:Hook Shot"],"campfire_rested":2,"item_purchase_floors":[5,21,21],"current_hp_per_floor":[72,72,72,72,72,72,72,54,54,22,10,31,33,26,47,25,72,47,47,47,47,52,43,39,0,0],"gold":440,"neow_bonus":"THREE_ENEMY_KILL","is_daily":false,"chose_seed":false,"campfire_upgraded":1,"win_rate":0.0,"timestamp":1613282993,"path_taken":["M","M","?","?","$","R","E","?","T","E","M","R","M","M","R","BOSS","M","?","?","?","M","E","M","E"],"items_purchased_type":["Card","Card","Card"],"build_version":"2020-12-22","purchased_purges":0,"victory":false,"max_hp_per_floor":[72,72,72,72,72,72,72,72,72,72,72,72,72,72,72,72,72,72,72,72,72,72,72,72,72,72],"card_choices":[{"not_picked":["ats:Flame Of Heaven","ats:Curse Doll","ats:Shell Defense"],"picked":"SKIP","floor":1},{"not_picked":["ats:Powerful Strike","ats:Hammer On","ats:Neurotoxin"],"picked":"SKIP","floor":2},{"not_picked":["ats:Absolute Focus","ats:Dogmatic Field"],"picked":"ats:Sword Rain+1","floor":7},{"not_picked":["ats:Flame Of Heaven","ats:Counter Healing Mode","ats:Guard Mode"],"picked":"SKIP","floor":10},{"not_picked":["ats:Very Hot Blade+1","ats:Ignite+1"],"picked":"ats:Apocalypse","floor":11},{"not_picked":["ats:Curse Doll","ats:Hammer On+1"],"picked":"ats:Phantom","floor":13},{"not_picked":["ats:Flexible Camouflage","ats:Guardian Obelisk"],"picked":"ats:Collapsing Strike+1","floor":14},{"not_picked":["ats:Durian","ats:True Silver Slash+1"],"picked":"ats:Calcification","floor":16},{"not_picked":["ats:Rapid Magazine","ats:Thorns","ats:Blood Oath+1","ReplayTheSpireMod:Faulty Equipment"],"picked":"SKIP","floor":18},{"not_picked":["ats:Assault Order+1","ats:Explosion Area Strengthen+1","ats:Ignite+1"],"picked":"TheCursedMod:Dregs","floor":22},{"not_picked":["ats:Phantom","ats:Flexible Camouflage","Clumsy"],"picked":"ats:Sashimi Platter+1","floor":23},{"not_picked":["ats:Thermite Blade+1","ats:Guard Mode","ats:Automatic Cover","ReplayTheSpireMod:Faulty Equipment"],"picked":"SKIP","floor":24}],"player_experience":220529,"relics_obtained":[{"floor":7,"key":"ats:Originium"},{"floor":7,"key":"Dota2Spire:UrnOfShadows"},{"floor":9,"key":"Bronze Scales"},{"floor":10,"key":"ats:Originium"},{"floor":10,"key":"reliquary:TridentHead"},{"floor":23,"key":"ats:Originium"},{"floor":23,"key":"Dota2Spire:ArcaneBoots"}],"event_choices":[{"cards_removed":["Injury"],"damage_healed":0,"gold_gain":0,"player_choice":"Card Removal","damage_taken":0,"max_hp_gain":0,"max_hp_loss":0,"event_name":"The Cleric","floor":4,"gold_loss":50},{"damage_healed":0,"gold_gain":0,"player_choice":"Take Damage","damage_taken":18,"relics_obtained":["Golden Idol"],"max_hp_gain":0,"max_hp_loss":0,"event_name":"Golden Idol","floor":8,"gold_loss":0},{"damage_healed":0,"gold_gain":0,"player_choice":"Obtain J.A.X.","damage_taken":0,"max_hp_gain":0,"max_hp_loss":0,"event_name":"Drug Dealer","floor":19,"gold_loss":0,"cards_obtained":["J.A.X."]}],"is_beta":false,"boss_relics":[{"not_picked":["Philosopher\u0027s Stone","ats:Tactical Delivery"],"picked":"REME_DemonsWealth"}],"items_purged_floors":[],"is_endless":false,"potions_floor_spawned":[11,13,14,18,23],"killed_by":"Gremlin Leader","ascension_level":1}}