{"host":"8jwrv7sn1174lfer","time":1613303473,"event":{"mods":["BaseMod","Colored Map","Colored Powertips","Highlight Path","Minty Spire (QoL Compilation)","StSLib"],"gold_per_floor":[111,111,34,45,56,56,89,89,89,108,108,108,125,159,171,279,291,318,270,282,294,320,332,369,381,417,447,459,489,517,543,555,567,567],"floor_reached":33,"language":"ENG","playtime":1402,"items_purged":[],"score":393,"play_id":"b796e859-00d0-43fd-a0c3-2fab9f87f789","local_time":"20210214065113","is_ascension_mode":true,"campfire_choices":[{"data":"Well Laid Plans","floor":6,"key":"SMITH"},{"data":"Finisher","floor":8,"key":"SMITH"},{"data":"Terror","floor":15,"key":"SMITH"},{"data":"Phantasmal Killer","floor":23,"key":"SMITH"},{"data":"Concentrate","floor":32,"key":"SMITH"}],"circlet_count":0,"master_deck":["Survivor","Neutralize","Finisher+1","Setup","Accuracy","Well Laid Plans+1","Dodge and Roll","Slice+1","Blade Dance","Terror+1","Escape Plan","Phantasmal Killer+1","Catalyst","Corpse Explosion","Setup","After Image","Escape Plan","Predator+1","Expertise","Concentrate+1","Burst","Blade Dance","Accuracy","Underhanded Strike+1","Cloak And Dagger"],"relics":["Ring of the Snake","Vajra","Molten Egg 2","Blue Candle","Bag of Preparation","MawBank","Pandora\u0027s Box","Shovel","Pocketwatch","Toy Ornithopter"],"acts_visited":["Exordium","TheCity"],"potions_floor_usage":[14,18,24,31,33],"damage_taken":[{"damage":0,"enemies":"2 Louse","floor":1,"turns":3},{"damage":0,"enemies":"Cultist","floor":4,"turns":4},{"damage":9,"enemies":"Jaw Worm","floor":5,"turns":2},{"damage":36,"enemies":"Lagavulin","floor":7,"turns":10},{"damage":0,"enemies":"Large Slime","floor":10,"turns":5},{"damage":15,"enemies":"Exordium Thugs","floor":13,"turns":3},{"damage":4,"enemies":"3 Sentries","floor":14,"turns":5},{"damage":1,"enemies":"Hexaghost","floor":16,"turns":9},{"damage":10,"enemies":"Shell Parasite","floor":18,"turns":4},{"damage":0,"enemies":"Spheric Guardian","floor":22,"turns":1},{"damage":0,"enemies":"Gremlin Leader","floor":24,"turns":3},{"damage":0,"enemies":"Centurion and Healer","floor":27,"turns":3},{"damage":14,"enemies":"Shelled Parasite and Fungi","floor":29,"turns":2},{"damage":0,"enemies":"Sentry and Sphere","floor":30,"turns":3},{"damage":12,"enemies":"Chosen and Byrds","floor":31,"turns":4},{"damage":29,"enemies":"Automaton","floor":33,"turns":4}],"seed_played":"-349786247736729559","potions_obtained":[{"floor":10,"key":"Swift Potion"},{"floor":13,"key":"GhostInAJar"},{"floor":14,"key":"Block Potion"},{"floor":24,"key":"GamblersBrew"},{"floor":29,"key":"SkillPotion"},{"floor":30,"key":"Strength Potion"}],"is_trial":false,"path_per_floor":["M","?","$","M","M","R","E","R","T","M","?","?","M","E","R","B",null,"M","?","$","?","M","R","E","$","T","M","$","M","M","M","R","B"],"character_chosen":"THE_SILENT","items_purchased":["Accuracy"],"campfire_rested":0,"item_purchase_floors":[3],"current_hp_per_floor":[63,63,63,63,54,54,18,18,18,18,41,29,14,10,10,9,55,45,45,45,45,45,45,45,45,45,45,45,31,31,24,24,0,0],"gold":567,"neow_bonus":"RANDOM_COMMON_RELIC","is_daily":false,"chose_seed":false,"campfire_upgraded":5,"win_rate":0.0,"timestamp":1613303473,"path_taken":["M","?","$","?","M","R","E","R","T","M","?","?","M","E","R","BOSS","M","?","?","?","M","R","E","$","T","M","?","M","?","M","R","BOSS"],"items_purchased_type":["Card"],"build_version":"2020-12-22","purchased_purges":0,"victory":false,"max_hp_per_floor":[70,70,70,70,70,70,70,70,70,70,70,70,70,70,70,70,70,70,70,70,70,70,70,70,70,70,70,70,70,70,70,70,70,70],"card_choices":[{"not_picked":["Dodge and Roll","Distraction"],"picked":"Finisher","floor":1},{"not_picked":["Catalyst","Poisoned Stab"],"picked":"Well Laid Plans","floor":4},{"not_picked":["Flechettes","Prepared"],"picked":"Dodge and Roll","floor":5},{"not_picked":["Tactician","Outmaneuver"],"picked":"Slice+1","floor":7},{"not_picked":["Bane+1","Accuracy"],"picked":"Blade Dance","floor":10},{"not_picked":["Skewer+1","Dagger Spray+1"],"picked":"Terror","floor":13},{"not_picked":["Underhanded Strike+1","Dagger Throw+1"],"picked":"Escape Plan","floor":14},{"not_picked":["Envenom","Glass Knife+1"],"picked":"Phantasmal Killer","floor":16},{"not_picked":["Quick Slash+1","Prepared","Backflip+1"],"picked":"SKIP","floor":18},{"not_picked":["Eviscerate+1","Sucker Punch+1"],"picked":"Accuracy","floor":22},{"not_picked":["Dagger Spray+1","Choke+1"],"picked":"Underhanded Strike+1","floor":24},{"not_picked":["Blade Dance","Escape Plan","Outmaneuver"],"picked":"SKIP","floor":27},{"not_picked":["Blade Dance","Skewer+1","Envenom"],"picked":"SKIP","floor":29},{"not_picked":["Prepared","All Out Attack+1"],"picked":"Cloak And Dagger","floor":30},{"not_picked":["Flying Knee+1","Deadly Poison","Deflect"],"picked":"SKIP","floor":31}],"player_experience":626740,"relics_obtained":[{"floor":7,"key":"Molten Egg 2"},{"floor":9,"key":"Blue Candle"},{"floor":14,"key":"MawBank"},{"floor":24,"key":"Pocketwatch"},{"floor":26,"key":"Toy Ornithopter"}],"event_choices":[{"damage_healed":0,"gold_gain":0,"cards_transformed":["Strike_G"],"player_choice":"Transformed","damage_taken":0,"max_hp_gain":0,"max_hp_loss":0,"event_name":"Transmorgrifier","floor":2,"gold_loss":0,"cards_obtained":["Setup"]},{"damage_healed":23,"gold_gain":0,"player_choice":"Banana","damage_taken":0,"max_hp_gain":0,"max_hp_loss":0,"event_name":"Big Fish","floor":11,"gold_loss":0},{"damage_healed":0,"gold_gain":0,"player_choice":"Success","damage_taken":12,"relics_obtained":["Bag of Preparation"],"max_hp_gain":0,"max_hp_loss":0,"event_name":"Scrap Ooze","floor":12,"gold_loss":0},{"damage_healed":0,"gold_gain":0,"player_choice":"Paid Gold","damage_taken":0,"relics_obtained":["Shovel"],"max_hp_gain":0,"max_hp_loss":0,"event_name":"WeMeetAgain","floor":19,"gold_loss":60},{"damage_healed":0,"gold_gain":0,"player_choice":"Read","damage_taken":0,"max_hp_gain":0,"max_hp_loss":0,"event_name":"The Library","floor":21,"gold_loss":0,"cards_obtained":["Blade Dance"]}],"is_beta":false,"boss_relics":[{"not_picked":["SacredBark","Velvet Choker"],"picked":"Pandora\u0027s Box"}],"items_purged_floors":[],"is_endless":false,"potions_floor_spawned":[10,13,14,24,29,30],"killed_by":"Automaton","ascension_level":6}}