{"host":"ix07nhfx4o3nf6kx","time":1613292446,"event":{"mods":["BaseMod","Hermit","Minty Spire (QoL Compilation)","StSLib","The Bug Knight","The Cursed","The Dragon Tamer","The Hierophant","The Jungle","The Runesmith"],"gold_per_floor":[117,117,44,44,64,99,99,119,119,119,168,168,178,178,178,178,178],"floor_reached":16,"language":"KOR","playtime":3910,"items_purged":[],"score":98,"play_id":"f3f9ecb5-3e95-48b4-a189-c16db365d22e","local_time":"20210214174726","is_ascension_mode":false,"campfire_choices":[{"data":"Panache","floor":7,"key":"SMITH"},{"floor":15,"key":"REST"}],"circlet_count":0,"master_deck":["HollowMod:NailStrikeStart","HollowMod:NailStrikeStart","HollowMod:NailStrikeStart","HollowMod:NailStrikeStart","HollowMod:QuickDashStart","HollowMod:QuickDashStart","HollowMod:QuickDashStart","HollowMod:QuickDashStart","HollowMod:FocusHealStart","HollowMod:PogoStrike","Clumsy","Panache+1","HollowMod:NewJinnsSoul","HollowMod:WraithStrike","HollowMod:ShadowDash","HollowMod:GreatSlash","HollowMod:DoubleDash","HollowMod:DescendingDark","HollowMod:ShadowDash","HollowMod:GoodIntentions"],"relics":["HollowMod:VesselMask","Matryoshka","Juzu Bracelet","Meat on the Bone","Bottled Flame","Dream Catcher","CultistMask"],"acts_visited":["Exordium"],"potions_floor_usage":[16,16],"damage_taken":[{"damage":2,"enemies":"2 Louse","floor":1,"turns":3},{"damage":15,"enemies":"Small Slimes","floor":5,"turns":3},{"damage":37,"enemies":"3 Sentries","floor":6,"turns":8},{"damage":1,"enemies":"Jaw Worm","floor":8,"turns":3},{"damage":1,"enemies":"2 Fungi Beasts","floor":13,"turns":3},{"damage":68,"enemies":"Slime Boss","floor":16,"turns":11}],"seed_played":"-757326081455655194","potions_obtained":[{"floor":5,"key":"SneckoOil"},{"floor":6,"key":"CultistPotion"},{"floor":14,"key":"Block Potion"},{"floor":14,"key":"SmokeBomb"}],"is_trial":false,"path_per_floor":["M","?","$","?","M","E","R","M","T","$","T","?","M","?","R","B"],"character_chosen":"THE_BUGKNIGHT","items_purchased":["HollowMod:WraithStrike","HollowMod:ShadowDash"],"campfire_rested":1,"item_purchase_floors":[3,3],"current_hp_per_floor":[73,73,73,73,58,21,21,20,20,20,20,20,31,31,53,0,0],"gold":178,"neow_bonus":"RANDOM_COLORLESS_2","is_daily":false,"chose_seed":false,"campfire_upgraded":1,"win_rate":0.0,"timestamp":1613292446,"path_taken":["M","?","$","?","M","E","R","M","T","$","?","?","M","?","R","BOSS"],"items_purchased_type":["Card","Card"],"build_version":"2020-12-22","purchased_purges":0,"victory":false,"max_hp_per_floor":[75,75,75,75,75,75,75,75,75,75,75,75,75,75,75,75,75],"card_choices":[{"not_picked":["Secret Weapon","Metamorphosis"],"picked":"Panache","floor":0},{"not_picked":["HollowMod:QuirrelsAssistance","HollowMod:InfectedAttack"],"picked":"HollowMod:NewJinnsSoul","floor":1},{"not_picked":["HollowMod:NewLittleFool","HollowMod:ChannelNail"],"picked":"HollowMod:GreatSlash","floor":5},{"not_picked":["HollowMod:SiblingsSouls","HollowMod:DreamGate"],"picked":"HollowMod:DoubleDash","floor":6},{"not_picked":["HollowMod:ShadowDash","HollowMod:DashSlash"],"picked":"HollowMod:DescendingDark","floor":8},{"not_picked":["HollowMod:CloakDash","HollowMod:SoulSplash"],"picked":"HollowMod:ShadowDash","floor":13},{"not_picked":["HollowMod:LifebloodCocoon","HollowMod:InfectedCysts"],"picked":"HollowMod:GoodIntentions","floor":15}],"player_experience":293842,"relics_obtained":[{"floor":6,"key":"Matryoshka"},{"floor":9,"key":"Juzu Bracelet"},{"floor":9,"key":"Meat on the Bone"},{"floor":11,"key":"Bottled Flame"},{"floor":11,"key":"Dream Catcher"}],"event_choices":[{"damage_healed":0,"gold_gain":0,"player_choice":"Trade","damage_taken":0,"relics_obtained":["CultistMask"],"max_hp_gain":0,"max_hp_loss":0,"event_name":"FaceTrader","floor":12,"gold_loss":0},{"damage_healed":0,"gold_gain":0,"player_choice":"Got Potions","damage_taken":0,"max_hp_gain":0,"max_hp_loss":0,"event_name":"Lab","floor":14,"gold_loss":0}],"is_beta":false,"boss_relics":[],"items_purged_floors":[],"is_endless":false,"potions_floor_spawned":[5,6],"killed_by":"Slime Boss","ascension_level":0}}