{"host":"rb2p2z6v6vieend5","time":1613340995,"event":{"mods":["BaseMod","Block Reminder","Colored Map","DeckTracker","Highlight Path","Minty Spire (QoL Compilation)","Random Character Button","Relic Stats"],"gold_per_floor":[115,165,176,196,216,249,249,324,324,26,55,71,71,90,90,163,163,173,88,88,105,124,124,124],"floor_reached":23,"language":"ENG","playtime":1019,"items_purged":["Strike_R"],"score":399,"play_id":"c637c504-86f4-4338-8ecc-89fd61ae7a18","local_time":"20210214231635","is_ascension_mode":true,"campfire_choices":[{"data":"Anger","floor":7,"key":"SMITH"},{"data":"Double Tap","floor":13,"key":"SMITH"},{"data":"Carnage","floor":15,"key":"SMITH"}],"circlet_count":0,"master_deck":["AscendersBane","Strike_R","Strike_R","Strike_R","Strike_R","Defend_R","Defend_R","Defend_R","Defend_R","Bash+1","Metallicize","Anger+1","Cleave","Wild Strike","Carnage+1","Double Tap+1","Ghostly Armor","Disarm","Burning Pact","Feed","Writhe","Second Wind"],"relics":["Burning Blood","Sundial","InkBottle","Lee\u0027s Waffle","White Beast Statue","Runic Pyramid","Blood Vial","Tiny Chest"],"acts_visited":["Exordium","TheCity"],"potions_floor_usage":[12,16,21,23,23],"damage_taken":[{"damage":0,"enemies":"2 Louse","floor":1,"turns":3},{"damage":2,"enemies":"Cultist","floor":3,"turns":4},{"damage":7,"enemies":"Jaw Worm","floor":4,"turns":3},{"damage":15,"enemies":"Exordium Wildlife","floor":5,"turns":4},{"damage":32,"enemies":"Lagavulin","floor":6,"turns":6},{"damage":0,"enemies":"Gremlin Nob","floor":11,"turns":2},{"damage":0,"enemies":"3 Louse","floor":12,"turns":2},{"damage":11,"enemies":"Looter","floor":14,"turns":2},{"damage":29,"enemies":"The Guardian","floor":16,"turns":9},{"damage":10,"enemies":"Chosen","floor":18,"turns":6},{"damage":18,"enemies":"Shell Parasite","floor":21,"turns":3},{"damage":26,"enemies":"Snake Plant","floor":22,"turns":6},{"damage":76,"enemies":"Gremlin Leader","floor":23,"turns":3}],"seed_played":"-217131552311517135","potions_obtained":[{"floor":3,"key":"Swift Potion"},{"floor":5,"key":"BlessingOfTheForge"},{"floor":12,"key":"Weak Potion"},{"floor":14,"key":"SteroidPotion"},{"floor":16,"key":"BlessingOfTheForge"},{"floor":18,"key":"EssenceOfSteel"},{"floor":21,"key":"FearPotion"}],"is_trial":false,"path_per_floor":["M","?","M","M","M","E","R","?","T","$","E","M","R","M","R","B",null,"M","?","?","M","M","E"],"character_chosen":"IRONCLAD","items_purchased":["Lee\u0027s Waffle","Double Tap"],"campfire_rested":0,"item_purchase_floors":[10,10],"current_hp_per_floor":[74,74,75,74,65,39,39,28,28,82,82,82,82,77,77,54,75,74,74,74,67,52,0,0],"gold":124,"neow_bonus":"UPGRADE_CARD","is_daily":false,"chose_seed":false,"campfire_upgraded":3,"win_rate":0.0,"timestamp":1613340995,"path_taken":["M","?","?","?","?","E","R","?","T","?","E","M","R","M","R","BOSS","M","?","?","M","?","E"],"items_purchased_type":["Relic","Card"],"build_version":"2020-12-22","purchased_purges":1,"victory":false,"max_hp_per_floor":[75,75,75,75,75,75,75,75,75,82,82,82,82,82,82,82,82,85,85,85,88,91,91,91],"relic_stats":{"Blood Vial":6,"Lee\u0027s Waffle":54,"counters":[13,53],"Sundial":[2],"Tiny Chest":0,"obtain_stats":[{"Blood Vial":19,"Lee\u0027s Waffle":10,"Sundial":6,"Tiny Chest":20,"Burning Blood":0,"InkBottle":9,"White Beast Statue":11,"Runic Pyramid":17},{"Blood Vial":10,"Lee\u0027s Waffle":5,"Sundial":5,"Tiny Chest":10,"Burning Blood":0,"InkBottle":5,"White Beast Statue":6,"Runic Pyramid":9},{"Blood Vial":41,"Lee\u0027s Waffle":20,"Sundial":20,"Tiny Chest":41,"Burning Blood":0,"InkBottle":20,"White Beast Statue":22,"Runic Pyramid":35}],"Burning Blood":57,"InkBottle":[8]},"card_choices":[{"not_picked":["Heavy Blade","Hemokinesis"],"picked":"Metallicize","floor":1},{"not_picked":["Heavy Blade","Dark Embrace"],"picked":"Anger","floor":3},{"not_picked":["Twin Strike","Pummel"],"picked":"Cleave","floor":4},{"not_picked":["Blood for Blood","Iron Wave"],"picked":"Wild Strike","floor":5},{"not_picked":["Dropkick","Berserk"],"picked":"Carnage","floor":6},{"not_picked":["Clash","Iron Wave"],"picked":"Ghostly Armor","floor":11},{"not_picked":["Rampage","Wild Strike"],"picked":"Disarm","floor":12},{"not_picked":["Bloodletting","Sword Boomerang"],"picked":"Burning Pact","floor":14},{"not_picked":["Impervious","Bludgeon"],"picked":"Feed","floor":16},{"not_picked":["Sentinel","Sword Boomerang","Wild Strike"],"picked":"SKIP","floor":18},{"not_picked":["Body Slam","Wild Strike"],"picked":"Second Wind","floor":21},{"not_picked":["Twin Strike","Cleave","Perfected Strike"],"picked":"SKIP","floor":22}],"player_experience":743020,"relics_obtained":[{"floor":6,"key":"Sundial"},{"floor":9,"key":"InkBottle"},{"floor":11,"key":"White Beast Statue"}],"event_choices":[{"damage_healed":0,"gold_gain":50,"player_choice":"Pray","damage_taken":0,"max_hp_gain":0,"max_hp_loss":0,"event_name":"Golden Shrine","floor":2,"gold_loss":0},{"damage_healed":0,"gold_gain":75,"player_choice":"Gather Gold","damage_taken":11,"max_hp_gain":0,"max_hp_loss":0,"event_name":"World of Goop","floor":8,"gold_loss":0},{"damage_healed":0,"gold_gain":0,"player_choice":"Obtained Relic","damage_taken":0,"relics_obtained":["Blood Vial"],"max_hp_gain":0,"max_hp_loss":0,"event_name":"Addict","floor":19,"gold_loss":85},{"damage_healed":0,"gold_gain":0,"player_choice":"Opened","damage_taken":0,"relics_obtained":["Tiny Chest"],"max_hp_gain":0,"max_hp_loss":0,"event_name":"The Mausoleum","floor":20,"gold_loss":0,"cards_obtained":["Writhe"]}],"is_beta":false,"boss_relics":[{"not_picked":["Black Star","Mark of Pain"],"picked":"Runic Pyramid"}],"items_purged_floors":[10],"is_endless":false,"potions_floor_spawned":[3,5,12,14,16,18,21,22],"killed_by":"Gremlin Leader","ascension_level":15}}