{"host":"uom2h1y0l20ikqvv","time":1613327214,"event":{"mods":["BaseMod","Bossed Relics","Colored Powertips","Minty Spire (QoL Compilation)","Replay The Spire","StSLib"],"gold_per_floor":[109,136,136,150,166,166,194,204,204,218,218,234,234,234,234,334,334,354,354,367,378,378,89,89,119,145,145,34,34,45,145,145,243,243,258,258,258],"floor_reached":38,"language":"ENG","playtime":2210,"items_purged":[],"score":617,"play_id":"30d1353b-d90f-4f34-b918-c5b69202c495","local_time":"20210214182654","is_ascension_mode":false,"campfire_choices":[{"floor":6,"key":"REST"},{"floor":11,"key":"REST"},{"data":"DevaForm","floor":15,"key":"SMITH"},{"data":"Judgement","floor":24,"key":"SMITH"},{"data":"1","floor":27,"key":"LIFT"},{"data":"2","floor":29,"key":"LIFT"},{"floor":32,"key":"REST"}],"circlet_count":0,"master_deck":["Strike_P","Strike_P","Strike_P","Strike_P","Defend_P","Defend_P","Defend_P","Eruption","Vigilance","Halt","Protect","Evaluate","Judgement+1","SandsOfTime+1","Wallop+1","Conclude+1","DevaForm+1","DeusExMachina+1","ThirdEye+1","J.A.X.+1","PathToVictory+1","FlyingSleeves+1","BattleHymn","Halt+1","FlurryOfBlows+1","LikeWater","Ragnarok+1","FlyingSleeves+1"],"relics":["PureWater","NeowsBlessing","CaptainsWheel","Molten Egg 2","Toxic Egg 2","Tiny House","Orichalcum","Medical Kit","Girya","Vajra","Bird Faced Urn","Replay:WaspNest","Replay:Grab Bag","Painkiller Herb","Fusion Hammer","SlaversCollar"],"acts_visited":["Exordium","TheCity","TheBeyond"],"potions_floor_usage":[31,31,33],"damage_taken":[{"damage":0,"enemies":"Small Slimes","floor":1,"turns":1},{"damage":0,"enemies":"2 Louse","floor":4,"turns":1},{"damage":0,"enemies":"Cultist","floor":5,"turns":1},{"damage":36,"enemies":"Lagavulin","floor":7,"turns":8},{"damage":1,"enemies":"Exordium Wildlife","floor":8,"turns":2},{"damage":0,"enemies":"Looter","floor":10,"turns":1},{"damage":0,"enemies":"2 Fungi Beasts","floor":12,"turns":3},{"damage":23,"enemies":"Hexaghost","floor":16,"turns":8},{"damage":0,"enemies":"Spheric Guardian","floor":18,"turns":2},{"damage":15,"enemies":"2 Thieves","floor":20,"turns":4},{"damage":7,"enemies":"Centurion and Healer","floor":21,"turns":5},{"damage":3,"enemies":"Replay:Snechameleon","floor":25,"turns":6},{"damage":14,"enemies":"Snecko","floor":30,"turns":6},{"damage":19,"enemies":"Colosseum Slavers","floor":31,"turns":3},{"damage":10,"enemies":"Colosseum Nobs","floor":31,"turns":5},{"damage":28,"enemies":"Champ","floor":33,"turns":9},{"damage":14,"enemies":"3 Shapes","floor":35,"turns":3},{"damage":52,"enemies":"Donu and Deca","floor":37,"turns":8}],"seed_played":"11258361313227956","potions_obtained":[{"floor":5,"key":"PowerPotion"},{"floor":8,"key":"Weak Potion"},{"floor":12,"key":"Block Potion"},{"floor":33,"key":"SpeedPotion"}],"is_trial":false,"path_per_floor":["M","?","?","M","M","R","E","M","T","M","R","M","?","$","R","B",null,"M","?","M","M","?","$","R","E","T","R","$","R","M","?","R","B",null,"?","?","B",null],"character_chosen":"WATCHER","items_purchased":["Orichalcum","Medical Kit","BattleHymn","Halt+1"],"campfire_rested":3,"item_purchase_floors":[23,23,28,28],"current_hp_per_floor":[72,54,54,54,54,72,36,35,35,35,56,56,61,61,61,38,77,77,77,62,55,77,77,77,74,74,74,74,74,60,31,54,32,77,65,65,19],"gold":258,"neow_bonus":"THREE_ENEMY_KILL","is_daily":false,"chose_seed":false,"campfire_upgraded":2,"win_rate":0.0,"timestamp":1613327214,"path_taken":["M","?","?","M","?","R","E","M","T","M","R","M","?","$","R","BOSS","M","?","M","M","?","$","R","E","T","R","$","R","M","?","R","BOSS","?","?","BOSS"],"items_purchased_type":["Relic","Relic","Card","Card"],"build_version":"2020-12-22","purchased_purges":0,"victory":true,"max_hp_per_floor":[72,72,72,72,72,72,72,72,72,72,72,72,77,77,77,77,77,77,77,77,77,77,77,77,77,77,77,77,77,77,77,77,77,77,77,77,77],"card_choices":[{"not_picked":["Replay:BluntJabs","Replay:Vibes"],"picked":"Halt","floor":1},{"not_picked":["EmptyFist","SignatureMove"],"picked":"Protect","floor":2},{"not_picked":["CutThroughFate","ClearTheMind"],"picked":"Evaluate","floor":4},{"not_picked":["FlurryOfBlows","JustLucky"],"picked":"Judgement","floor":5},{"not_picked":["Replay:Hum","Crescendo"],"picked":"SandsOfTime+1","floor":7},{"not_picked":["FollowUp+1","Adaptation"],"picked":"Wallop+1","floor":8},{"not_picked":["ThirdEye+1","SignatureMove+1"],"picked":"Conclude+1","floor":10},{"not_picked":["Study","Indignation+1"],"picked":"DevaForm","floor":12},{"not_picked":["DevaForm","Replay:AllIn+1"],"picked":"DeusExMachina+1","floor":16},{"not_picked":["SignatureMove+1","Replay:ManipulateFuture+1"],"picked":"ThirdEye+1","floor":18},{"not_picked":["InnerPeace+1","Protect+1"],"picked":"PathToVictory+1","floor":20},{"not_picked":["ThirdEye+1","CrushJoints+1","WindmillStrike+1"],"picked":"SKIP","floor":21},{"not_picked":["Vengeance+1","Evaluate+1"],"picked":"FlyingSleeves+1","floor":25},{"not_picked":["Judgement+1","Consecrate+1"],"picked":"FlurryOfBlows+1","floor":30},{"not_picked":["Replay:BluntJabs+1","FearNoEvil+1"],"picked":"LikeWater","floor":31},{"not_picked":["Replay:LoomingThreat","DevaForm"],"picked":"Ragnarok+1","floor":33},{"not_picked":["FlurryOfBlows+1","BattleHymn"],"picked":"FlyingSleeves+1","floor":35}],"player_experience":81674,"relics_obtained":[{"floor":2,"key":"CaptainsWheel"},{"floor":7,"key":"Molten Egg 2"},{"floor":9,"key":"Toxic Egg 2"},{"floor":25,"key":"Girya"},{"floor":26,"key":"Vajra"},{"floor":31,"key":"Bird Faced Urn"},{"floor":31,"key":"Replay:WaspNest"}],"event_choices":[{"cards_removed":["Defend_P"],"damage_healed":0,"gold_gain":0,"player_choice":"Offered Basic","damage_taken":0,"max_hp_gain":0,"max_hp_loss":0,"event_name":"Bonfire Elementals","floor":3,"gold_loss":0},{"damage_healed":0,"gold_gain":0,"player_choice":"Donut","damage_taken":0,"max_hp_gain":5,"max_hp_loss":0,"event_name":"Big Fish","floor":13,"gold_loss":0},{"damage_healed":0,"gold_gain":0,"player_choice":"Obtain J.A.X.","damage_taken":0,"max_hp_gain":0,"max_hp_loss":0,"event_name":"Drug Dealer","floor":19,"gold_loss":0,"cards_obtained":["J.A.X."]},{"damage_healed":25,"gold_gain":0,"player_choice":"Heal","damage_taken":0,"max_hp_gain":0,"max_hp_loss":0,"event_name":"The Library","floor":22,"gold_loss":0},{"damage_healed":0,"gold_gain":0,"player_choice":"Fight","damage_taken":0,"max_hp_gain":0,"max_hp_loss":0,"event_name":"Colosseum","floor":31,"gold_loss":0},{"damage_healed":0,"gold_gain":0,"player_choice":"Fought Nobs","damage_taken":0,"max_hp_gain":0,"max_hp_loss":0,"event_name":"Colosseum","floor":31,"gold_loss":0},{"damage_healed":0,"gold_gain":0,"player_choice":"Took Portal","damage_taken":0,"max_hp_gain":0,"max_hp_loss":0,"event_name":"SecretPortal","floor":36,"gold_loss":0}],"is_beta":false,"boss_relics":[{"not_picked":["ChewingGum","Runic Dome"],"picked":"Tiny House"},{"not_picked":["Empty Cage","ReplayTheSpireMod:DimensionalGlitch"],"picked":"Replay:Grab Bag"},{"not_picked":["Coffee Dripper","Replay:Wanted Poster"],"picked":"Painkiller Herb"},{"not_picked":["Cursed Key","ReplayTheSpireMod:Onyx Gauntlets"],"picked":"Fusion Hammer"},{"not_picked":["Snecko Eye","Kintsugi"],"picked":"SlaversCollar"}],"items_purged_floors":[],"is_endless":false,"potions_floor_spawned":[5,8,12,18,21,31,33],"ascension_level":0}}