{"host":"rs956zbefct9hzhl","time":1613343601,"event":{"mods":["BaseMod","BetterRewards","Downfall","Minty Spire (QoL Compilation)","Shop Mod","Spikes Relics","StSLib"],"gold_per_floor":[99,115,125,71,87,87,113,132,132,145,145,170,18,37,50,50,50,50],"floor_reached":16,"language":"ENG","playtime":971,"items_purged":[],"score":104,"play_id":"6f9896bd-6c26-458b-866c-a4df15293bb1","local_time":"20210215000001","is_ascension_mode":false,"campfire_choices":[{"data":"champ:Taunt","floor":1,"key":"SMITH"},{"data":"champ:FanOfKnives","floor":9,"key":"SMITH"}],"circlet_count":0,"master_deck":["champ:Strike","champ:Strike","champ:Strike","champ:Strike","champ:Defend","champ:Defend","champ:Defend","champ:Defend","champ:Execute","champ:Taunt+1","champ:SetATrap","champ:FanOfKnives+1","champ:RisingSlash","champ:CalledShot","champ:GladiatorStyle","champ:Shatter","champ:FanOfKnives","champ:HoldFirm","champ:BerserkersShout","champ:BladeFlurry","Flash of Steel","champ:BringItOn","champ:AdrenalArmor"],"relics":["champ:ChampionCrown","Potion Belt","Orichalcum","Letter Opener"],"acts_visited":["Exordium"],"potions_floor_usage":[12],"damage_taken":[{"damage":11,"enemies":"Jaw Worm","floor":2,"turns":5},{"damage":21,"enemies":"Cultist","floor":3,"turns":5},{"damage":20,"enemies":"downfall:FleeingMerchant","floor":4,"turns":4},{"damage":25,"enemies":"Small Slimes","floor":5,"turns":4},{"damage":33,"enemies":"Exordium Wildlife","floor":8,"turns":3},{"damage":22,"enemies":"downfall:LooterAlt","floor":10,"turns":3},{"damage":48,"enemies":"Gremlin Nob","floor":12,"turns":4},{"damage":32,"enemies":"downfall:FleeingMerchant","floor":13,"turns":4},{"damage":0,"enemies":"3 Louse","floor":14,"turns":2},{"damage":20,"enemies":"Large Slime","floor":15,"turns":4},{"damage":16,"enemies":"IC_STATUS_ARCHETYPE","floor":16,"turns":1}],"seed_played":"2028751523268203181","potions_obtained":[{"floor":3,"key":"ColorlessPotion"},{"floor":10,"key":"GamblersBrew"},{"floor":12,"key":"Dexterity Potion"},{"floor":14,"key":"Ancient Potion"},{"floor":15,"key":"sneckomod:MuddlingPotion"}],"is_trial":false,"path_per_floor":["R","M","M","$","M","?","T","M","R","M","?","E","$","M","M","B"],"character_chosen":"THE_CHAMP","items_purchased":["champ:CalledShot","champ:BladeFlurry","Flash of Steel"],"campfire_rested":0,"item_purchase_floors":[4,13,13],"current_hp_per_floor":[99,98,97,97,92,57,57,44,44,42,39,23,14,14,14,0,0,0],"gold":50,"neow_bonus":"TEN_PERCENT_HP_BONUS","is_daily":false,"chose_seed":false,"campfire_upgraded":2,"win_rate":0.0,"timestamp":1613343601,"path_taken":["R","M","M","$","M","?","T","?","R","M","?","E","?","M","M","BOSS"],"items_purchased_type":["Card","Card","Card"],"build_version":"2020-12-22","purchased_purges":0,"victory":false,"max_hp_per_floor":[99,99,99,99,99,99,99,99,99,99,99,99,99,99,99,99,99,99],"card_choices":[{"not_picked":["champ:GladiatorStyle","champ:BringItOn"],"picked":"champ:SetATrap","floor":2},{"not_picked":["champ:FlashCut","champ:DefensiveShout"],"picked":"champ:FanOfKnives","floor":3},{"not_picked":["champ:FalseCounter","champ:PreciseThrust"],"picked":"champ:RisingSlash","floor":4},{"not_picked":["champ:Haymaker","champ:Parry"],"picked":"champ:GladiatorStyle","floor":5},{"not_picked":["champ:SkillfulDodge","champ:TornadoPunch"],"picked":"champ:Shatter","floor":8},{"not_picked":["champ:Parry","champ:PreemptiveStrike"],"picked":"champ:FanOfKnives","floor":10},{"not_picked":["champ:RisingSlash","champ:TornadoPunch"],"picked":"champ:HoldFirm","floor":12},{"not_picked":["champ:RapidStrikes","champ:RisingSlash"],"picked":"champ:BerserkersShout","floor":13},{"not_picked":["champ:BerserkersShout","champ:FancyFootwork"],"picked":"champ:BringItOn","floor":14},{"not_picked":["champ:BringItOn","champ:Shatter"],"picked":"champ:AdrenalArmor","floor":15}],"player_experience":508996,"relics_obtained":[{"floor":7,"key":"Potion Belt"},{"floor":12,"key":"Letter Opener"}],"event_choices":[{"damage_healed":0,"gold_gain":0,"player_choice":"Success","damage_taken":3,"relics_obtained":["Orichalcum"],"max_hp_gain":0,"max_hp_loss":0,"event_name":"Scrap Ooze","floor":11,"gold_loss":0}],"is_beta":false,"boss_relics":[],"items_purged_floors":[],"is_endless":false,"potions_floor_spawned":[3,10,12,14,15],"killed_by":"IC_STATUS_ARCHETYPE","ascension_level":0}}