{"host":"5h6e4l6hpn0p5lap","time":1613276043,"event":{"mods":["AchievementEnabler","BaseMod","Better Altar","Better Match","Better Sensory Stone","Better Skull","Better Third Choice","Colored Map","Filter the Spire","Minty Spire (QoL Compilation)","StSLib"],"gold_per_floor":[116,133,143,153,163,163,11,36,62,162,124,89,108,34,34,134,134,154,171,29,29,39,39,55,55,55],"floor_reached":25,"language":"ENG","playtime":893,"items_purged":["Strike_P","Strike_P","Strike_P"],"score":308,"play_id":"7c1a615e-a377-4cf6-8a44-4ec8ad133f63","local_time":"20210213231403","is_ascension_mode":true,"campfire_choices":[{"data":"Eruption","floor":6,"key":"SMITH"},{"data":"PathToVictory","floor":15,"key":"SMITH"},{"floor":23,"key":"REST"}],"circlet_count":0,"master_deck":["AscendersBane","Strike_P","Defend_P","Defend_P","Defend_P","Defend_P","Eruption+1","Vigilance","DeusExMachina","CarveReality","EmptyFist","Prostrate","PathToVictory+1","FlurryOfBlows","Vengeance","PathToVictory","Halt","DevaForm","ThirdEye","Shame","PathToVictory","Perseverance"],"relics":["PureWater","Membership Card","Bottled Flame","Orichalcum","Calling Bell","Toy Ornithopter","Singing Bowl","CloakClasp","PreservedInsect","Smiling Mask"],"acts_visited":["Exordium","TheCity"],"potions_floor_usage":[8,16,22,22,22],"damage_taken":[{"damage":10,"enemies":"2 Louse","floor":1,"turns":4},{"damage":1,"enemies":"Cultist","floor":2,"turns":3},{"damage":1,"enemies":"Small Slimes","floor":3,"turns":3},{"damage":11,"enemies":"3 Louse","floor":4,"turns":2},{"damage":2,"enemies":"Looter","floor":5,"turns":2},{"damage":12,"enemies":"Lagavulin","floor":8,"turns":4},{"damage":0,"enemies":"2 Fungi Beasts","floor":13,"turns":2},{"damage":29,"enemies":"Hexaghost","floor":16,"turns":9},{"damage":39,"enemies":"Spheric Guardian","floor":18,"turns":6},{"damage":4,"enemies":"Chosen","floor":19,"turns":4},{"damage":5,"enemies":"Shelled Parasite and Fungi","floor":22,"turns":4},{"damage":39,"enemies":"Snecko","floor":24,"turns":5},{"damage":42,"enemies":"Book of Stabbing","floor":25,"turns":5}],"seed_played":"-1680501069499859174","potions_obtained":[{"floor":2,"key":"Energy Potion"},{"floor":4,"key":"Swift Potion"},{"floor":13,"key":"SteroidPotion"},{"floor":16,"key":"FearPotion"},{"floor":19,"key":"Swift Potion"},{"floor":22,"key":"FairyPotion"}],"is_trial":false,"path_per_floor":["M","M","M","M","M","R","$","E","T","?","$","?","M","$","R","B",null,"M","M","$","?","M","R","M","E"],"character_chosen":"WATCHER","items_purchased":["Membership Card","Halt","PreservedInsect"],"campfire_rested":1,"item_purchase_floors":[7,14,20],"current_hp_per_floor":[55,54,53,42,40,40,40,28,28,28,28,46,46,46,46,17,58,21,17,17,17,27,49,10,0,0],"gold":55,"neow_bonus":"ONE_RANDOM_RARE_CARD","is_daily":false,"chose_seed":false,"campfire_upgraded":2,"win_rate":0.0,"timestamp":1613276043,"path_taken":["M","M","M","M","M","R","$","E","T","?","?","?","M","$","R","BOSS","M","M","$","?","M","R","M","E"],"items_purchased_type":["Relic","Card","Relic"],"build_version":"2020-12-22","purchased_purges":3,"victory":false,"max_hp_per_floor":[72,72,72,72,72,72,72,72,72,72,72,72,72,72,72,72,72,74,74,74,74,74,74,74,74,74],"card_choices":[{"not_picked":["JustLucky","ForeignInfluence"],"picked":"CarveReality","floor":1},{"not_picked":["Swivel","ReachHeaven"],"picked":"EmptyFist","floor":2},{"not_picked":["FollowUp","EmptyFist"],"picked":"Prostrate","floor":3},{"not_picked":["Evaluate","Meditate"],"picked":"PathToVictory","floor":4},{"not_picked":["Fasting2","Wish"],"picked":"FlurryOfBlows","floor":5},{"not_picked":["DevaForm","ClearTheMind"],"picked":"Vengeance","floor":8},{"not_picked":["FlyingSleeves","Evaluate"],"picked":"PathToVictory","floor":13},{"not_picked":["Devotion","Omniscience"],"picked":"DevaForm","floor":16},{"not_picked":["WreathOfFlame+1","Consecrate","Evaluate"],"picked":"Singing Bowl","floor":18},{"not_picked":["Consecrate","ClearTheMind"],"picked":"ThirdEye","floor":19},{"not_picked":["FlyingSleeves","Study"],"picked":"PathToVictory","floor":22},{"not_picked":["WreathOfFlame","ClearTheMind"],"picked":"Perseverance","floor":24}],"player_experience":1107755,"relics_obtained":[{"floor":8,"key":"Bottled Flame"},{"floor":9,"key":"Orichalcum"},{"floor":17,"key":"Toy Ornithopter"},{"floor":17,"key":"Singing Bowl"},{"floor":17,"key":"CloakClasp"}],"event_choices":[{"damage_healed":0,"gold_gain":100,"player_choice":"Pray","damage_taken":0,"max_hp_gain":0,"max_hp_loss":0,"event_name":"Golden Shrine","floor":10,"gold_loss":0},{"damage_healed":18,"gold_gain":0,"player_choice":"Healed","damage_taken":0,"max_hp_gain":0,"max_hp_loss":0,"event_name":"The Cleric","floor":12,"gold_loss":35},{"damage_healed":0,"gold_gain":0,"player_choice":"Stole Relic","damage_taken":0,"relics_obtained":["Smiling Mask"],"max_hp_gain":0,"max_hp_loss":0,"event_name":"Addict","floor":21,"gold_loss":0,"cards_obtained":["Shame"]}],"is_beta":false,"boss_relics":[{"not_picked":["Snecko Eye","Coffee Dripper"],"picked":"Calling Bell"}],"items_purged_floors":[11,14,20],"is_endless":false,"potions_floor_spawned":[2,4,13,16,19,22],"killed_by":"Book of Stabbing","ascension_level":10}}