{"host":"o88u0awh8mkwl1l8","time":1613276883,"event":{"mods":["BaseMod","Colored Map","Colored Powertips","Highlight Path","Minty Spire (QoL Compilation)"],"gold_per_floor":[114,126,145,145,165,165,181,195,195,120,145,163,182,201,201,278,278,278,278],"floor_reached":18,"language":"JPN","playtime":1400,"items_purged":["Strike_P"],"score":336,"play_id":"af8604b0-09b3-4a2a-9aea-b2a84dfb43fb","local_time":"20210214132803","is_ascension_mode":true,"campfire_choices":[{"data":"Consecrate","floor":6.0,"key":"SMITH"},{"floor":15.0,"key":"REST"}],"circlet_count":0,"master_deck":["AscendersBane","Strike_P","Strike_P","Strike_P","Defend_P","Defend_P","Defend_P","Defend_P","Eruption+1","Vigilance+1","Consecrate+1","SandsOfTime","ClearTheMind","FearNoEvil","Halt","Halt","SpiritShield","WheelKick","CutThroughFate","LessonLearned"],"relics":["HolyWater","Omamori","Bottled Flame"],"acts_visited":["Exordium","TheCity"],"potions_floor_usage":[16],"damage_taken":[{"damage":0.0,"enemies":"Cultist","floor":1.0,"turns":4.0},{"damage":0.0,"enemies":"Small Slimes","floor":2.0,"turns":3.0},{"damage":5.0,"enemies":"2 Louse","floor":3.0,"turns":3.0},{"damage":10.0,"enemies":"Exordium Wildlife","floor":5.0,"turns":5.0},{"damage":0.0,"enemies":"3 Louse","floor":7.0,"turns":1.0},{"damage":0.0,"enemies":"2 Fungi Beasts","floor":8.0,"turns":1.0},{"damage":18.0,"enemies":"Lagavulin","floor":11.0,"turns":7.0},{"damage":0.0,"enemies":"Large Slime","floor":12.0,"turns":5.0},{"damage":8.0,"enemies":"Looter","floor":13.0,"turns":2.0},{"damage":9.0,"enemies":"3 Louse","floor":14.0,"turns":2.0},{"damage":24,"enemies":"Hexaghost","floor":16,"turns":11},{"damage":16,"enemies":"Spheric Guardian","floor":18,"turns":4}],"seed_played":"-9047425756493394743","potions_obtained":[{"floor":2.0,"key":"Dexterity Potion"},{"floor":3.0,"key":"GamblersBrew"},{"floor":5.0,"key":"Swift Potion"},{"floor":11.0,"key":"EssenceOfSteel"},{"floor":14.0,"key":"Weak Potion"}],"is_trial":false,"path_per_floor":["M","M","M","?","M","R","M","M","T","$","E","M","M","M","R","B",null,"M"],"character_chosen":"WATCHER","items_purchased":[],"campfire_rested":1,"item_purchase_floors":[],"current_hp_per_floor":[61,61,56,56,46,46,46,46,46,46,28,28,20,11,31,7,53,37,37],"gold":278,"neow_bonus":"UPGRADE_CARD","is_daily":false,"chose_seed":false,"campfire_upgraded":1,"win_rate":0.0,"timestamp":1613276883,"path_taken":["M","M","M","?","M","R","?","M","T","$","E","M","M","M","R","BOSS","M"],"items_purchased_type":[],"build_version":"2020-12-22","purchased_purges":1,"victory":false,"max_hp_per_floor":[68,68,68,68,68,68,68,68,68,68,68,68,68,68,68,68,68,68,68],"card_choices":[{"not_picked":["Worship","Evaluate"],"picked":"Consecrate","floor":1.0},{"not_picked":["Meditate","EmptyBody"],"picked":"SandsOfTime","floor":2.0},{"not_picked":["SandsOfTime","BowlingBash"],"picked":"ClearTheMind","floor":3.0},{"not_picked":["Fasting2","CrushJoints"],"picked":"FearNoEvil","floor":5.0},{"not_picked":["Conclude","CutThroughFate"],"picked":"Halt","floor":7.0},{"not_picked":["CrushJoints","ForeignInfluence"],"picked":"Halt","floor":8.0},{"not_picked":["Protect","ReachHeaven"],"picked":"SpiritShield","floor":11.0},{"not_picked":["LikeWater","ForeignInfluence","PathToVictory"],"picked":"SKIP","floor":12.0},{"not_picked":["Study","JustLucky"],"picked":"WheelKick","floor":13.0},{"not_picked":["BowlingBash","Sanctity"],"picked":"CutThroughFate","floor":14.0},{"not_picked":["Omniscience","MasterReality"],"picked":"LessonLearned","floor":16}],"player_experience":1199267,"relics_obtained":[{"floor":9.0,"key":"Omamori"},{"floor":11.0,"key":"Bottled Flame"}],"event_choices":[{"damage_healed":0.0,"max_hp_gain":0.0,"max_hp_loss":0.0,"gold_gain":0.0,"event_name":"Upgrade Shrine","player_choice":"Upgraded","floor":4.0,"gold_loss":0.0,"damage_taken":0.0,"cards_upgraded":["Vigilance"]}],"is_beta":false,"boss_relics":[{"not_picked":["Ectoplasm","Velvet Choker"],"picked":"HolyWater"}],"items_purged_floors":[10],"is_endless":false,"potions_floor_spawned":[2,3,5,11,14],"killed_by":"Spheric Guardian","ascension_level":20}}