{"host":"TheHustler","time":1613302917,"event":{"mods":["BaseMod","Block Reminder","Colored Map","Colored Powertips","Minty Spire (QoL Compilation)","Quick Restart","StSLib","SuperFastMode","Unceasing Turn Reminder"],"gold_per_floor":[144,189,39,84,84,84,174,219,219,309,354,354,399,444,444,744,744,789,344,389,434,217,217,262,262,312,357,447,492,552,597,597,897,897,942,773,995,633,678,768,813,903,978,978,978,978,1068,1113,1113,1113],"floor_reached":51,"language":"ENG","playtime":2164,"items_purged":[],"score":971,"play_id":"6ca648ca-5060-451f-a778-5583c03f5b7f","local_time":"20210214124157","daily_mods":["Draft","Diverse","Midas"],"is_ascension_mode":false,"campfire_choices":[{"floor":6,"key":"REST"},{"floor":12,"key":"REST"},{"floor":15,"key":"REST"},{"floor":23,"key":"REST"},{"floor":25,"key":"REST"},{"floor":32,"key":"REST"},{"floor":44,"key":"REST"},{"floor":46,"key":"REST"},{"floor":49,"key":"REST"}],"circlet_count":0,"master_deck":["Consecrate","Shrug It Off","Ball Lightning","Dodge and Roll","Cold Snap","Capacitor","CrushJoints","BattleHymn","Leap","Escape Plan","Dodge and Roll","Hologram","Cloak And Dagger","Thunderclap","SashWhip","Outmaneuver","BootSequence","Seek","Sweeping Beam","FollowUp","Inflame","Ball Lightning","Storm of Steel","Apotheosis","Crippling Poison+1","Sadistic Nature","Demon Form","Shrug It Off+1","Warcry+1","Gash+1","Burst","Steam+1","Chill","Defragment","TalkToTheHand","Havoc+1","Havoc+1","White Noise+1","Burning Pact+1","Evolve+1","Establishment+1","Outmaneuver+1"],"relics":["Burning Blood","Membership Card","Red Skull","Pear","Bottled Tornado","Philosopher\u0027s Stone","Dead Branch","TungstenRod","Paper Frog","Art of War","Orichalcum","Red Mask","SlaversCollar","Sling","Toxic Egg 2","StoneCalendar","DollysMirror","Matryoshka","Centennial Puzzle","Smiling Mask","Frozen Egg 2","Omamori"],"acts_visited":["Exordium","TheCity","TheBeyond"],"potions_floor_usage":[19,35,50,50],"damage_taken":[{"damage":5,"enemies":"Jaw Worm","floor":1,"turns":3},{"damage":0,"enemies":"Cultist","floor":2,"turns":4},{"damage":0,"enemies":"2 Louse","floor":4,"turns":2},{"damage":12,"enemies":"Lagavulin","floor":7,"turns":5},{"damage":0,"enemies":"Red Slaver","floor":8,"turns":3},{"damage":7,"enemies":"3 Sentries","floor":10,"turns":6},{"damage":0,"enemies":"Large Slime","floor":11,"turns":3},{"damage":0,"enemies":"Exordium Wildlife","floor":13,"turns":3},{"damage":0,"enemies":"Exordium Thugs","floor":14,"turns":3},{"damage":48,"enemies":"Hexaghost","floor":16,"turns":6},{"damage":32,"enemies":"2 Thieves","floor":18,"turns":4},{"damage":0,"enemies":"3 Byrds","floor":20,"turns":3},{"damage":10,"enemies":"Cultist and Chosen","floor":21,"turns":5},{"damage":20,"enemies":"Shelled Parasite and Fungi","floor":24,"turns":4},{"damage":0,"enemies":"Centurion and Healer","floor":27,"turns":3},{"damage":12,"enemies":"Book of Stabbing","floor":28,"turns":4},{"damage":0,"enemies":"Snecko","floor":29,"turns":4},{"damage":0,"enemies":"Masked Bandits","floor":30,"turns":2},{"damage":17,"enemies":"Shelled Parasite and Fungi","floor":31,"turns":3},{"damage":17,"enemies":"Automaton","floor":33,"turns":7},{"damage":18,"enemies":"3 Darklings","floor":35,"turns":4},{"damage":5,"enemies":"Orb Walker","floor":39,"turns":4},{"damage":2,"enemies":"Giant Head","floor":40,"turns":7},{"damage":35,"enemies":"Writhing Mass","floor":41,"turns":6},{"damage":8,"enemies":"Reptomancer","floor":42,"turns":5},{"damage":0,"enemies":"Nemesis","floor":47,"turns":5},{"damage":5,"enemies":"4 Shapes","floor":48,"turns":3},{"damage":47,"enemies":"Donu and Deca","floor":50,"turns":5}],"seed_played":"-463004689936713651","potions_obtained":[{"floor":1,"key":"Ancient Potion"},{"floor":2,"key":"Weak Potion"},{"floor":11,"key":"ElixirPotion"},{"floor":21,"key":"BlessingOfTheForge"},{"floor":39,"key":"Block Potion"}],"is_trial":false,"path_per_floor":["M","M","$","M","?","R","E","M","T","E","M","R","M","M","R","B",null,"M","$","M","M","$","R","M","R","T","M","E","M","?","M","R","B",null,"M","$","?","$","M","E","M","E","T","R","?","R","E","M","R","B",null],"character_chosen":"IRONCLAD","items_purchased":["Membership Card","Apotheosis","Dead Branch","TungstenRod","Fruit Juice","Paper Frog","Sadistic Nature","Sling","Chill","Defragment","TalkToTheHand","Toxic Egg 2","StoneCalendar","Havoc+1","DollysMirror"],"campfire_rested":9,"item_purchase_floors":[3,19,19,19,19,22,22,36,36,36,36,38,38,38,38],"current_hp_per_floor":[80,80,80,80,80,80,74,80,90,89,90,90,90,90,90,48,90,64,69,75,71,71,95,81,95,95,95,89,95,95,84,95,84,95,83,83,83,83,84,88,59,57,57,85,85,95,95,95,95,54],"gold":1113,"neow_bonus":"","is_daily":true,"chose_seed":false,"campfire_upgraded":0,"win_rate":0.0,"timestamp":1613302917,"path_taken":["M","M","$","M","?","R","E","M","T","E","M","R","M","M","R","BOSS","M","$","M","M","$","R","M","R","T","M","E","M","?","M","R","BOSS","M","$","?","$","M","E","M","E","T","R","?","R","E","M","R","BOSS"],"items_purchased_type":["Relic","Card","Relic","Relic","Potion","Relic","Card","Relic","Card","Card","Card","Relic","Relic","Card","Relic"],"build_version":"2020-12-18","purchased_purges":0,"victory":true,"max_hp_per_floor":[80,80,80,80,80,80,80,80,90,90,90,90,90,90,90,90,90,90,95,95,95,95,95,95,95,95,95,95,95,95,95,95,95,95,95,95,95,95,95,95,95,95,95,95,95,95,95,95,95,95],"card_choices":[{"not_picked":["Recycle","Go for the Eyes"],"picked":"Consecrate","floor":0},{"not_picked":["Terror","Conserve Battery"],"picked":"Shrug It Off","floor":0},{"not_picked":["Accuracy","SashWhip"],"picked":"Ball Lightning","floor":0},{"not_picked":["WindmillStrike","Collect"],"picked":"Dodge and Roll","floor":0},{"not_picked":["White Noise","Calculated Gamble"],"picked":"Cold Snap","floor":0},{"not_picked":["Study","Acrobatics"],"picked":"Capacitor","floor":0},{"not_picked":["Stack","Halt"],"picked":"CrushJoints","floor":0},{"not_picked":["Redo","Stack"],"picked":"BattleHymn","floor":0},{"not_picked":["CrushJoints","Clash"],"picked":"Leap","floor":0},{"not_picked":["Slice","Stack"],"picked":"Escape Plan","floor":0},{"not_picked":["Clothesline","ForeignInfluence"],"picked":"Dodge and Roll","floor":0},{"not_picked":["Searing Blow","Turbo"],"picked":"Hologram","floor":0},{"not_picked":["Searing Blow","BowlingBash"],"picked":"Cloak And Dagger","floor":0},{"not_picked":["CutThroughFate","Havoc"],"picked":"Thunderclap","floor":0},{"not_picked":["Warcry","Reflex"],"picked":"SashWhip","floor":0},{"not_picked":["Conclude","BowlingBash"],"picked":"Outmaneuver","floor":1},{"not_picked":["BowlingBash","Barrage"],"picked":"BootSequence","floor":2},{"not_picked":["Deflect","Protect","JustLucky"],"picked":"SKIP","floor":4},{"not_picked":["InnerPeace","Escape Plan"],"picked":"Seek","floor":7},{"not_picked":["JustLucky","Deadly Poison"],"picked":"Sweeping Beam","floor":8},{"not_picked":["Undo","Noxious Fumes"],"picked":"FollowUp","floor":10},{"not_picked":["Sweeping Beam","PathToVictory"],"picked":"Inflame","floor":11},{"not_picked":["Weave","Dagger Throw"],"picked":"Ball Lightning","floor":13},{"not_picked":["Body Slam","Heavy Blade","Thunderclap"],"picked":"SKIP","floor":14},{"not_picked":["Burst","Berserk"],"picked":"Storm of Steel","floor":16},{"not_picked":["Deflect","Body Slam","Rebound"],"picked":"SKIP","floor":18},{"not_picked":["Capacitor+1","Underhanded Strike","Heatsinks"],"picked":"SKIP","floor":20},{"not_picked":["Caltrops","Storm"],"picked":"Crippling Poison+1","floor":21},{"not_picked":["Storm","Compile Driver","Dodge and Roll"],"picked":"SKIP","floor":24},{"not_picked":["Dagger Throw","LikeWater","Cleave"],"picked":"SKIP","floor":27},{"not_picked":["CarveReality+1","Shrug It Off"],"picked":"Demon Form","floor":28},{"not_picked":["SignatureMove+1","Doom and Gloom"],"picked":"Shrug It Off+1","floor":29},{"not_picked":["Quick Slash","Clash"],"picked":"Warcry+1","floor":30},{"not_picked":["Ball Lightning","Fire Breathing"],"picked":"Gash+1","floor":31},{"not_picked":["All For One","Grand Finale"],"picked":"Burst","floor":33},{"not_picked":["Infinite Blades","Perfected Strike"],"picked":"Steam+1","floor":35},{"not_picked":["Clash+1","Thunderclap+1"],"picked":"White Noise+1","floor":39},{"not_picked":["Capacitor+1","Prepared+1"],"picked":"Burning Pact+1","floor":40},{"not_picked":["SandsOfTime","Eviscerate+1","EmptyMind+1"],"picked":"SKIP","floor":41},{"not_picked":["Sword Boomerang+1","Rampage"],"picked":"Evolve+1","floor":42},{"not_picked":["Second Wind+1","Doom and Gloom"],"picked":"Establishment+1","floor":47},{"not_picked":["Nirvana+1","PiercingWail+1"],"picked":"Outmaneuver+1","floor":48}],"player_experience":676380,"relics_obtained":[{"floor":7,"key":"Red Skull"},{"floor":9,"key":"Pear"},{"floor":10,"key":"Bottled Tornado"},{"floor":26,"key":"Art of War"},{"floor":28,"key":"Orichalcum"},{"floor":30,"key":"Red Mask"},{"floor":40,"key":"Matryoshka"},{"floor":42,"key":"Centennial Puzzle"},{"floor":43,"key":"Smiling Mask"},{"floor":43,"key":"Frozen Egg 2"},{"floor":47,"key":"Omamori"}],"event_choices":[{"damage_healed":0,"gold_gain":0,"player_choice":"Ignored","damage_taken":0,"max_hp_gain":0,"max_hp_loss":0,"event_name":"Liars Game","floor":5,"gold_loss":0},{"damage_healed":0,"gold_gain":0,"player_choice":"Fought Bandits","damage_taken":0,"max_hp_gain":0,"max_hp_loss":0,"event_name":"Masked Bandits","floor":30,"gold_loss":0},{"damage_healed":0,"gold_gain":222,"player_choice":"Wore Mask","damage_taken":0,"max_hp_gain":0,"max_hp_loss":0,"event_name":"Tomb of Lord Red Mask","floor":37,"gold_loss":0},{"damage_healed":0,"gold_gain":0,"player_choice":"Ignored","damage_taken":0,"max_hp_gain":0,"max_hp_loss":0,"event_name":"Purifier","floor":45,"gold_loss":0}],"is_beta":true,"boss_relics":[{"not_picked":["Calling Bell","Empty Cage"],"picked":"Philosopher\u0027s Stone"},{"not_picked":["Velvet Choker","Runic Pyramid"],"picked":"SlaversCollar"}],"items_purged_floors":[],"is_endless":false,"potions_floor_spawned":[1,2,11,14,16,18,21,30,31,33,39,42,47],"ascension_level":0}}