{"host":"0mhttqdumuceah7q","time":1613308089,"event":{"mods":["AchievementEnabler","BaseMod","Colored Map","DeckTracker","Minty Spire (QoL Compilation)","Permanent Neow"],"gold_per_floor":[119,137,62,81,93,119,119,154,180,191,224,224,237,247,247,350,350,360,410,430,450,450,450],"floor_reached":22,"language":"KOR","playtime":938,"items_purged":["Defend_P"],"score":286,"play_id":"65adb029-0a73-4a6a-9f5a-f7f62bdaa440","local_time":"20210214220809","is_ascension_mode":true,"campfire_choices":[{"data":"Eruption","floor":7,"key":"SMITH"},{"data":"Crescendo","floor":12,"key":"SMITH"},{"data":"ClearTheMind","floor":15,"key":"SMITH"}],"circlet_count":0,"master_deck":["Strike_P","Strike_P","Strike_P","Strike_P","Defend_P","Defend_P","Defend_P","Eruption+1","Vigilance","DeusExMachina","FollowUp","CutThroughFate","BowlingBash","ClearTheMind+1","CarveReality","Crescendo+1","FlyingSleeves","EmptyMind","SignatureMove","DevaForm+1","EmptyFist+1","MentalFortress+1"],"relics":["HolyWater","Frozen Egg 2","PreservedInsect","Potion Belt","Omamori"],"acts_visited":["Exordium","TheCity"],"potions_floor_usage":[6,6,8,16,16,18,22,22],"damage_taken":[{"damage":9,"enemies":"Small Slimes","floor":1,"turns":3},{"damage":0,"enemies":"Cultist","floor":2,"turns":2},{"damage":2,"enemies":"Jaw Worm","floor":4,"turns":2},{"damage":11,"enemies":"Large Slime","floor":5,"turns":4},{"damage":9,"enemies":"3 Sentries","floor":6,"turns":3},{"damage":0,"enemies":"Gremlin Nob","floor":8,"turns":3},{"damage":0,"enemies":"3 Louse","floor":10,"turns":1},{"damage":0,"enemies":"Lagavulin","floor":11,"turns":4},{"damage":12,"enemies":"Lots of Slimes","floor":13,"turns":2},{"damage":12,"enemies":"Exordium Wildlife","floor":14,"turns":2},{"damage":10,"enemies":"Slime Boss","floor":16,"turns":5},{"damage":0,"enemies":"3 Byrds","floor":18,"turns":3},{"damage":29,"enemies":"Shell Parasite","floor":20,"turns":6},{"damage":38,"enemies":"Snake Plant","floor":21,"turns":3},{"damage":8,"enemies":"Snecko","floor":22,"turns":2}],"seed_played":"3724672360826895799","potions_obtained":[{"floor":1,"key":"StancePotion"},{"floor":4,"key":"SkillPotion"},{"floor":6,"key":"SkillPotion"},{"floor":8,"key":"SpeedPotion"},{"floor":10,"key":"ColorlessPotion"},{"floor":16,"key":"Block Potion"},{"floor":20,"key":"DuplicationPotion"},{"floor":21,"key":"EssenceOfSteel"}],"is_trial":false,"path_per_floor":["M","M","$","M","M","E","R","E","T","M","E","R","M","M","R","B",null,"M","?","M","M","M"],"character_chosen":"WATCHER","items_purchased":[],"campfire_rested":0,"item_purchase_floors":[],"current_hp_per_floor":[63,63,63,61,50,41,41,41,41,41,41,41,29,17,17,7,72,72,72,43,5,0,0],"gold":450,"neow_bonus":"ONE_RANDOM_RARE_CARD","is_daily":false,"chose_seed":false,"campfire_upgraded":3,"win_rate":0.0,"timestamp":1613308089,"path_taken":["M","M","$","M","M","E","R","E","T","M","E","R","M","M","R","BOSS","M","?","M","M","M"],"items_purchased_type":[],"build_version":"2020-12-22","purchased_purges":1,"victory":false,"max_hp_per_floor":[72,72,72,72,72,72,72,72,72,72,72,72,72,72,72,72,72,72,72,72,72,72,72],"card_choices":[{"not_picked":["FlyingSleeves","Swivel"],"picked":"FollowUp","floor":1},{"not_picked":["Worship","WaveOfTheHand","JustLucky"],"picked":"SKIP","floor":2},{"not_picked":["Pray","Perseverance"],"picked":"CutThroughFate","floor":4},{"not_picked":["SignatureMove","CrushJoints"],"picked":"BowlingBash","floor":5},{"not_picked":["FlurryOfBlows","Blasphemy"],"picked":"ClearTheMind","floor":6},{"not_picked":["FlurryOfBlows","SandsOfTime"],"picked":"CarveReality","floor":8},{"not_picked":["Sanctity","EmptyBody"],"picked":"Crescendo","floor":10},{"not_picked":["LikeWater+1","BowlingBash"],"picked":"FlyingSleeves","floor":11},{"not_picked":["Protect","Sanctity"],"picked":"EmptyMind","floor":13},{"not_picked":["Crescendo","Vengeance"],"picked":"SignatureMove","floor":14},{"not_picked":["LessonLearned","Brilliance"],"picked":"DevaForm+1","floor":16},{"not_picked":["Collect","Wireheading+1"],"picked":"EmptyFist+1","floor":18},{"not_picked":["ThirdEye","Prostrate"],"picked":"MentalFortress+1","floor":20},{"not_picked":["CrushJoints","WreathOfFlame","BowlingBash"],"picked":"SKIP","floor":21}],"player_experience":83397,"relics_obtained":[{"floor":6,"key":"Frozen Egg 2"},{"floor":8,"key":"PreservedInsect"},{"floor":9,"key":"Potion Belt"},{"floor":11,"key":"Omamori"}],"event_choices":[{"damage_healed":0,"gold_gain":100,"player_choice":"Bet on Murderer","damage_taken":0,"max_hp_gain":0,"max_hp_loss":0,"event_name":"The Joust","floor":19,"gold_loss":50}],"is_beta":false,"boss_relics":[{"not_picked":["Coffee Dripper","Tiny House"],"picked":"HolyWater"}],"items_purged_floors":[3],"is_endless":false,"potions_floor_spawned":[1,4,6,8,10,16,20,21],"killed_by":"Snecko","ascension_level":2}}