{"host":"a5csdf9n4csbv6sp","time":1613297245,"event":{"mods":["BaseMod","Minty Spire (QoL Compilation)","Permanent Neow","Relic Stats"],"gold_per_floor":[112,128,141,11,27,52,52,85,108,118,118,118,118,118,118,211,211,225,4,18,38,38,38,69,69,95,95,95,109,130,164,164,164,164],"floor_reached":33,"language":"ENG","playtime":1686,"items_purged":[],"score":590,"play_id":"841ff626-c686-4c91-9ef7-a8852e97ab24","local_time":"20210214170725","is_ascension_mode":true,"campfire_choices":[{"data":"Sunder","floor":7.0,"key":"SMITH"},{"data":"Static Discharge","floor":11.0,"key":"SMITH"},{"data":"Undo","floor":15.0,"key":"SMITH"},{"floor":23.0,"key":"REST"},{"floor":25.0,"key":"REST"},{"data":"Seek","floor":27.0,"key":"SMITH"},{"floor":32,"key":"REST"}],"circlet_count":0,"master_deck":["AscendersBane","Strike_B","Strike_B","Strike_B","Strike_B","Defend_B","Defend_B","Defend_B","Defend_B","Zap+1","Dualcast","Sunder+1","Undo+1","Static Discharge+1","Glacier","Self Repair","Multi-Cast","FTL","Echo Form","Fusion","Seek+1","Defragment","Coolheaded","Defragment+1","Coolheaded","Coolheaded"],"relics":["Black Star","Centennial Puzzle","Vajra","DataDisk","Dead Branch","Omamori","Golden Idol","MealTicket","Nuclear Battery","InkBottle","Blood Vial","Orichalcum","Enchiridion","Du-Vu Doll","Blue Candle"],"acts_visited":["Exordium","TheCity"],"potions_floor_usage":[],"damage_taken":[{"damage":9.0,"enemies":"Jaw Worm","floor":1.0,"turns":4.0},{"damage":7.0,"enemies":"Small Slimes","floor":2.0,"turns":4.0},{"damage":1.0,"enemies":"Cultist","floor":3.0,"turns":3.0},{"damage":0.0,"enemies":"Blue Slaver","floor":5.0,"turns":7.0},{"damage":11.0,"enemies":"3 Sentries","floor":6.0,"turns":7.0},{"damage":21.0,"enemies":"Lagavulin","floor":8.0,"turns":7.0},{"damage":2.0,"enemies":"3 Louse","floor":10.0,"turns":3.0},{"damage":15.0,"enemies":"The Guardian","floor":16.0,"turns":13.0},{"damage":22.0,"enemies":"2 Thieves","floor":18.0,"turns":4.0},{"damage":2.0,"enemies":"3 Byrds","floor":20.0,"turns":3.0},{"damage":26.0,"enemies":"Shelled Parasite and Fungi","floor":21.0,"turns":7.0},{"damage":53.0,"enemies":"Gremlin Leader","floor":24.0,"turns":7.0},{"damage":0.0,"enemies":"Centurion and Healer","floor":29.0,"turns":6.0},{"damage":3.0,"enemies":"Snake Plant","floor":30.0,"turns":4.0},{"damage":51,"enemies":"Slavers","floor":31,"turns":7},{"damage":31,"enemies":"Automaton","floor":33,"turns":12}],"seed_played":"4301104419092497424","potions_obtained":[{"floor":1.0,"key":"Block Potion"},{"floor":5.0,"key":"Fire Potion"},{"floor":6.0,"key":"Weak Potion"},{"floor":31,"key":"AttackPotion"}],"is_trial":false,"path_per_floor":["M","M","M","$","M","E","R","E","T","M","R","?","?","?","R","B",null,"M","$","M","M","?","R","E","R","T","R","?","M","M","E","R","B"],"character_chosen":"DEFECT","items_purchased":["Glacier","AttackPotion","Seek","Defragment"],"campfire_rested":3,"item_purchase_floors":[4,4,19,19],"current_hp_per_floor":[55,48,47,47,47,43,43,29,29,34,34,34,34,34,34,26,60,45,60,65,46,46,67,21,42,42,42,21,37,50,8,29,0,0],"gold":164,"neow_bonus":"BOSS_RELIC","is_daily":false,"chose_seed":false,"campfire_upgraded":4,"win_rate":0.0,"timestamp":1613297245,"path_taken":["M","M","M","$","M","E","R","E","T","M","R","?","?","?","R","BOSS","M","$","M","?","?","R","E","R","T","R","?","M","M","E","R","BOSS"],"items_purchased_type":["Card","Potion","Card","Card"],"build_version":"2020-12-22","purchased_purges":0,"victory":false,"max_hp_per_floor":[71,71,71,71,71,71,71,71,71,71,71,71,71,71,71,71,71,71,71,71,71,71,71,71,71,71,71,71,71,71,71,71,71,71],"relic_stats":{"Blood Vial":8,"Centennial Puzzle":[30],"counters":[16,98],"Golden Idol":49,"Dead Branch":[22],"Blue Candle":[0],"MealTicket":15,"Black Star":4,"Orichalcum":[24],"obtain_stats":[{"Golden Idol":12,"Dead Branch":8,"Blue Candle":31,"Vajra":6,"Enchiridion":28,"Omamori":9,"Orichalcum":26,"Nuclear Battery":17,"Blood Vial":24,"Du-Vu Doll":31,"Centennial Puzzle":6,"DataDisk":8,"MealTicket":13,"Black Star":0,"Cracked Core":0,"InkBottle":24},{"Golden Idol":7,"Dead Branch":6,"Blue Candle":15,"Vajra":5,"Enchiridion":12,"Omamori":6,"Orichalcum":12,"Nuclear Battery":8,"Blood Vial":12,"Du-Vu Doll":15,"Centennial Puzzle":5,"DataDisk":6,"MealTicket":7,"Black Star":0,"Cracked Core":0,"InkBottle":12},{"Golden Idol":35,"Dead Branch":32,"Blue Candle":86,"Vajra":25,"Enchiridion":69,"Omamori":32,"Orichalcum":69,"Nuclear Battery":48,"Blood Vial":69,"Du-Vu Doll":86,"Centennial Puzzle":25,"DataDisk":32,"MealTicket":35,"Black Star":0,"Cracked Core":0,"InkBottle":69}],"InkBottle":[14]},"card_choices":[{"not_picked":["Recycle","Steam"],"picked":"Sunder","floor":1.0},{"not_picked":["Self Repair","Turbo"],"picked":"Undo","floor":2.0},{"not_picked":["Hologram","Recycle"],"picked":"Static Discharge","floor":3.0},{"not_picked":["Coolheaded","Steam"],"picked":"Self Repair","floor":5.0},{"not_picked":["Stack","Loop"],"picked":"Multi-Cast","floor":6.0},{"not_picked":["Hello World","Melter","Stack"],"picked":"SKIP","floor":8.0},{"not_picked":["Hello World","Melter","Stack"],"picked":"SKIP","floor":8.0},{"not_picked":["Streamline","Stack"],"picked":"FTL","floor":10.0},{"not_picked":["Fission","Hyperbeam"],"picked":"Echo Form","floor":16.0},{"not_picked":["Beam Cell","Cold Snap"],"picked":"Fusion","floor":18.0},{"not_picked":["Self Repair","Redo"],"picked":"Coolheaded","floor":20.0},{"not_picked":["Gash","Reprogram","Force Field"],"picked":"SKIP","floor":21.0},{"not_picked":["Redo","Machine Learning"],"picked":"Defragment+1","floor":24.0},{"not_picked":["Sweeping Beam","Fusion","Rebound"],"picked":"SKIP","floor":29.0},{"not_picked":["Sweeping Beam","Conserve Battery+1"],"picked":"Coolheaded","floor":30.0},{"not_picked":["Go for the Eyes","Hello World"],"picked":"Coolheaded","floor":31}],"player_experience":1886016,"relics_obtained":[{"floor":6.0,"key":"Centennial Puzzle"},{"floor":6.0,"key":"Vajra"},{"floor":8.0,"key":"DataDisk"},{"floor":8.0,"key":"Dead Branch"},{"floor":9.0,"key":"Omamori"},{"floor":24.0,"key":"InkBottle"},{"floor":24.0,"key":"Blood Vial"},{"floor":26.0,"key":"Orichalcum"},{"floor":28.0,"key":"Enchiridion"},{"floor":31,"key":"Du-Vu Doll"},{"floor":31,"key":"Blue Candle"}],"event_choices":[{"damage_healed":0.0,"max_hp_gain":0.0,"max_hp_loss":0.0,"gold_gain":0.0,"event_name":"Golden Idol","player_choice":"Take Wound","floor":12.0,"gold_loss":0.0,"damage_taken":0.0,"relics_obtained":["Golden Idol"],"cards_obtained":["Injury"]},{"damage_healed":0.0,"max_hp_gain":0.0,"max_hp_loss":0.0,"gold_gain":0.0,"event_name":"Big Fish","player_choice":"Box","floor":13.0,"gold_loss":0.0,"damage_taken":0.0,"relics_obtained":["MealTicket"],"cards_obtained":["Regret"]},{"damage_healed":0.0,"max_hp_gain":0.0,"max_hp_loss":0.0,"gold_gain":0.0,"event_name":"Upgrade Shrine","player_choice":"Upgraded","floor":14.0,"gold_loss":0.0,"damage_taken":0.0,"cards_upgraded":["Zap"]},{"damage_healed":0.0,"max_hp_gain":0.0,"max_hp_loss":0.0,"gold_gain":0.0,"event_name":"Vampires","player_choice":"Ignored","floor":22.0,"gold_loss":0.0,"damage_taken":0.0},{"damage_healed":0.0,"max_hp_gain":0.0,"max_hp_loss":0.0,"gold_gain":0.0,"event_name":"Cursed Tome","player_choice":"Obtained Book","floor":28.0,"gold_loss":0.0,"damage_taken":21.0}],"is_beta":false,"boss_relics":[{"not_picked":["Tiny House","Philosopher\u0027s Stone"],"picked":"Nuclear Battery"}],"items_purged_floors":[],"is_endless":false,"potions_floor_spawned":[1,5,6,8,31],"killed_by":"Automaton","ascension_level":20}}