{"host":"1z4hbl9vfqrhg136","time":1613345533,"event":{"mods":["BaseMod","Minty Spire (QoL Compilation)"],"gold_per_floor":[110,128,203,215,24,24,56,56,56,81,116,126,138,138,138,231,231,250,250,265,265,315,315,315],"floor_reached":23,"language":"ENG","playtime":1396,"items_purged":[],"score":448,"play_id":"f6d57709-8173-4437-afa0-7923ae25d3d9","local_time":"20210214233213","is_ascension_mode":true,"campfire_choices":[{"data":"Neutralize","floor":6.0,"key":"SMITH"},{"data":"Burst","floor":8.0,"key":"SMITH"},{"data":"Phantasmal Killer","floor":15.0,"key":"SMITH"}],"circlet_count":0,"master_deck":["AscendersBane","Strike_G+1","Strike_G+1","Strike_G+1","Strike_G+1","Defend_G+1","Defend_G+1","Defend_G+1","Defend_G+1","Survivor","Neutralize+1","Burst+1","Phantasmal Killer+1","Poisoned Stab","Bouncing Flask","Blur","Quick Slash","Blade Dance","Die Die Die","Backstab","Doppelganger","Slice","Footwork"],"relics":["Ring of the Snake","Membership Card","Pantograph","Ornamental Fan","Odd Mushroom","Regal Pillow","Golden Idol","WristBlade"],"acts_visited":["Exordium","TheCity"],"potions_floor_usage":[23],"damage_taken":[{"damage":4.0,"enemies":"Small Slimes","floor":1.0,"turns":4.0},{"damage":2.0,"enemies":"Jaw Worm","floor":2.0,"turns":4.0},{"damage":0.0,"enemies":"2 Louse","floor":4.0,"turns":3.0},{"damage":0.0,"enemies":"Gremlin Nob","floor":7.0,"turns":3.0},{"damage":2.0,"enemies":"The Mushroom Lair","floor":10.0,"turns":3.0},{"damage":11.0,"enemies":"Lagavulin","floor":11.0,"turns":4.0},{"damage":0.0,"enemies":"Looter","floor":12.0,"turns":2.0},{"damage":5.0,"enemies":"3 Louse","floor":13.0,"turns":3.0},{"damage":35.0,"enemies":"Hexaghost","floor":16.0,"turns":10.0},{"damage":4,"enemies":"2 Thieves","floor":18,"turns":4},{"damage":15,"enemies":"Shell Parasite","floor":20,"turns":4},{"damage":33,"enemies":"Gremlin Leader","floor":23,"turns":4}],"seed_played":"-2297288282204236498","potions_obtained":[{"floor":1.0,"key":"DuplicationPotion"},{"floor":4.0,"key":"SkillPotion"},{"floor":12.0,"key":"ColorlessPotion"}],"is_trial":false,"path_per_floor":["M","M","?","M","$","R","E","R","T","?","E","M","M","?","R","B",null,"M","?","M","?","?","E"],"character_chosen":"THE_SILENT","items_purchased":["Membership Card","Quick Slash"],"campfire_rested":0,"item_purchase_floors":[5,5],"current_hp_per_floor":[55,53,42,42,42,42,42,42,42,40,29,29,24,24,24,14,44,40,40,25,25,25,0,0],"gold":315,"neow_bonus":"TRANSFORM_TWO_CARDS","is_daily":false,"chose_seed":false,"campfire_upgraded":3,"win_rate":0.0,"timestamp":1613345533,"path_taken":["M","M","?","M","$","R","E","R","T","?","E","M","M","?","R","BOSS","M","?","M","?","?","E"],"items_purchased_type":["Relic","Card"],"build_version":"2020-12-22","purchased_purges":0,"victory":false,"max_hp_per_floor":[60,60,60,60,60,60,60,60,60,60,60,60,60,54,54,54,54,54,54,54,54,54,54,54],"card_choices":[{"not_picked":["Infinite Blades","Outmaneuver"],"picked":"Poisoned Stab","floor":1.0},{"not_picked":["Prepared","Riddle With Holes"],"picked":"Bouncing Flask","floor":2.0},{"not_picked":["Prepared","Outmaneuver"],"picked":"Blur","floor":4.0},{"not_picked":["Outmaneuver","Choke"],"picked":"Blade Dance","floor":7.0},{"not_picked":["Bane","Choke"],"picked":"Die Die Die","floor":10.0},{"not_picked":["Endless Agony","Quick Slash"],"picked":"Backstab","floor":11.0},{"not_picked":["Distraction","Concentrate","Prepared"],"picked":"SKIP","floor":12.0},{"not_picked":["Sucker Punch","Distraction","Heel Hook"],"picked":"SKIP","floor":13.0},{"not_picked":["Burst","Bullet Time"],"picked":"Doppelganger","floor":16.0},{"not_picked":["All Out Attack","Acrobatics"],"picked":"Slice","floor":18},{"not_picked":["Caltrops","Dagger Throw"],"picked":"Footwork","floor":20}],"player_experience":1951393,"relics_obtained":[{"floor":7.0,"key":"Pantograph"},{"floor":9.0,"key":"Ornamental Fan"},{"floor":10.0,"key":"Odd Mushroom"},{"floor":11.0,"key":"Regal Pillow"}],"event_choices":[{"damage_healed":0.0,"max_hp_gain":0.0,"max_hp_loss":0.0,"gold_gain":75.0,"event_name":"World of Goop","player_choice":"Gather Gold","floor":3.0,"gold_loss":0.0,"damage_taken":11.0},{"damage_healed":0.0,"max_hp_gain":0.0,"max_hp_loss":0.0,"gold_gain":0.0,"event_name":"Mushrooms","player_choice":"Fought Mushrooms","floor":10.0,"gold_loss":0.0,"damage_taken":0.0},{"damage_healed":0.0,"max_hp_gain":0.0,"max_hp_loss":6.0,"gold_gain":0.0,"event_name":"Golden Idol","player_choice":"Lose Max HP","floor":14.0,"gold_loss":0.0,"damage_taken":0.0,"relics_obtained":["Golden Idol"]},{"damage_healed":0,"gold_gain":0,"player_choice":"Simplicity","damage_taken":0,"max_hp_gain":0,"max_hp_loss":0,"event_name":"Back to Basics","floor":19,"gold_loss":0,"cards_upgraded":["Strike_G","Strike_G","Strike_G","Strike_G","Defend_G","Defend_G","Defend_G","Defend_G"]},{"damage_healed":0,"gold_gain":0,"player_choice":"Ignored","damage_taken":0,"max_hp_gain":0,"max_hp_loss":0,"event_name":"Vampires","floor":21,"gold_loss":0},{"damage_healed":0,"gold_gain":50,"player_choice":"Stole From Cult","damage_taken":0,"max_hp_gain":0,"max_hp_loss":0,"event_name":"Nest","floor":22,"gold_loss":0}],"is_beta":false,"boss_relics":[{"not_picked":["Coffee Dripper","Empty Cage"],"picked":"WristBlade"}],"items_purged_floors":[],"is_endless":false,"potions_floor_spawned":[1,4,12],"killed_by":"Gremlin Leader","ascension_level":20}}