{"host":"kh6fvhxn285ncg0o","time":1613320425,"event":{"mods":["Act Like it!","BaseMod","Colored Map","Friendly Minions","Keyboard Shortcuts","Minty Spire (QoL Compilation)","Quick Restart","Relic Stats","StSLib","SuperFastMode","UnlockEverythingMod"],"gold_per_floor":[115,115,139,214,237,281,281,302,302,316,342,355,396,419,419,515,515,534,379,379,379,393,393,421,421,500,534,544,560,300,400,400,475,475,491,508,519,537,537,572,572,572],"floor_reached":41,"language":"KOR","playtime":1769,"items_purged":["Strike_R","Strike_R"],"score":1150,"play_id":"ebb321d4-fe91-4369-a53b-1b820a495e46","local_time":"20210215013345","is_ascension_mode":true,"campfire_choices":[{"data":"Bash","floor":7.0,"key":"SMITH"},{"data":"Armaments","floor":15.0,"key":"SMITH"},{"data":"Offering","floor":23.0,"key":"SMITH"},{"floor":25.0,"key":"REST"},{"floor":32.0,"key":"REST"}],"circlet_count":0,"master_deck":["AscendersBane","Bash+1","Evolve","Clothesline","Shrug It Off","Armaments+1","Disarm","Shockwave","Flame Barrier","Offering+1","Burning Pact","Second Wind","Magnetism","Fiend Fire","Sword Boomerang","Pummel","Brutality","Fire Breathing","Barricade","Feed","Corruption","Feel No Pain"],"relics":["Velvet Choker","Bloody Idol","Toy Ornithopter","HornCleat","Whetstone","Incense Burner","SlaversCollar","Ginger","Sundial","Letter Opener","Smiling Mask","Ice Cream","Blue Candle","Pandora\u0027s Box","MealTicket"],"acts_visited":["Exordium","TheCity","TheBeyond"],"potions_floor_usage":[38],"damage_taken":[{"damage":12.0,"enemies":"2 Louse","floor":1.0,"turns":4.0},{"damage":2.0,"enemies":"Jaw Worm","floor":3.0,"turns":3.0},{"damage":0.0,"enemies":"Cultist","floor":5.0,"turns":3.0},{"damage":10.0,"enemies":"Lagavulin","floor":6.0,"turns":6.0},{"damage":8.0,"enemies":"Lots of Slimes","floor":8.0,"turns":5.0},{"damage":2.0,"enemies":"3 Louse","floor":10.0,"turns":3.0},{"damage":1.0,"enemies":"Large Slime","floor":12.0,"turns":6.0},{"damage":10.0,"enemies":"3 Sentries","floor":13.0,"turns":9.0},{"damage":0.0,"enemies":"Exordium Wildlife","floor":14.0,"turns":3.0},{"damage":3.0,"enemies":"The Guardian","floor":16.0,"turns":14.0},{"damage":1.0,"enemies":"3 Byrds","floor":18.0,"turns":5.0},{"damage":10.0,"enemies":"Spheric Guardian","floor":22.0,"turns":12.0},{"damage":34.0,"enemies":"Book of Stabbing","floor":24.0,"turns":6.0},{"damage":18.0,"enemies":"Slavers","floor":27.0,"turns":7.0},{"damage":11.0,"enemies":"Snecko","floor":28.0,"turns":6.0},{"damage":10.0,"enemies":"Shelled Parasite and Fungi","floor":29.0,"turns":12.0},{"damage":8.0,"enemies":"Colosseum Slavers","floor":31.0,"turns":6.0},{"damage":4.0,"enemies":"Colosseum Nobs","floor":31.0,"turns":6.0},{"damage":6.0,"enemies":"Champ","floor":33.0,"turns":11.0},{"damage":6.0,"enemies":"3 Shapes","floor":35.0,"turns":7.0},{"damage":1.0,"enemies":"Orb Walker","floor":36.0,"turns":5.0},{"damage":24.0,"enemies":"3 Darklings","floor":37.0,"turns":8.0},{"damage":12,"enemies":"Sphere and 2 Shapes","floor":38,"turns":11},{"damage":0,"enemies":"Nemesis","floor":40,"turns":13},{"damage":66,"enemies":"Transient","floor":41,"turns":4}],"seed_played":"-690343672104405224","potions_obtained":[{"floor":1.0,"key":"EssenceOfSteel"},{"floor":3.0,"key":"Fire Potion"},{"floor":14.0,"key":"Regen Potion"},{"floor":16.0,"key":"SpeedPotion"},{"floor":27.0,"key":"SpeedPotion"},{"floor":31.0,"key":"PowerPotion"},{"floor":33.0,"key":"Explosive Potion"},{"floor":35.0,"key":"CultistPotion"}],"is_trial":false,"path_per_floor":["M","?","M","?","M","E","R","M","T","M","T","M","E","M","R","B",null,"M","$","T","?","M","R","E","R","T","E","M","M","$","?","R","B",null,"M","M","M","M","?","E","M"],"character_chosen":"IRONCLAD","items_purchased":["Burning Pact","Magnetism"],"campfire_rested":2,"item_purchase_floors":[19,30],"current_hp_per_floor":[56,56,54,43,43,33,33,25,25,23,23,22,12,12,12,9,53,68,68,68,68,63,63,34,54,59,46,40,35,35,28,48,52,64,66,74,59,61,51,56,0,0],"gold":572,"neow_bonus":"BOSS_RELIC","is_daily":false,"chose_seed":false,"campfire_upgraded":3,"win_rate":0.0,"timestamp":1613320425,"path_taken":["M","?","M","?","M","E","R","M","T","M","?","?","E","M","R","BOSS","M","$","?","?","M","R","E","R","T","E","M","M","$","?","R","BOSS","M","M","M","M","?","E","M"],"items_purchased_type":["Card","Card"],"build_version":"2020-12-22","purchased_purges":2,"victory":false,"max_hp_per_floor":[75,68,68,68,68,68,68,68,68,68,68,68,68,68,68,68,68,68,68,68,68,68,68,68,68,68,68,68,68,68,68,68,68,68,71,75,79,83,83,83,83,83],"relic_stats":{"counters":[25,175],"Sundial":[44],"Bloody Idol":65,"Blue Candle":[0],"Pandora\u0027s Box":["Sword Boomerang","Pummel","Brutality","Fire Breathing","Barricade","Feed","Corruption"],"MealTicket":0,"Whetstone":["Strike_R","Strike_R"],"Ginger":[20],"Letter Opener":[234],"Smiling Mask":50,"obtain_stats":[{"Ice Cream":31,"Golden Idol":2,"Blue Candle":31,"Velvet Choker":0,"Incense Burner":13,"Whetstone":11,"Ginger":20,"Letter Opener":26,"Smiling Mask":27,"Burning Blood":0,"SlaversCollar":17,"HornCleat":9,"Sundial":24,"Bloody Idol":21,"Pandora\u0027s Box":34,"MealTicket":40,"Toy Ornithopter":6},{"Ice Cream":18,"Golden Idol":1,"Blue Candle":18,"Velvet Choker":0,"Incense Burner":8,"Whetstone":6,"Ginger":11,"Letter Opener":13,"Smiling Mask":14,"Burning Blood":0,"SlaversCollar":10,"HornCleat":5,"Sundial":13,"Bloody Idol":11,"Pandora\u0027s Box":19,"MealTicket":24,"Toy Ornithopter":4},{"Ice Cream":116,"Golden Idol":4,"Blue Candle":116,"Velvet Choker":0,"Incense Burner":39,"Whetstone":24,"Ginger":61,"Letter Opener":79,"Smiling Mask":86,"Burning Blood":0,"SlaversCollar":56,"HornCleat":21,"Sundial":79,"Bloody Idol":61,"Pandora\u0027s Box":127,"MealTicket":171,"Toy Ornithopter":16}],"Toy Ornithopter":15},"card_choices":[{"not_picked":["Sword Boomerang","Havoc"],"picked":"Evolve","floor":1.0},{"not_picked":["Seeing Red","Perfected Strike"],"picked":"Clothesline","floor":3.0},{"not_picked":["Inflame","Anger"],"picked":"Shrug It Off","floor":5.0},{"not_picked":["Brutality","Cleave"],"picked":"Armaments","floor":8.0},{"not_picked":["Cleave","Iron Wave"],"picked":"Disarm","floor":10.0},{"not_picked":["Body Slam","Pommel Strike"],"picked":"Shockwave","floor":12.0},{"not_picked":["True Grit","Dual Wield"],"picked":"Flame Barrier","floor":14.0},{"not_picked":["Reaper","Berserk"],"picked":"Offering","floor":16.0},{"not_picked":["Iron Wave","Twin Strike","Wild Strike"],"picked":"SKIP","floor":18.0},{"not_picked":["Wild Strike+1","Pommel Strike"],"picked":"Second Wind","floor":22.0},{"not_picked":["Perfected Strike","Twin Strike","Iron Wave+1"],"picked":"SKIP","floor":24.0},{"not_picked":["Dual Wield","Ghostly Armor+1","Sword Boomerang"],"picked":"SKIP","floor":27.0},{"not_picked":["Perfected Strike+1","Dropkick","Shockwave"],"picked":"SKIP","floor":28.0},{"not_picked":["Havoc","Whirlwind","Offering"],"picked":"SKIP","floor":29.0},{"not_picked":["Demon Form","Brutality"],"picked":"Fiend Fire","floor":33.0},{"not_picked":["Twin Strike","Headbutt","Carnage"],"picked":"SKIP","floor":35.0},{"not_picked":["Wild Strike","Headbutt","Metallicize"],"picked":"SKIP","floor":36.0},{"not_picked":["Armaments+1","Sword Boomerang+1"],"picked":"Feel No Pain","floor":37.0},{"not_picked":["Blood for Blood","Fiend Fire","Thunderclap+1"],"picked":"SKIP","floor":38},{"not_picked":["Wild Strike","Headbutt","Perfected Strike+1"],"picked":"SKIP","floor":40}],"player_experience":1406406,"relics_obtained":[{"floor":6.0,"key":"Toy Ornithopter"},{"floor":9.0,"key":"HornCleat"},{"floor":11.0,"key":"Whetstone"},{"floor":13.0,"key":"Incense Burner"},{"floor":20.0,"key":"Ginger"},{"floor":24.0,"key":"Sundial"},{"floor":26.0,"key":"Letter Opener"},{"floor":27.0,"key":"Smiling Mask"},{"floor":31.0,"key":"Ice Cream"},{"floor":31.0,"key":"Blue Candle"},{"floor":40,"key":"MealTicket"}],"event_choices":[{"damage_healed":0.0,"max_hp_gain":0.0,"max_hp_loss":7.0,"gold_gain":0.0,"event_name":"Golden Idol","player_choice":"Lose Max HP","floor":2.0,"gold_loss":0.0,"damage_taken":0.0,"relics_obtained":["Golden Idol"]},{"damage_healed":0.0,"max_hp_gain":0.0,"max_hp_loss":0.0,"gold_gain":75.0,"event_name":"World of Goop","player_choice":"Gather Gold","floor":4.0,"gold_loss":0.0,"damage_taken":11.0},{"damage_healed":0.0,"max_hp_gain":0.0,"max_hp_loss":0.0,"gold_gain":0.0,"event_name":"Forgotten Altar","player_choice":"Gave Idol","floor":21.0,"relics_lost":["Golden Idol"],"gold_loss":0.0,"damage_taken":0.0,"relics_obtained":["Bloody Idol"]},{"damage_healed":0.0,"max_hp_gain":0.0,"max_hp_loss":0.0,"gold_gain":0.0,"event_name":"Colosseum","player_choice":"Fight","floor":31.0,"gold_loss":0.0,"damage_taken":0.0},{"damage_healed":0.0,"max_hp_gain":0.0,"max_hp_loss":0.0,"gold_gain":0.0,"event_name":"Colosseum","player_choice":"Fought Nobs","floor":31.0,"gold_loss":0.0,"damage_taken":0.0},{"damage_healed":0,"gold_gain":0,"player_choice":"Memory 3","damage_taken":10,"max_hp_gain":0,"max_hp_loss":0,"event_name":"SensoryStone","floor":39,"gold_loss":0}],"is_beta":false,"boss_relics":[{"not_picked":["Runic Dome","Ectoplasm"],"picked":"SlaversCollar"},{"not_picked":["Busted Crown","Astrolabe"],"picked":"Pandora\u0027s Box"}],"items_purged_floors":[19,30],"is_endless":false,"potions_floor_spawned":[1,3,14,16,27,31,31,33,35,37],"killed_by":"Transient","ascension_level":20}}