{"host":"hl3ams4am2ku5u4p","time":1613306332,"event":{"mods":["AchievementEnabler","Act Like it!","Aspiration","BaseMod","Beaked The Cultist","BetterRewards","CatGirl Mod","Colored Map","Colored Powertips","Conspire","Downfall","Energized Spire","Halation","Hallownest","HornydragonMod","Hubris","Infinite Spire","Mad Scientist","Magitek Elite","Minty Spire (QoL Compilation)","READ ME - Guardian Mod","Replay The Spire","Spikes Relics","StSLib","SuperFastMode","The Blackbeard","The Bug Knight","The Construct","The Disciple","The Jungle","The Mystic","The Necromancer","The Senshi"],"gold_per_floor":[111,111,125,135,135,135,135,135,135,166,166,166,66,121,121,224,224,241,241,241,241,253,253,267,367,393,405,405,405,34,44,44,145,145,159,159,159,159,159,159,175,175,245,245,255,255,255,266,266,266,266],"floor_reached":50,"language":"FRA","playtime":1785,"items_purged":["Strike_R","Strike_R"],"score":786,"play_id":"7880a2a7-8a6a-4c2d-b5d2-471b12d3e76e","local_time":"20210214133852","is_ascension_mode":true,"campfire_choices":[{"data":"Searing Blow","floor":6,"key":"SMITH"},{"floor":8,"key":"REST"},{"data":"Searing Blow+1","floor":11,"key":"SMITH"},{"data":"Searing Blow+2","floor":15,"key":"SMITH"},{"data":"Searing Blow+3","floor":23,"key":"SMITH"},{"floor":28,"key":"REST"},{"data":"Searing Blow+5","floor":32,"key":"SMITH"},{"data":"Searing Blow+6","floor":40,"key":"SMITH"},{"floor":42,"key":"REST"},{"data":"Searing Blow+7","floor":46,"key":"SMITH"},{"floor":49,"key":"REST"}],"circlet_count":0,"master_deck":["Strike_R+1","Strike_R+1","Defend_R+1","Defend_R+1","Defend_R+1","Defend_R+1","Bash","Metallicize+1","conspire:Charge","Searing Blow+8","Ghostly Armor+1","Uppercut","conspire:Charge","Cleave","Offering","Body Slam+1","Madness+1"],"relics":["Burning Blood","RoseTintedShades","White Beast Statue","hubris:Towel","halation:VictoryRuler","infinitespire:Beetle Shell","HollowMod:PaleOreRelic","Lee\u0027s Waffle","hubris:RunicObelisk","halation:PinkSoulGem","War Paint","hubris:ToyBattleship","infinitespire:BottledMercury"],"acts_visited":["Exordium","TheCity","TheBeyond"],"potions_floor_usage":[14,18,24,33,33,50,50,50],"damage_taken":[{"damage":5,"enemies":"Small Slimes","floor":1,"turns":5},{"damage":0,"enemies":"Cultist","floor":3,"turns":3},{"damage":5,"enemies":"2 Louse","floor":4,"turns":3},{"damage":15,"enemies":"Lagavulin","floor":10,"turns":8},{"damage":19,"enemies":"Lagavulin Event","floor":14,"turns":5},{"damage":33,"enemies":"Fading Forest","floor":16,"turns":11},{"damage":16,"enemies":"Shell Parasite","floor":18,"turns":5},{"damage":6,"enemies":"Chosen","floor":22,"turns":4},{"damage":17,"enemies":"Sentry and Sphere","floor":24,"turns":6},{"damage":15,"enemies":"Shelled Parasite and Fungi","floor":27,"turns":9},{"damage":11,"enemies":"Snake Plant","floor":31,"turns":3},{"damage":42,"enemies":"Automaton","floor":33,"turns":10},{"damage":13,"enemies":"3 Shapes","floor":35,"turns":5},{"damage":24,"enemies":"3 Darklings","floor":41,"turns":4},{"damage":6,"enemies":"4 Shapes","floor":45,"turns":4},{"damage":17,"enemies":"Jaw Worm Horde","floor":48,"turns":3},{"damage":98,"enemies":"hubris:GrandSnecko","floor":50,"turns":17}],"seed_played":"-7789603846203269178","potions_obtained":[{"floor":4,"key":"Ancient Potion"},{"floor":10,"key":"Energy Potion"},{"floor":14,"key":"BloodPotion"},{"floor":16,"key":"Dexterity Potion"},{"floor":18,"key":"Slimebound:ThreeZeroPotion"},{"floor":22,"key":"Energy Potion"},{"floor":24,"key":"Dexterity Potion"},{"floor":33,"key":"Strength Potion"},{"floor":35,"key":"PowerPotion"},{"floor":44,"key":"Cursed Concoction"}],"is_trial":false,"path_per_floor":["M","?","M","M","?","R","?","R","T","E","R","?","$","?","R","B",null,"M","?","?","?","M","R","M","?","T","M","R","?","$","M","R","B",null,"M","$","?","$","AVR","R","M","R","T","?","M","R","?","M","R","B"],"character_chosen":"IRONCLAD","items_purchased":["Metallicize","RoseTintedShades","conspire:Charge","HollowMod:PaleOreRelic","Lee\u0027s Waffle","Madness","War Paint"],"campfire_rested":4,"item_purchase_floors":[0,0,0,30,30,30,38],"current_hp_per_floor":[65,65,71,72,72,72,56,80,80,71,71,71,71,58,58,39,70,76,61,61,61,61,61,50,50,50,41,66,66,92,87,87,51,82,75,75,75,65,65,65,47,74,74,74,74,74,74,63,90,0,0],"gold":266,"neow_bonus":"","is_daily":false,"chose_seed":false,"campfire_upgraded":7,"win_rate":0.0,"timestamp":1613306332,"path_taken":["M","?","M","?","?","R","?","R","T","E","R","?","$","?","R","BOSS","M","?","?","?","M","R","M","?","T","?","R","?","$","M","R","BOSS","M","?","?","?","AVR","R","M","R","T","?","?","R","?","M","R","BOSS"],"items_purchased_type":["Card","Relic","Card","Relic","Relic","Card","Relic"],"build_version":"2020-12-22","purchased_purges":2,"victory":false,"max_hp_per_floor":[80,80,80,80,80,80,80,80,80,80,80,80,80,80,80,80,80,80,85,85,85,85,85,85,85,85,85,85,85,92,92,92,92,92,92,92,92,92,92,92,92,92,92,92,92,92,92,92,92,92,92],"card_choices":[{"not_picked":["Heavy Blade","Warcry"],"picked":"Searing Blow","floor":1},{"not_picked":["Run Through","Replay:Undeath\u0027s Touch"],"picked":"Ghostly Armor","floor":3},{"not_picked":["Anger","Sword Boomerang"],"picked":"Uppercut","floor":4},{"not_picked":["Run Through","Clash"],"picked":"conspire:Charge","floor":10},{"not_picked":["Anger","Thunderclap"],"picked":"Cleave","floor":14},{"not_picked":["hubris:StunningStrike","Berserk"],"picked":"Offering","floor":16},{"not_picked":["Fire Breathing","True Grit","Replay:Undeath\u0027s Touch"],"picked":"SKIP","floor":18},{"not_picked":["Armaments","hubris:CleavingFinish+1","Immolate"],"picked":"SKIP","floor":22},{"not_picked":["Intimidate","Power Through+1","Fire Breathing"],"picked":"SKIP","floor":24},{"not_picked":["Life Link","Replay:Undeath\u0027s Touch"],"picked":"Body Slam+1","floor":27},{"not_picked":["Thunderclap","Twin Strike","Havoc+1"],"picked":"SKIP","floor":31},{"not_picked":["Cleave","conspire:Purge","hubris:CleavingFinish"],"picked":"SKIP","floor":35},{"not_picked":["Warcry+1","Twin Strike+1","Perfected Strike+1"],"picked":"SKIP","floor":41},{"not_picked":["Ghostly Armor+1","ReplayReversal","Second Wind+1"],"picked":"SKIP","floor":45},{"not_picked":["conspire:ExplosiveBarrier+1","Sword Boomerang","Wild Strike+1"],"picked":"SKIP","floor":48}],"player_experience":77930,"relics_obtained":[{"floor":10,"key":"White Beast Statue"},{"floor":14,"key":"halation:VictoryRuler"},{"floor":26,"key":"infinitespire:Beetle Shell"},{"floor":43,"key":"infinitespire:BottledMercury"}],"event_choices":[{"cards_removed":["Strike_R"],"damage_healed":0,"gold_gain":0,"player_choice":"Offered Basic","damage_taken":0,"max_hp_gain":0,"max_hp_loss":0,"event_name":"Bonfire Elementals","floor":2,"gold_loss":0},{"damage_healed":0,"gold_gain":0,"player_choice":"Entered Light","damage_taken":16,"max_hp_gain":0,"max_hp_loss":0,"event_name":"Shining Light","floor":7,"gold_loss":0,"cards_upgraded":["Strike_R","Metallicize"]},{"damage_healed":0,"gold_gain":0,"player_choice":"Searched \u00271\u0027 times","damage_taken":0,"max_hp_gain":0,"max_hp_loss":0,"event_name":"Dead Adventurer","floor":14,"gold_loss":0},{"damage_healed":0,"gold_gain":0,"player_choice":"Shed Blood","damage_taken":20,"max_hp_gain":5,"max_hp_loss":0,"event_name":"Forgotten Altar","floor":19,"gold_loss":0},{"damage_healed":0,"gold_gain":0,"player_choice":"Simplicity","damage_taken":0,"max_hp_gain":0,"max_hp_loss":0,"event_name":"Back to Basics","floor":20,"gold_loss":0,"cards_upgraded":["Strike_R","Defend_R","Defend_R","Defend_R","Defend_R"]},{"damage_healed":0,"gold_gain":0,"player_choice":"Ignored","damage_taken":0,"max_hp_gain":0,"max_hp_loss":0,"event_name":"Vampires","floor":21,"gold_loss":0},{"damage_healed":0,"gold_gain":100,"player_choice":"Pray","damage_taken":0,"max_hp_gain":0,"max_hp_loss":0,"event_name":"Golden Shrine","floor":25,"gold_loss":0},{"damage_healed":0,"gold_gain":0,"player_choice":"Upgraded","damage_taken":0,"max_hp_gain":0,"max_hp_loss":0,"event_name":"Upgrade Shrine","floor":29,"gold_loss":0,"cards_upgraded":["Searing Blow"]},{"damage_healed":0,"gold_gain":0,"player_choice":"Got Potions","damage_taken":0,"max_hp_gain":0,"max_hp_loss":0,"event_name":"Lab","floor":44,"gold_loss":0}],"is_beta":false,"boss_relics":[{"not_picked":["Replay:Bronze Core","energizedSpire:CursedPentagram","Replay:Drink Me"]},{"not_picked":["hubris:GrandSneckoEye","energizedSpire:DecayingSkull"],"picked":"hubris:RunicObelisk"}],"items_purged_floors":[0,13],"is_endless":false,"potions_floor_spawned":[4,10,14,16,18,22,24,27,31,33,35,41,45,48],"killed_by":"hubris:GrandSnecko","ascension_level":5}}