{"host":"tw3mxtnj9l5ilrkg","time":1613322514,"event":{"mods":["2.2 Compatiblity","BaseMod","Better Third Choice","Colored Map","Downfall","Hermit","Highlight Path","Jorbs\u0027s Wanderer Trilogy","Minty Spire (QoL Compilation)","Rare Cards Sparkle","StSLib","SuperFastMode"],"gold_per_floor":[113,38,56,56,10,41,2,2,2,2,40,40,53,79,79,191,191,215,198,35,35,35,35,67,67,67,87,87,107,130,130,130],"floor_reached":31,"language":"ENG","playtime":1635,"items_purged":["Strike_P","Strike_P"],"score":302,"play_id":"198ef43f-6f9b-4bc2-88ac-a7ec1e9f7d6c","local_time":"20210214110834","is_ascension_mode":true,"campfire_choices":[{"floor":10,"key":"REST"},{"floor":15,"key":"REST"},{"floor":23,"key":"REST"},{"data":"Eruption","floor":25,"key":"SMITH"}],"circlet_count":0,"master_deck":["Strike_P+1","Strike_P","Defend_P","Defend_P","Defend_P","Defend_P","Eruption+1","Vigilance","CutThroughFate","FlurryOfBlows+1","FollowUp","Weave","Evaluate+1","EmptyMind","Brilliance","Consecrate","Wallop","ForeignInfluence","Wireheading"],"relics":["SlaversCollar","Juzu Bracelet","Kunai","CeramicFish","Sozu","Dream Catcher","Whetstone"],"acts_visited":["Exordium","TheCity"],"potions_floor_usage":[6,16],"damage_taken":[{"damage":0,"enemies":"2 Louse","floor":1,"turns":4},{"damage":20,"enemies":"Jaw Worm","floor":3,"turns":4},{"damage":0,"enemies":"Gremlin Nob","floor":6,"turns":2},{"damage":14,"enemies":"3 Sentries","floor":11,"turns":11},{"damage":0,"enemies":"Cultist","floor":13,"turns":3},{"damage":5,"enemies":"Exordium Wildlife","floor":14,"turns":3},{"damage":10,"enemies":"The Guardian","floor":16,"turns":10},{"damage":0,"enemies":"Chosen","floor":18,"turns":5},{"damage":21,"enemies":"2 Thieves","floor":19,"turns":4},{"damage":21,"enemies":"Slavers","floor":24,"turns":6},{"damage":20,"enemies":"Snake Plant","floor":27,"turns":7},{"damage":11,"enemies":"Centurion and Healer","floor":29,"turns":8},{"damage":4,"enemies":"Snecko","floor":30,"turns":7},{"damage":17,"enemies":"3 Cultists","floor":31,"turns":4}],"seed_played":"-4141943784521592401","potions_obtained":[{"floor":1,"key":"GamblersBrew"},{"floor":13,"key":"PowerPotion"},{"floor":16,"key":"PowerPotion"}],"is_trial":false,"path_per_floor":["M","$","M","?","$","E","?","$","T","R","E","?","M","M","R","B",null,"M","M","$","?","?","R","E","R","T","M","?","M","M","M"],"character_chosen":"WATCHER","items_purchased":["FollowUp","Wallop"],"campfire_rested":3,"item_purchase_floors":[5,20],"current_hp_per_floor":[72,72,52,52,52,52,52,52,52,72,58,58,58,53,72,62,72,72,51,51,51,51,72,51,51,51,31,31,20,16,0,0],"gold":130,"neow_bonus":"BOSS_RELIC","is_daily":false,"chose_seed":false,"campfire_upgraded":1,"win_rate":0.0,"timestamp":1613322514,"path_taken":["M","$","M","?","?","E","?","$","T","R","E","?","M","M","R","BOSS","M","M","$","?","?","R","E","R","T","M","?","M","M","M"],"items_purchased_type":["Card","Card"],"build_version":"2020-12-22","purchased_purges":2,"victory":false,"max_hp_per_floor":[72,72,72,72,72,72,72,72,72,72,72,72,72,72,72,72,72,72,72,72,72,72,72,72,72,72,72,72,72,72,72,72],"card_choices":[{"not_picked":["WindmillStrike","PathToVictory"],"picked":"CutThroughFate","floor":1},{"not_picked":["Adaptation","Crescendo"],"picked":"FlurryOfBlows","floor":3},{"not_picked":["CutThroughFate","Protect"],"picked":"Weave","floor":6},{"not_picked":["WreathOfFlame","Halt"],"picked":"Evaluate","floor":11},{"not_picked":["Perseverance","ClearTheMind","SignatureMove"],"picked":"SKIP","floor":13},{"not_picked":["BattleHymn","SpiritShield"],"picked":"EmptyMind","floor":14},{"not_picked":["Alpha","DevaForm"],"picked":"Brilliance","floor":16},{"not_picked":["WheelKick","Crescendo"],"picked":"Consecrate","floor":18},{"not_picked":["PathToVictory","JustLucky+1","SandsOfTime"],"picked":"SKIP","floor":19},{"not_picked":["MasterReality","Collect","Ragnarok"],"picked":"SKIP","floor":24},{"not_picked":["Protect","EmptyFist"],"picked":"ForeignInfluence","floor":27},{"not_picked":["SignatureMove","Crescendo+1","PathToVictory"],"picked":"SKIP","floor":29},{"not_picked":["SandsOfTime","DeceiveReality"],"picked":"Wireheading","floor":30}],"player_experience":296623,"relics_obtained":[{"floor":6,"key":"Juzu Bracelet"},{"floor":9,"key":"Kunai"},{"floor":11,"key":"CeramicFish"},{"floor":24,"key":"Dream Catcher"},{"floor":26,"key":"Whetstone"}],"event_choices":[{"damage_healed":0,"gold_gain":0,"player_choice":"LEAVE","damage_taken":0,"max_hp_gain":0,"max_hp_loss":0,"event_name":"betterThird:BetterScrap","floor":4,"gold_loss":0,"cards_obtained":["Reaper"]},{"damage_healed":0,"gold_gain":0,"player_choice":"Left","damage_taken":0,"max_hp_gain":0,"max_hp_loss":0,"event_name":"betterThird:BetterGoop","floor":7,"gold_loss":39},{"damage_healed":0,"gold_gain":0,"player_choice":"Forge","damage_taken":0,"max_hp_gain":0,"max_hp_loss":0,"event_name":"Accursed Blacksmith","floor":12,"gold_loss":0,"cards_upgraded":["Evaluate"]},{"damage_healed":0,"gold_gain":0,"player_choice":"Ignored","damage_taken":0,"max_hp_gain":0,"max_hp_loss":0,"event_name":"Cursed Tome","floor":21,"gold_loss":0},{"damage_healed":0,"gold_gain":0,"player_choice":"Ignored","damage_taken":0,"max_hp_gain":0,"max_hp_loss":0,"event_name":"NoteForYourself","floor":22,"gold_loss":0}],"is_beta":false,"boss_relics":[{"not_picked":["Philosopher\u0027s Stone","Snecko Eye"],"picked":"Sozu"}],"items_purged_floors":[2,20],"is_endless":false,"potions_floor_spawned":[1,13,16,18,30],"killed_by":"3 Cultists","ascension_level":1}}