{"host":"ywa7jah0kefkv8nt","time":1613276800,"event":{"mods":["ATMod(°¢èªMod)","Act Like it!","Arknights","BaseMod","Better Note","Better Third Choice","Minty Spire (QoL Compilation)","MostiFishMod","Reliquary","Replay The Spire","Spicy Shops","StSLib","¡¾ÒÅÎï¿¨ÅÆ¡¿REMEMod","²ÐÁôÖ®Îï"],"gold_per_floor":[110,185,185,199,216,241,241,264,291,318,331,346,357,375,375,453,453,464,231,231,245,263,289,289,321,348,348,160,160,227,32,32,107,107,118,118,118,68,143,190,53,67,147,176,196,211,236,261,261,261,261,261,261,72,101,101],"floor_reached":57,"language":"ZHS","playtime":2529,"items_purged":["Strike_B","ReplayTheSpireMod:Restless Dread","Injury","AT_ThreeBodyProblem"],"score":2876,"play_id":"bf04473b-3d8d-47c4-90c6-47b4887cc7ab","local_time":"20210213222640","is_ascension_mode":true,"campfire_choices":[{"data":"AT_EMC2","floor":7,"key":"SMITH"},{"data":"ReplayTheSpireMod:Fabricate Wheel","floor":15,"key":"SMITH"},{"floor":32,"key":"RECALL"},{"data":"Defend_B+1","floor":49,"key":"PURGE"},{"data":"AT_StudyProgram","floor":53,"key":"SMITH"}],"circlet_count":0,"master_deck":["AscendersBane","Strike_B+1","Strike_B+1","Strike_B+1","Defend_B+1","Defend_B+1","Zap","Dualcast+1","Escape Plan","AT_EMC2+1","Double Energy","AT_HeatAcrobatics","Hologram","Steam Power","Capacitor","MostiFishMod:IntelligentEquipment+1","Seek+1","Compile Driver+1","AT_HeatAcrobatics+1","REME_Whirling+1","AT_RightCognition","MostiFishMod:Kaleido","AT_StudyProgram+1","AT_StudyProgram","MostiFishMod:Overload","REME_Whirling","MostiFishMod:ReprogramOld+1","All For One"],"relics":["Cracked Core","AT_ATBox","REME_ComplimentaryCards","DaveBox","NeowsBlessing","Civilization","SynthV:TestCard","Replay:Rubber Ducky","Odd Mushroom","Replay:Baseball","ReplayTheSpireMod:TigerMarble","Prayer Wheel","SlaversCollar","Guide Book","Incense Burner","AT_ImmortalShieldbow","White Beast Statue","MutagenicStrength","ReplayTheSpireMod:CursedCoin","Membership Card","DollysMirror","AT_TrinityForce","MawBank","War Paint","Replay:Mystery Machine","Bottled Tornado","Ginger","AT_EbonyIvory","Anchor","BargainBundle","AT_SpeedBoots","StoneCalendar"],"acts_visited":["Exordium","TheCity","TheBeyond","TheEnding"],"potions_floor_usage":[6,10,16],"damage_taken":[{"damage":0,"enemies":"Small Slimes","floor":1,"turns":1},{"damage":0,"enemies":"Cultist","floor":4,"turns":1},{"damage":1,"enemies":"2 Louse","floor":5,"turns":2},{"damage":2,"enemies":"3 Sentries","floor":6,"turns":5},{"damage":5,"enemies":"The Mushroom Lair","floor":8,"turns":3},{"damage":6,"enemies":"Lagavulin","floor":10,"turns":4},{"damage":0,"enemies":"Looter","floor":11,"turns":1},{"damage":6,"enemies":"Red Slaver","floor":12,"turns":3},{"damage":11,"enemies":"3 Louse","floor":13,"turns":2},{"damage":0,"enemies":"Blue Slaver","floor":14,"turns":1},{"damage":17,"enemies":"Fading Forest","floor":16,"turns":13},{"damage":9,"enemies":"Shell Parasite","floor":18,"turns":3},{"damage":7,"enemies":"2 Thieves","floor":21,"turns":3},{"damage":27,"enemies":"Sentry and Sphere","floor":22,"turns":5},{"damage":0,"enemies":"REME_1_Revenger","floor":23,"turns":4},{"damage":19,"enemies":"Slavers","floor":25,"turns":5},{"damage":0,"enemies":"Collector","floor":33,"turns":2},{"damage":0,"enemies":"3 Shapes","floor":35,"turns":2},{"damage":0,"enemies":"R_Hoarder","floor":40,"turns":2},{"damage":0,"enemies":"3 Darklings","floor":42,"turns":1},{"damage":55,"enemies":"Nemesis","floor":44,"turns":3},{"damage":0,"enemies":"Maw","floor":45,"turns":1},{"damage":5,"enemies":"4 Shapes","floor":46,"turns":2},{"damage":0,"enemies":"R_Hoarder","floor":48,"turns":4},{"damage":2,"enemies":"Time Eater","floor":50,"turns":2},{"damage":14,"enemies":"Replay:Hell Engine","floor":51,"turns":3},{"damage":0,"enemies":"Shield and Spear","floor":55,"turns":1},{"damage":0,"enemies":"The Heart","floor":56,"turns":4}],"seed_played":"6711115327629066650","potions_obtained":[{"floor":4,"key":"Weak Potion"},{"floor":5,"key":"PowerPotion"},{"floor":10,"key":"Doom Potion"},{"floor":12,"key":"Energy Potion"},{"floor":18,"key":"SteroidPotion"}],"is_trial":false,"path_per_floor":["M","?","?","M","M","E","R","?","T","E","M","M","M","M","R","B",null,"M","$","?","M","M","E","?","E","T","T","$","?","$","$","R","B",null,"M","?","?","$","?","E","$","M","T","E","M","M","T","E","R","B","B",null,"R","$","E","B",null],"character_chosen":"DEFECT","items_purchased":["Guide Book","MostiFishMod:Kaleido","AT_StudyProgram","ReplayTheSpireMod:CursedCoin","Membership Card","DollysMirror","Replay:Mystery Machine","BargainBundle","AT_SpeedBoots"],"campfire_rested":0,"item_purchase_floors":[19,28,30,30,31,31,41,54,54],"current_hp_per_floor":[66,55,55,58,62,65,65,65,65,64,69,68,62,67,67,55,105,101,101,94,92,70,75,75,61,61,61,61,61,61,61,61,66,130,135,135,135,135,76,81,81,86,86,121,126,126,126,135,135,138,129,173,173,173,178,183],"gold":101,"neow_bonus":"THREE_ENEMY_KILL","is_daily":false,"chose_seed":false,"campfire_upgraded":3,"win_rate":0.0,"timestamp":1613276800,"path_taken":["M","?","?","?","M","E","R","?","T","E","M","M","M","M","R","BOSS","M","$","?","?","M","E","?","E","T","?","$","?","?","$","R","BOSS","M","?","?","$","?","E","$","?","T","E","M","M","?","E","R","BOSS","BOSS","R","$","E","BOSS"],"items_purchased_type":["Relic","Card","Card","Relic","Relic","Relic","Relic","Relic","Relic"],"build_version":"2020-12-22","purchased_purges":4,"victory":true,"max_hp_per_floor":[73,73,73,76,81,86,86,91,91,96,101,106,111,116,116,121,121,126,126,126,131,136,141,141,146,146,146,146,146,146,146,146,151,151,156,156,148,148,148,153,153,158,158,163,168,173,173,178,178,183,188,188,188,188,193,198],"card_choices":[{"not_picked":["Hologram","AT_HeatAcrobatics"],"picked":"Double Energy","floor":1},{"not_picked":["ReplayTheSpireMod:GoodbyeWorld","BasicCrystalCard","Glacier","Steam"],"picked":"AT_ThreeBodyProblem","floor":4},{"not_picked":["AT_HeatAcrobatics","Rebound","Coolheaded","MostiFishMod:PushDownKick"],"picked":"Hologram","floor":5},{"not_picked":["Ball Lightning","Rebound","Chaos","BasicCrystalCard","Cold Snap"],"picked":"SKIP","floor":6},{"not_picked":["Conserve Battery","Hello World","MostiFishMod:Exploitation","Go for the Eyes"],"picked":"Steam Power","floor":8},{"not_picked":["Machine Learning","AT_HeatAcrobatics","Beam Cell","Turbo"],"picked":"ReplayTheSpireMod:Fabricate Wheel","floor":10},{"not_picked":["AT_HeatAcrobatics","Gash","Stack","Steam Power","Hologram"],"picked":"SKIP","floor":11},{"not_picked":["Darkness","Steam","Melter","Sweeping Beam"],"picked":"Crystallizer","floor":12},{"not_picked":["Coolheaded","Conserve Battery","Machine Learning","Gash"],"picked":"Capacitor","floor":13},{"not_picked":["Ball Lightning","ReplayTheSpireMod:System Scan","Redo","Double Energy","Leap"],"picked":"SKIP","floor":14},{"not_picked":["MostiFishMod:StarOceanB","Hyperbeam","Amplify","ReplayRNGCard"],"picked":"Seek","floor":16},{"not_picked":["Gash","ReplayTheSpireMod:GoodbyeWorld","ReplayTheSpireMod:System Scan","Skim"],"picked":"Compile Driver+1","floor":18},{"not_picked":["AT_HeatAcrobatics","Darkness","Force Field+1","Time Bomb","Sweeping Beam"],"picked":"SKIP","floor":18},{"not_picked":["White Noise","Compile Driver","Double Energy","Go for the Eyes","Stack"],"picked":"SKIP","floor":21},{"not_picked":["AT_HeatAcrobatics","Coolheaded","Hologram","BasicCrystalCard","Stack"],"picked":"SKIP","floor":21},{"not_picked":["Redo","Fusion","MostiFishMod:Prepare","Aggregate"],"picked":"AT_HeatAcrobatics+1","floor":22},{"not_picked":["Consume","MostiFishMod:PushDownKick","Glacier","FIFO Queue","Redo"],"picked":"SKIP","floor":22},{"not_picked":["MostiFishMod:IceShield","AT_ThunderBolt","Redo","Barrage"],"picked":"REME_Whirling","floor":23},{"not_picked":["MostiFishMod:StrandedSiren","Gash","Ball Lightning","Steam+1"],"picked":"AT_RightCognition","floor":25},{"not_picked":["ReplayTheSpireMod:Omega Cannon","AT_WaterDrop","Core Surge","Machine Learning"],"picked":"MostiFishMod:Overload","floor":33},{"not_picked":["Gash","BasicCrystalCard+1","Conserve Battery","Go for the Eyes","Coolheaded"],"picked":"SKIP","floor":35},{"not_picked":["Redo+1","Hologram+1","Consume+1","ReplayGash+1","Lockon"],"picked":"SKIP","floor":35},{"not_picked":["Loop","Beam Cell","MostiFishMod:SeaWaves","Lockon"],"picked":"REME_Whirling","floor":40},{"not_picked":["Chill+1","Sweeping Beam","Stack","Ball Lightning"],"picked":"MostiFishMod:ReprogramOld+1","floor":42},{"not_picked":["Compile Driver","Reinforced Body+1","AT_ThunderBolt","MostiFishMod:PushDownKick","Turbo+1"],"picked":"SKIP","floor":42},{"not_picked":["Hologram+1","ReplayTheSpireMod:Calculation Training","Beam Cell+1","Melter+1","Cold Snap"],"picked":"SKIP","floor":44},{"not_picked":["Beam Cell","MostiFishMod:StrandedSiren","Leap","Sweeping Beam","AT_HeatAcrobatics"],"picked":"SKIP","floor":45},{"not_picked":["Barrage","Streamline","Stack","Sweeping Beam+1","Steam"],"picked":"SKIP","floor":45},{"not_picked":["Streamline","Beam Cell+1","ReplayTheSpireMod:Repulse","Sweeping Beam","Rip and Tear"],"picked":"SKIP","floor":46},{"not_picked":["Turbo","MostiFishMod:IceShield+1","Loop","Aggregate","Heatsinks"],"picked":"SKIP","floor":46},{"not_picked":["Glacier","AT_RobotInSpace","Consume","Self Repair"],"picked":"All For One","floor":48},{"not_picked":["MostiFishMod:FluxCapactior","Panic Button+1","Rebound","Ball Lightning+1","Steam"],"picked":"SKIP","floor":55}],"player_experience":251350,"relics_obtained":[{"floor":1,"key":"SynthV:TestCard"},{"floor":6,"key":"Replay:Rubber Ducky"},{"floor":8,"key":"Odd Mushroom"},{"floor":9,"key":"Replay:Baseball"},{"floor":10,"key":"ReplayTheSpireMod:TigerMarble"},{"floor":23,"key":"Incense Burner"},{"floor":25,"key":"AT_ImmortalShieldbow"},{"floor":27,"key":"White Beast Statue"},{"floor":39,"key":"MawBank"},{"floor":40,"key":"War Paint"},{"floor":43,"key":"Bottled Tornado"},{"floor":44,"key":"Ginger"},{"floor":47,"key":"AT_EbonyIvory"},{"floor":48,"key":"Anchor"},{"floor":55,"key":"StoneCalendar"}],"event_choices":[{"damage_healed":0,"gold_gain":75,"player_choice":"Gold","damage_taken":11,"max_hp_gain":0,"max_hp_loss":0,"event_name":"betterThird:BetterGoop","floor":2,"gold_loss":0},{"damage_healed":0,"gold_gain":0,"cards_transformed":["Defend_B"],"player_choice":"Transformed","damage_taken":0,"max_hp_gain":0,"max_hp_loss":0,"event_name":"Transmorgrifier","floor":3,"gold_loss":0,"cards_obtained":["AT_HeatAcrobatics"]},{"damage_healed":0,"gold_gain":0,"player_choice":"Fought Mushrooms","damage_taken":0,"max_hp_gain":0,"max_hp_loss":0,"event_name":"Mushrooms","floor":8,"gold_loss":0},{"damage_healed":0,"gold_gain":0,"player_choice":"Bought 0 Potions","damage_taken":0,"max_hp_gain":0,"max_hp_loss":0,"event_name":"The Woman in Blue","floor":20,"gold_loss":0},{"damage_healed":0,"gold_gain":0,"player_choice":"Simplicity","damage_taken":0,"max_hp_gain":0,"max_hp_loss":6,"event_name":"betterThird:BetterWriting","floor":24,"gold_loss":0},{"damage_healed":0,"gold_gain":0,"player_choice":"Inject Mutagens","damage_taken":0,"relics_obtained":["MutagenicStrength"],"max_hp_gain":0,"max_hp_loss":0,"event_name":"Drug Dealer","floor":29,"gold_loss":0},{"cards_removed":["Crystallizer"],"damage_healed":0,"gold_gain":0,"player_choice":"Removed Power","damage_taken":0,"max_hp_gain":0,"max_hp_loss":0,"event_name":"Falling","floor":36,"gold_loss":0},{"damage_healed":0,"gold_gain":0,"player_choice":"Max HP","damage_taken":0,"max_hp_gain":0,"max_hp_loss":8,"event_name":"Winding Halls","floor":37,"gold_loss":0}],"is_beta":false,"boss_relics":[{"not_picked":["GuanYuAspect","Runic Pyramid"],"picked":"SlaversCollar"},{"not_picked":["REME_DuelDisc","ChewingGum"],"picked":"AT_TrinityForce"}],"items_purged_floors":[19,38,41,54],"is_endless":false,"potions_floor_spawned":[4,5,10,12,13,18,25,33,35,40,42,44,45,46,48,55],"ascension_level":20}}