{"host":"hlz9nytggqnehs39","time":1613340202,"event":{"mods":["BaseMod","Highlight Path","Minty Spire (QoL Compilation)","Relic Stats"],"gold_per_floor":[110,385,405,415,143,143,169,169,169,189,215,234,234,260,260,334,334,349,53,69,23,33,33,33,33],"floor_reached":24,"language":"ENG","playtime":11763,"items_purged":["Regret","Strike_B"],"score":452,"play_id":"4fc5fc62-8466-4b04-abcb-5acb6203e777","local_time":"20210214230322","is_ascension_mode":true,"campfire_choices":[{"data":"Lockon","floor":6,"key":"SMITH"},{"floor":15,"key":"REST"},{"data":"Coolheaded","floor":23,"key":"SMITH"}],"circlet_count":0,"master_deck":["AscendersBane","Strike_B","Strike_B","Defend_B","Defend_B","Defend_B","Defend_B","Zap","Dualcast","Lockon+1","Conserve Battery","Reinforced Body+1","Coolheaded","Compile Driver","Fusion","Core Surge","CurseOfTheBell","Coolheaded+1","Electrodynamics","Go for the Eyes"],"relics":["Cracked Core","Potion Belt","DataDisk","Pocketwatch","StrikeDummy","Ginger","Matryoshka","Calling Bell","Mango","Ornamental Fan","Tiny Chest","Chemical X"],"acts_visited":["Exordium","TheCity"],"potions_floor_usage":[7,11,16,16,18,24,24],"damage_taken":[{"damage":1,"enemies":"Cultist","floor":1,"turns":3},{"damage":5,"enemies":"2 Louse","floor":3,"turns":3},{"damage":5,"enemies":"Jaw Worm","floor":4,"turns":2},{"damage":10,"enemies":"Gremlin Nob","floor":7,"turns":3},{"damage":2,"enemies":"Red Slaver","floor":10,"turns":3},{"damage":6,"enemies":"3 Sentries","floor":11,"turns":6},{"damage":2,"enemies":"Looter","floor":12,"turns":3},{"damage":30,"enemies":"Gremlin Nob","floor":14,"turns":4},{"damage":0,"enemies":"Slime Boss","floor":16,"turns":8},{"damage":23,"enemies":"3 Byrds","floor":18,"turns":8},{"damage":2,"enemies":"Chosen","floor":20,"turns":4},{"damage":5,"enemies":"3 Cultists","floor":22,"turns":5},{"damage":44,"enemies":"Book of Stabbing","floor":24,"turns":7}],"seed_played":"-3165372884931206818","potions_obtained":[{"floor":1,"key":"Energy Potion"},{"floor":7,"key":"Explosive Potion"},{"floor":12,"key":"DuplicationPotion"},{"floor":14,"key":"DuplicationPotion"},{"floor":16,"key":"Swift Potion"},{"floor":22,"key":"DuplicationPotion"}],"is_trial":false,"path_per_floor":["M","?","M","M","$","R","E","?","T","M","E","M","?","E","R","B",null,"M","$","M","$","M","R","E"],"character_chosen":"DEFECT","items_purchased":["DataDisk","FocusPotion","Chemical X","Coolheaded","Go for the Eyes"],"campfire_rested":1,"item_purchase_floors":[5,5,19,19,21],"current_hp_per_floor":[63,63,58,53,53,53,43,43,43,41,35,33,33,3,24,24,73,50,50,48,48,43,43,0,0],"gold":33,"neow_bonus":"RANDOM_COMMON_RELIC","is_daily":false,"chose_seed":false,"campfire_upgraded":2,"win_rate":0.0,"timestamp":1613340202,"path_taken":["M","?","M","?","$","R","E","?","T","?","E","M","?","E","R","BOSS","M","$","M","?","M","R","E"],"items_purchased_type":["Relic","Potion","Relic","Card","Card"],"build_version":"2020-12-22","purchased_purges":2,"victory":false,"max_hp_per_floor":[71,71,71,71,71,71,71,71,71,71,71,71,71,71,71,71,85,85,85,85,85,85,85,85,85],"relic_stats":{"counters":[13,59],"Ornamental Fan":[12],"Tiny Chest":0,"Ginger":[3],"Chemical X":[4],"obtain_stats":[{"Potion Belt":0,"Calling Bell":17,"DataDisk":5,"Matryoshka":14,"Ornamental Fan":17,"Mango":17,"Tiny Chest":17,"Ginger":11,"Chemical X":19,"Cracked Core":0,"StrikeDummy":9,"Pocketwatch":7},{"Potion Belt":0,"Calling Bell":9,"DataDisk":3,"Matryoshka":8,"Ornamental Fan":9,"Mango":9,"Tiny Chest":9,"Ginger":6,"Chemical X":10,"Cracked Core":0,"StrikeDummy":4,"Pocketwatch":4},{"Potion Belt":0,"Calling Bell":35,"DataDisk":8,"Matryoshka":27,"Ornamental Fan":35,"Mango":35,"Tiny Chest":35,"Ginger":20,"Chemical X":43,"Cracked Core":0,"StrikeDummy":11,"Pocketwatch":11}],"Pocketwatch":[84]},"card_choices":[{"not_picked":["Storm","Beam Cell"],"picked":"Lockon","floor":1},{"not_picked":["Melter","Hello World"],"picked":"Conserve Battery","floor":3},{"not_picked":["Rebound","Leap"],"picked":"Reinforced Body","floor":4},{"not_picked":["Cold Snap","Barrage"],"picked":"Coolheaded","floor":7},{"not_picked":["Darkness","Gash","Multi-Cast"],"picked":"SKIP","floor":10},{"not_picked":["Amplify","White Noise","Leap"],"picked":"SKIP","floor":11},{"not_picked":["Reinforced Body","Streamline"],"picked":"Compile Driver","floor":12},{"not_picked":["Hello World","Sweeping Beam","Lockon"],"picked":"SKIP","floor":14},{"not_picked":["Creative AI","Machine Learning"],"picked":"Core Surge","floor":16},{"not_picked":["Scrape","Beam Cell","Rip and Tear"],"picked":"SKIP","floor":18},{"not_picked":["Sunder","Ball Lightning"],"picked":"Electrodynamics","floor":20},{"not_picked":["Leap","Streamline","Go for the Eyes"],"picked":"SKIP","floor":22}],"player_experience":448817,"relics_obtained":[{"floor":7,"key":"Pocketwatch"},{"floor":9,"key":"StrikeDummy"},{"floor":11,"key":"Ginger"},{"floor":14,"key":"Matryoshka"},{"floor":17,"key":"Mango"},{"floor":17,"key":"Ornamental Fan"},{"floor":17,"key":"Tiny Chest"}],"event_choices":[{"damage_healed":0,"gold_gain":275,"player_choice":"Desecrate","damage_taken":0,"max_hp_gain":0,"max_hp_loss":0,"event_name":"Golden Shrine","floor":2,"gold_loss":0,"cards_obtained":["Regret"]},{"damage_healed":0,"gold_gain":0,"player_choice":"Forge","damage_taken":0,"max_hp_gain":0,"max_hp_loss":0,"event_name":"Accursed Blacksmith","floor":8,"gold_loss":0,"cards_upgraded":["Reinforced Body"]},{"damage_healed":0,"gold_gain":0,"cards_transformed":["Strike_B"],"player_choice":"Transformed","damage_taken":0,"max_hp_gain":0,"max_hp_loss":0,"event_name":"Transmorgrifier","floor":13,"gold_loss":0,"cards_obtained":["Fusion"]}],"is_beta":false,"boss_relics":[{"not_picked":["Runic Pyramid","Fusion Hammer"],"picked":"Calling Bell"}],"items_purged_floors":[5,19],"is_endless":false,"potions_floor_spawned":[1,7,12,14,16,22],"killed_by":"Book of Stabbing","ascension_level":14}}