{"host":"ow66nzv2xecjoor3","time":1613286083,"event":{"mods":["BaseMod","Bestiary","Block Reminder","Colored Powertips","Curses Come First","Highlight Path","Keyboard Shortcuts","Minty Spire (QoL Compilation)","Permanent Neow","Relic Stats","StSLib","UnlockEverythingMod"],"gold_per_floor":[112,123,123,196,38,38,63,63,89,107,140,140,166,166,166,242,242,254,24,41,52,52,66,77,107,178,212,224,224,241,37,37,113,113,130,130,130,143,161,195,195,210,261,288,303,303,333,350,350,350,350,350,350,58,91,91],"floor_reached":57,"language":"ENG","playtime":4179,"items_purged":["Clash","Wild Strike","Immolate"],"score":3279,"play_id":"ace05242-a21d-43ff-baac-f60e68478222","local_time":"20210214010123","is_ascension_mode":true,"campfire_choices":[{"data":"True Grit","floor":6.0,"key":"SMITH"},{"data":"Spot Weakness","floor":8.0,"key":"SMITH"},{"floor":12.0,"key":"RECALL"},{"data":"Defend_R","floor":15.0,"key":"SMITH"},{"floor":32.0,"key":"REST"},{"data":"Feel No Pain","floor":41.0,"key":"SMITH"},{"data":"Barricade","floor":46.0,"key":"SMITH"},{"data":"Pummel","floor":49.0,"key":"SMITH"},{"floor":53.0,"key":"REST"}],"circlet_count":0,"master_deck":["AscendersBane","Bash+1","True Grit+1","Spot Weakness+1","Seeing Red+1","Power Through+1","Battle Trance+1","Rage+1","Rage+1","Spot Weakness+1","Impervious+1","Flame Barrier+1","Warcry+1","Iron Wave+1","Fire Breathing","Rampage","Disarm+1","Rage+1","Ghostly Armor+1","Heavy Blade","Shrug It Off+1","Pummel+1","Feel No Pain+1","True Grit+1","Shrug It Off+1","Entrench+1","Intimidate+1","Shrug It Off+1","RitualDagger+1","Havoc+1","Disarm+1","Deep Breath+1","Barricade+1","Shockwave+1","Body Slam+1","Headbutt","Mayhem+1","Deep Breath+1","Dual Wield+1","Second Wind+1","Sever Soul"],"relics":["Runic Pyramid","Toxic Egg 2","Orrery","Smiling Mask","Lantern","Oddly Smooth Stone","Red Skull","Pandora\u0027s Box","Membership Card","Potion Belt","Vajra","Cauldron","Busted Crown","Frozen Egg 2","Paper Frog","Nunchaku","Anchor","StoneCalendar","Whetstone"],"acts_visited":["Exordium","TheCity","TheBeyond","TheEnding"],"potions_floor_usage":[56,56,56],"damage_taken":[{"damage":14.0,"enemies":"Small Slimes","floor":1.0,"turns":6.0},{"damage":0.0,"enemies":"Jaw Worm","floor":2.0,"turns":7.0},{"damage":6.0,"enemies":"Lagavulin","floor":7.0,"turns":8.0},{"damage":0.0,"enemies":"Cultist","floor":10.0,"turns":3.0},{"damage":0.0,"enemies":"3 Sentries","floor":11.0,"turns":6.0},{"damage":0.0,"enemies":"Lagavulin","floor":13.0,"turns":6.0},{"damage":0.0,"enemies":"The Guardian","floor":16.0,"turns":10.0},{"damage":0.0,"enemies":"Chosen","floor":18.0,"turns":4.0},{"damage":0.0,"enemies":"2 Thieves","floor":20.0,"turns":4.0},{"damage":0.0,"enemies":"Centurion and Healer","floor":21.0,"turns":3.0},{"damage":0.0,"enemies":"Snecko","floor":23.0,"turns":6.0},{"damage":0.0,"enemies":"Snake Plant","floor":24.0,"turns":3.0},{"damage":0.0,"enemies":"Gremlin Leader","floor":25.0,"turns":6.0},{"damage":43.0,"enemies":"Slavers","floor":27.0,"turns":7.0},{"damage":0.0,"enemies":"Shelled Parasite and Fungi","floor":28.0,"turns":4.0},{"damage":8.0,"enemies":"3 Cultists","floor":30.0,"turns":4.0},{"damage":0.0,"enemies":"Champ","floor":33.0,"turns":18.0},{"damage":4.0,"enemies":"Orb Walker","floor":35.0,"turns":4.0},{"damage":0.0,"enemies":"3 Darklings","floor":38.0,"turns":5.0},{"damage":0.0,"enemies":"Maw","floor":39.0,"turns":8.0},{"damage":0.0,"enemies":"Nemesis","floor":40.0,"turns":7.0},{"damage":0.0,"enemies":"Sphere and 2 Shapes","floor":42.0,"turns":6.0},{"damage":0.0,"enemies":"Reptomancer","floor":44.0,"turns":3.0},{"damage":2.0,"enemies":"4 Shapes","floor":45.0,"turns":5.0},{"damage":0.0,"enemies":"Giant Head","floor":47.0,"turns":8.0},{"damage":0.0,"enemies":"Spire Growth","floor":48.0,"turns":7.0},{"damage":2.0,"enemies":"Awakened One","floor":50.0,"turns":13.0},{"damage":24.0,"enemies":"Donu and Deca","floor":51.0,"turns":12.0},{"damage":9.0,"enemies":"Shield and Spear","floor":55.0,"turns":4.0},{"damage":54,"enemies":"The Heart","floor":56,"turns":11}],"seed_played":"-3306102312349956927","potions_obtained":[{"floor":1.0,"key":"SkillPotion"},{"floor":10.0,"key":"Swift Potion"},{"floor":11.0,"key":"DistilledChaos"},{"floor":23.0,"key":"SpeedPotion"},{"floor":24.0,"key":"DistilledChaos"},{"floor":25.0,"key":"GamblersBrew"},{"floor":28.0,"key":"ColorlessPotion"},{"floor":31.0,"key":"SpeedPotion"},{"floor":31.0,"key":"LiquidMemories"},{"floor":31.0,"key":"Energy Potion"},{"floor":39.0,"key":"DuplicationPotion"},{"floor":44.0,"key":"Fire Potion"}],"is_trial":false,"path_per_floor":["M","M","?","T","$","R","E","R","T","M","E","R","E","?","R","B",null,"M","$","M","M","?","M","M","E","T","E","M","?","M","$","R","B",null,"M","?","T","M","M","E","R","M","T","E","M","R","E","M","R","B","B",null,"R","$","E","B",null],"character_chosen":"IRONCLAD","items_purchased":["Orrery","Membership Card","Shrug It Off+1","Disarm+1","Cauldron","Deep Breath+1","PowerPotion","Mayhem+1","Deep Breath+1","Dual Wield+1","Second Wind+1"],"campfire_rested":2,"item_purchase_floors":[5,19,19,31,31,31,54,54,54,54,54],"current_hp_per_floor":[54,54,54,54,54,54,48,48,48,48,48,48,48,53,53,53,73,73,73,73,73,73,73,73,73,73,30,30,24,16,16,40,40,70,66,66,66,66,66,66,66,66,66,66,64,64,64,64,64,62,38,70,80,80,71,17],"gold":91,"neow_bonus":"BOSS_RELIC","is_daily":false,"chose_seed":false,"campfire_upgraded":6,"win_rate":0.0,"timestamp":1613286083,"path_taken":["M","M","?","?","$","R","E","R","T","M","E","R","E","?","R","BOSS","M","$","M","M","?","M","M","E","T","E","M","?","M","$","R","BOSS","M","?","?","M","M","E","R","M","T","E","M","R","E","M","R","BOSS","BOSS","R","$","E","BOSS"],"items_purchased_type":["Relic","Relic","Card","Card","Relic","Card","Potion","Card","Card","Card","Card"],"build_version":"2020-12-22","purchased_purges":3,"victory":true,"max_hp_per_floor":[75,75,75,75,75,75,75,75,75,75,75,75,75,80,80,80,80,80,80,80,80,80,80,80,80,80,80,80,80,80,80,80,80,80,80,80,80,80,80,80,80,80,80,80,80,80,80,80,80,80,80,80,80,80,80,80],"relic_stats":{"Nunchaku":[6],"Busted Crown":20,"counters":[30,198],"Pandora\u0027s Box":["Wild Strike","Warcry","Iron Wave","Fire Breathing","Rampage","Disarm","Clash","Rage","Ghostly Armor"],"StoneCalendar":[158],"Whetstone":["RitualDagger","Iron Wave"],"Smiling Mask":1,"obtain_stats":[{"Potion Belt":25,"Lantern":9,"Oddly Smooth Stone":11,"Vajra":27,"StoneCalendar":47,"Whetstone":55,"Frozen Egg 2":37,"Smiling Mask":7,"Burning Blood":0,"Cauldron":31,"Nunchaku":43,"Anchor":44,"Busted Crown":34,"Orrery":5,"Pandora\u0027s Box":17,"Membership Card":19,"Toxic Egg 2":4,"Red Skull":13,"Runic Pyramid":0,"Paper Frog":40},{"Potion Belt":13,"Lantern":3,"Oddly Smooth Stone":5,"Vajra":14,"StoneCalendar":25,"Whetstone":29,"Frozen Egg 2":18,"Smiling Mask":3,"Burning Blood":0,"Cauldron":16,"Nunchaku":22,"Anchor":23,"Busted Crown":17,"Orrery":2,"Pandora\u0027s Box":7,"Membership Card":8,"Toxic Egg 2":2,"Red Skull":6,"Runic Pyramid":0,"Paper Frog":21},{"Potion Belt":72,"Lantern":21,"Oddly Smooth Stone":30,"Vajra":79,"StoneCalendar":151,"Whetstone":187,"Frozen Egg 2":109,"Smiling Mask":21,"Burning Blood":0,"Cauldron":87,"Nunchaku":135,"Anchor":138,"Busted Crown":105,"Orrery":13,"Pandora\u0027s Box":46,"Membership Card":50,"Toxic Egg 2":13,"Red Skull":36,"Runic Pyramid":0,"Paper Frog":129}]},"card_choices":[{"not_picked":["Bloodletting","Warcry"],"picked":"True Grit","floor":1.0},{"not_picked":["Dark Embrace","Disarm"],"picked":"Spot Weakness","floor":2.0},{"not_picked":["Iron Wave","Rampage"],"picked":"Seeing Red+1","floor":5.0},{"not_picked":["Uppercut","Pommel Strike"],"picked":"Power Through+1","floor":5.0},{"not_picked":["Rampage","Dark Embrace"],"picked":"Battle Trance+1","floor":5.0},{"not_picked":["Perfected Strike","Wild Strike"],"picked":"Rage+1","floor":5.0},{"not_picked":["Pommel Strike","Armaments+1"],"picked":"Rage+1","floor":5.0},{"not_picked":["Carnage","Headbutt"],"picked":"Spot Weakness+1","floor":7.0},{"not_picked":["Bloodletting+1","Anger"],"picked":"Impervious+1","floor":10.0},{"not_picked":["True Grit+1","Evolve"],"picked":"Flame Barrier+1","floor":11.0},{"not_picked":["Heavy Blade","Clash","Armaments+1"],"picked":"SKIP","floor":13.0},{"not_picked":["Bludgeon","Demon Form"],"picked":"Immolate","floor":16.0},{"not_picked":["Flex+1","Clothesline"],"picked":"Heavy Blade","floor":18.0},{"not_picked":["Armaments+1","Wild Strike"],"picked":"Pummel","floor":20.0},{"not_picked":["Seeing Red+1","Body Slam"],"picked":"Feel No Pain","floor":21.0},{"not_picked":["Flex+1","Thunderclap"],"picked":"True Grit+1","floor":23.0},{"not_picked":["Anger+1","Battle Trance+1"],"picked":"Shrug It Off+1","floor":24.0},{"not_picked":["Bludgeon","Dark Embrace"],"picked":"Entrench+1","floor":25.0},{"not_picked":["Twin Strike","Clothesline"],"picked":"Intimidate+1","floor":27.0},{"not_picked":["Power Through+1","Thunderclap"],"picked":"Shrug It Off+1","floor":28.0},{"not_picked":["Burning Pact+1","Power Through+1"],"picked":"Havoc+1","floor":30.0},{"not_picked":["Bludgeon","Impervious+1"],"picked":"Barricade","floor":33.0},{"not_picked":["Clothesline"],"picked":"SKIP","floor":35.0},{"not_picked":[],"picked":"Shockwave+1","floor":38.0},{"not_picked":[],"picked":"Body Slam+1","floor":39.0},{"not_picked":["Hemokinesis"],"picked":"SKIP","floor":40.0},{"not_picked":["Hemokinesis"],"picked":"SKIP","floor":40.0},{"not_picked":["Uppercut"],"picked":"SKIP","floor":42.0},{"not_picked":["Inflame+1"],"picked":"SKIP","floor":44.0},{"not_picked":[],"picked":"Headbutt","floor":45.0},{"not_picked":["Clothesline"],"picked":"SKIP","floor":47.0},{"not_picked":["Heavy Blade"],"picked":"SKIP","floor":48.0},{"not_picked":[],"picked":"Sever Soul","floor":55.0}],"player_experience":2853305,"relics_obtained":[{"floor":4.0,"key":"Toxic Egg 2"},{"floor":7.0,"key":"Smiling Mask"},{"floor":9.0,"key":"Lantern"},{"floor":11.0,"key":"Oddly Smooth Stone"},{"floor":13.0,"key":"Red Skull"},{"floor":25.0,"key":"Potion Belt"},{"floor":27.0,"key":"Vajra"},{"floor":37.0,"key":"Frozen Egg 2"},{"floor":40.0,"key":"Paper Frog"},{"floor":43.0,"key":"Nunchaku"},{"floor":44.0,"key":"Anchor"},{"floor":47.0,"key":"StoneCalendar"},{"floor":55.0,"key":"Whetstone"}],"event_choices":[{"damage_healed":0.0,"max_hp_gain":0.0,"max_hp_loss":0.0,"gold_gain":0.0,"event_name":"Living Wall","player_choice":"Grow","floor":3.0,"gold_loss":0.0,"damage_taken":0.0,"cards_upgraded":["Bash"]},{"damage_healed":0.0,"max_hp_gain":5.0,"max_hp_loss":0.0,"gold_gain":0.0,"event_name":"Big Fish","player_choice":"Donut","floor":14.0,"gold_loss":0.0,"damage_taken":0.0},{"damage_healed":0.0,"max_hp_gain":0.0,"max_hp_loss":0.0,"gold_gain":0.0,"event_name":"Nest","player_choice":"Joined the Cult","floor":29.0,"gold_loss":0.0,"damage_taken":6.0,"cards_obtained":["RitualDagger"]},{"damage_healed":0.0,"max_hp_gain":0.0,"max_hp_loss":0.0,"gold_gain":0.0,"event_name":"Tomb of Lord Red Mask","player_choice":"Ignored","floor":36.0,"gold_loss":0.0,"damage_taken":0.0}],"is_beta":false,"boss_relics":[{"not_picked":["Ectoplasm","Mark of Pain"],"picked":"Pandora\u0027s Box"},{"not_picked":["Astrolabe","Calling Bell"],"picked":"Busted Crown"}],"items_purged_floors":[19,31,54],"is_endless":false,"potions_floor_spawned":[1,10,11,16,23,24,25,28,39,40,44],"ascension_level":20}}