{"host":"4r0bywnqvg42kgrk","time":1613276300,"event":{"mods":["AchievementEnabler","Act Like it!","Arknights","Aspiration","Bartender","BaseMod","Better Altar","Better Match","Better Note","Better Sensory Stone","Better Skull","Better Third Choice","BetterRewards","CCEM2","Clawfect","Conspire","Decade(â§è¨ñæ)","Gensokyo","Hallownest","Hermit","Ironclad Rager","JesterMod","Jorbs\u0027s Wanderer Trilogy","Kalas","KinomotoSakuraMod(ñÿîVñ{?)","Lobotomy","MarisaÅiñ∂âJÅ@ñÇóùçπÅj","Mimic Mod","Minty Spire (QoL Compilation)","Nova Terra(?à°ÅEë◊ùf)","Pikachu Mod","Replay The Spire","SOSÅiézîb?îVéqÅj","Shade Mod","Shop Mod","Spicy Shops","StSLib","Steal the Spire","Td1madao Mod","The Animator","The Blackbeard","The Bladedancer","The Bug Knight","The Exalted","The Gatherer","The Hierophant","The Kombatant","The Marked","The Mystic","The Saiyan","The Servant 0.9.4","The Wild Card","TheHero","Warlord Emblem","slay the spire mod where everything is the same but ironclad has a cowboy hat","Åyå˜î\ModÅz?ñæìIç≈?Boss"],"gold_per_floor":[109,128,144,158,0,19,31,31,31,31,49,124,137,153,153,258,358,369,382,401,401,19,19,32,32,110,130,130,130,130,13,13,13,13],"floor_reached":33,"language":"JPN","playtime":2586,"items_purged":[],"score":243,"play_id":"a1bc341b-aaf8-4e70-b4d6-8781c8c85e4e","local_time":"20210214131820","is_ascension_mode":false,"campfire_choices":[{"floor":10,"key":"REST"},{"floor":15,"key":"REST"},{"floor":23,"key":"REST"},{"floor":25,"key":"REST"},{"floor":28,"key":"REST"},{"data":"Strike_R","floor":32,"key":"SMITH"}],"circlet_count":0,"master_deck":["Strike_R+1","Strike_R","Strike_R","Strike_R","Strike_R","Defend_R","Defend_R","Defend_R","Defend_R","Bash","Heavy Blade","Perfected Strike+1","Ghostly Armor","Whirlwind+1","Carnage","Clash","Shrug It Off","Searing Blow","Immolate","Flame Barrier","ReplayReversal+1","Uppercut","Dash","Prepared","Limit Break","Perfected Strike+1","Sever Soul","Gensokyo:RPG","Gensokyo:ReactiveArmor","Gensokyo:RustyChest","Gensokyo:ScrapIron"],"relics":["Burning Blood","CaptainsWheel","Replay:Wanted Poster","Potion Belt","CCEMRelics:FranticForklift","HornCleat"],"acts_visited":["Exordium","Gensokyo:Gensokyoer"],"potions_floor_usage":[11,16,16,16,20,24,24],"damage_taken":[{"damage":8,"enemies":"Small Slimes","floor":1,"turns":4},{"damage":0,"enemies":"2 Louse","floor":2,"turns":2},{"damage":8,"enemies":"Jaw Worm","floor":3,"turns":3},{"damage":33,"enemies":"Gremlin Gang","floor":4,"turns":5},{"damage":21,"enemies":"Large Slime","floor":6,"turns":4},{"damage":26,"enemies":"2 Fungi Beasts","floor":7,"turns":4},{"damage":0,"enemies":"Looter","floor":11,"turns":1},{"damage":3,"enemies":"Blue Slaver","floor":13,"turns":2},{"damage":3,"enemies":"Gremlin Gang","floor":14,"turns":4},{"damage":81,"enemies":"Hexaghost","floor":16,"turns":10},{"damage":14,"enemies":"Gensokyo:3_Dogs","floor":18,"turns":4},{"damage":4,"enemies":"Gensokyo:Chomper","floor":19,"turns":3},{"damage":56,"enemies":"Gensokyo:Swordslinger","floor":20,"turns":3},{"damage":16,"enemies":"Gensokyo:Wraith","floor":24,"turns":3},{"damage":17,"enemies":"Gensokyo:Monolith_and_Dog","floor":27,"turns":3},{"damage":97,"enemies":"Gensokyo:Eternal_Rivals","floor":33,"turns":6}],"seed_played":"-662140830980532191","potions_obtained":[{"floor":1,"key":"Ancient Potion"},{"floor":6,"key":"BloodPotion"},{"floor":11,"key":"DistilledChaos"},{"floor":14,"key":"SkillPotion"},{"floor":16,"key":"Doom Potion"},{"floor":18,"key":"Weak Potion"},{"floor":20,"key":"Venom Potion"}],"is_trial":false,"path_per_floor":["M","M","M","M","$","M","M","?","T","R","M","?","M","M","R","B",null,"M","M","M","?","$","R","M","R","T","M","R","?","?","COS","R","B"],"character_chosen":"IRONCLAD","items_purchased":["Whirlwind+1","Rage","Potion Belt","Limit Break","CCEMRelics:FranticForklift"],"campfire_rested":5,"item_purchase_floors":[5,5,22,22,22],"current_hp_per_floor":[86,88,86,59,59,44,24,24,24,50,73,62,65,68,88,13,88,80,82,32,32,32,58,48,74,74,63,88,88,88,88,88,0,0],"gold":13,"neow_bonus":"TEN_PERCENT_HP_BONUS","is_daily":false,"chose_seed":false,"campfire_upgraded":1,"win_rate":0.0,"timestamp":1613276300,"path_taken":["M","M","M","M","$","M","M","?","T","R","M","?","M","M","R","BOSS","M","M","M","?","$","R","?","R","T","M","R","?","?","COS","R","BOSS"],"items_purchased_type":["Card","Card","Relic","Card","Relic"],"build_version":"2020-12-22","purchased_purges":0,"victory":false,"max_hp_per_floor":[88,88,88,88,88,88,88,88,88,88,88,88,88,88,88,88,88,88,88,88,88,88,88,88,88,88,88,88,88,88,88,88,88,88],"card_choices":[{"not_picked":["Dark Embrace","True Grit"],"picked":"ReplayTheSpireMod:Strike From Hell","floor":1},{"not_picked":["Sword Boomerang","Clothesline"],"picked":"Heavy Blade","floor":2},{"not_picked":["Heavy Blade","Abandon"],"picked":"Perfected Strike","floor":3},{"not_picked":["Armaments","Massacre"],"picked":"Ghostly Armor","floor":4},{"not_picked":["True Grit","Sever Soul"],"picked":"Carnage","floor":6},{"not_picked":["Wild Strike","Run Through"],"picked":"Clash","floor":7},{"not_picked":["Carnage","Clash"],"picked":"Bloodletting","floor":11},{"not_picked":["Evolve","ReplayTheSpireMod:Strike From Hell"],"picked":"Shrug It Off","floor":13},{"not_picked":["Warcry","Twin Strike"],"picked":"Searing Blow","floor":14},{"not_picked":["Demonic Infusion","Corruption"],"picked":"Immolate","floor":16},{"not_picked":["Burning Pact","Cleave"],"picked":"Flame Barrier","floor":18},{"not_picked":["Hemokinesis","Whirlwind+1"],"picked":"ReplayReversal+1","floor":19},{"not_picked":["Thunderclap","Anger"],"picked":"Uppercut","floor":20},{"not_picked":["Wild Strike","Evolve+1"],"picked":"Perfected Strike+1","floor":24},{"not_picked":["Armaments+1","Pommel Strike"],"picked":"Sever Soul","floor":27}],"player_experience":85821,"relics_obtained":[{"floor":9,"key":"CaptainsWheel"},{"floor":26,"key":"HornCleat"}],"event_choices":[{"damage_healed":0,"gold_gain":0,"player_choice":"Grow","damage_taken":0,"max_hp_gain":0,"max_hp_loss":0,"event_name":"Living Wall","floor":8,"gold_loss":0,"cards_upgraded":["Perfected Strike"]},{"damage_healed":0,"gold_gain":75,"player_choice":"Gold","damage_taken":11,"max_hp_gain":0,"max_hp_loss":0,"event_name":"betterThird:BetterGoop","floor":12,"gold_loss":0}],"is_beta":false,"boss_relics":[{"not_picked":["Electric Blood","CCEMRelics:GreenEgg"],"picked":"Replay:Wanted Poster"}],"items_purged_floors":[],"is_endless":false,"potions_floor_spawned":[1,6,11,14,16,18,20],"killed_by":"Gensokyo:Eternal_Rivals","ascension_level":0}}