{"host":"8jwrv7sn1174lfer","time":1613300177,"event":{"mods":["BaseMod","Colored Map","Colored Powertips","Downfall","Highlight Path","Minty Spire (QoL Compilation)","StSLib"],"gold_per_floor":[99,109,109,209,209,209,232,72,104,114,114,132,142,158,172,272,272,272,292,310,310,310,326,351,451,466,476,486,486,486,486],"floor_reached":29,"language":"ENG","playtime":1112,"items_purged":[],"score":379,"play_id":"62420bef-f827-4e91-81e9-e0c3ef63187f","local_time":"20210214055617","is_ascension_mode":true,"campfire_choices":[{"data":"bronze:HyperBeam","floor":1,"key":"SMITH"},{"data":"bronze:MaxOutput","floor":6,"key":"SMITH"},{"data":"bronze:BurnOut","floor":11,"key":"SMITH"},{"data":"bronze:HardenedForm","floor":18,"key":"SMITH"}],"circlet_count":0,"master_deck":["bronze:Replicate","bronze:Goto+1","bronze:Overload+1","bronze:Repair","bronze:Iterate+1","bronze:MaxOutput+1","bronze:Virus+1","bronze:Branch","bronze:HyperBeam+1","bronze:Invalidate","downfall:Haunted","downfall:Haunted","downfall:Malfunctioning","bronze:BurnOut+1","downfall:Haunted","downfall:Malfunctioning","downfall:Malfunctioning","bronze:Return","bronze:Deprecate","bronze:HardenedForm+1","bronze:DonuBeam","bronze:DecaBeam"],"relics":["Pandora\u0027s Box","Du-Vu Doll","War Paint","HandDrill","Omamori","Cursed Key","Enchiridion","Art of War"],"acts_visited":["Exordium","TheCity"],"potions_floor_usage":[],"damage_taken":[{"damage":6,"enemies":"2 Louse","floor":2,"turns":2},{"damage":6,"enemies":"downfall:FleeingMerchant","floor":8,"turns":4},{"damage":0,"enemies":"Gremlin Nob","floor":9,"turns":1},{"damage":0,"enemies":"Cultist","floor":10,"turns":2},{"damage":0,"enemies":"Small Slimes","floor":12,"turns":1},{"damage":0,"enemies":"3 Louse","floor":13,"turns":1},{"damage":0,"enemies":"Large Slime","floor":14,"turns":2},{"damage":0,"enemies":"Exordium Wildlife","floor":15,"turns":2},{"damage":3,"enemies":"SI_SHIV_ARCHETYPE","floor":16,"turns":2},{"damage":17,"enemies":"Shell Parasite","floor":19,"turns":3},{"damage":0,"enemies":"Spheric Guardian","floor":20,"turns":2},{"damage":6,"enemies":"Shelled Parasite and Fungi","floor":23,"turns":2},{"damage":28,"enemies":"Shelled Parasite and Fungi","floor":25,"turns":5},{"damage":0,"enemies":"Cultist and Chosen","floor":26,"turns":3},{"damage":0,"enemies":"3 Cultists","floor":27,"turns":2},{"damage":0,"enemies":"Centurion and Healer","floor":28,"turns":1},{"damage":32,"enemies":"Gremlin Leader","floor":29,"turns":1}],"seed_played":"308200938467858736","potions_obtained":[{"floor":2,"key":"Strength Potion"},{"floor":9,"key":"PowerPotion"},{"floor":10,"key":"Dexterity Potion"}],"is_trial":false,"path_per_floor":["R","M","?","?","?","R","T","$","E","M","R","M","M","M","M","B",null,"R","M","M","?","?","M","T","?","M","M","M","E"],"character_chosen":"THE_AUTOMATON","items_purchased":["HandDrill"],"campfire_rested":0,"item_purchase_floors":[8],"current_hp_per_floor":[70,70,70,75,75,75,75,75,75,75,75,75,75,75,75,72,75,75,65,65,49,49,43,43,22,29,29,29,0,0,0],"gold":486,"neow_bonus":"BOSS_RELIC","is_daily":false,"chose_seed":false,"campfire_upgraded":4,"win_rate":0.0,"timestamp":1613300177,"path_taken":["R","M","?","?","?","R","T","$","E","M","R","M","M","?","M","BOSS","R","M","M","?","?","M","T","?","M","M","?","E"],"items_purchased_type":["Relic"],"build_version":"2020-12-22","purchased_purges":0,"victory":false,"max_hp_per_floor":[70,70,70,75,75,75,75,75,75,75,75,75,75,75,75,75,75,75,75,75,75,75,75,75,75,75,75,75,75,75,75],"card_choices":[{"not_picked":["bronze:CloningBeam","bronze:Terminator","bronze:WhirlingStrike"],"picked":"SKIP","floor":2},{"not_picked":["bronze:Allocate","bronze:Boost","bronze:DelayedGuard"],"picked":"SKIP","floor":8},{"not_picked":["bronze:Shield","bronze:Separator"],"picked":"bronze:Return","floor":9},{"not_picked":["bronze:BitShift","bronze:Separator"],"picked":"bronze:Deprecate","floor":10},{"not_picked":["bronze:NullPointer","bronze:InfiniteBeams","bronze:Deprecate"],"picked":"SKIP","floor":12},{"not_picked":["bronze:Deprecate","bronze:ClassDefault","bronze:Backtrace"],"picked":"SKIP","floor":13},{"not_picked":["bronze:Fortify","bronze:Overheat","bronze:Frontload"],"picked":"SKIP","floor":14},{"not_picked":["bronze:Repair","bronze:DigitalCarnage","bronze:Overheat"],"picked":"SKIP","floor":15},{"not_picked":["bronze:AlphaBuild","bronze:InfiniteLoop"],"picked":"bronze:HardenedForm","floor":16},{"not_picked":["bronze:Iterate","bronze:Shield","bronze:Turbo"],"picked":"SKIP","floor":19},{"not_picked":["bronze:Invalidate","bronze:MaxOutput","bronze:CutThrough+1"],"picked":"SKIP","floor":20},{"not_picked":["bronze:CutThrough","bronze:Turbo","bronze:DigitalCarnage+1"],"picked":"SKIP","floor":23},{"not_picked":[],"picked":"bronze:DonuBeam","floor":25},{"not_picked":[],"picked":"bronze:DecaBeam","floor":25},{"not_picked":["bronze:Separator","bronze:Branch+1","bronze:WhirlingStrike"],"picked":"SKIP","floor":26},{"not_picked":["bronze:BitShift","bronze:WildBeam","bronze:CutThrough"],"picked":"SKIP","floor":27},{"not_picked":["bronze:Fortify","bronze:Invalidate","bronze:ForceShield"],"picked":"SKIP","floor":28}],"player_experience":769032,"relics_obtained":[{"floor":7,"key":"War Paint"},{"floor":9,"key":"Omamori"},{"floor":21,"key":"Enchiridion"},{"floor":24,"key":"Art of War"}],"event_choices":[{"damage_healed":0,"gold_gain":0,"player_choice":"Ignored","damage_taken":0,"max_hp_gain":0,"max_hp_loss":0,"event_name":"Vampires","floor":22,"gold_loss":0}],"is_beta":false,"boss_relics":[{"not_picked":["Velvet Choker","Fusion Hammer"],"picked":"Cursed Key"}],"items_purged_floors":[],"is_endless":false,"potions_floor_spawned":[2,9,10,12,15,19,26,28],"killed_by":"Gremlin Leader","ascension_level":2}}