{"host":"fnndj664xgd3vavt","time":1613321116,"event":{"mods":["AchievementEnabler","BaseMod","Colored Powertips","DeckTracker","Downfall","Hermit","Highlight Path","Infinite Spire","Marisa????????","Minty Spire (QoL Compilation)","Quick Restart","Random Character Button","Replay The Spire","StSLib","The Cursed","The Servant 0.9.4"],"gold_per_floor":[99,99,99,199,299,299,299,299,309,343,249,267,67,81,99,99,99,99],"floor_reached":16,"language":"ENG","playtime":768,"items_purged":[],"score":103,"play_id":"08a28a3c-dba3-4511-ace0-a1a79478f8e7","local_time":"20210214114516","is_ascension_mode":true,"campfire_choices":[{"floor":1,"key":"RECALL"},{"data":"Guardian:Suspension","floor":13,"key":"SMITH"}],"circlet_count":0,"master_deck":["Guardian:Strike_Guardian","Guardian:Strike_Guardian","Guardian:Strike_Guardian","Guardian:Strike_Guardian","Guardian:Defend_Guardian","Guardian:Defend_Guardian","Guardian:Defend_Guardian","Guardian:Defend_Guardian","Guardian:CurlUp","Guardian:TwinSlam","Guardian:Suspension+1","Guardian:ShieldCharger","Guardian:Orbwalk","Guardian:Incinerate","Guardian:Incinerate","Guardian:Gem_Red"],"relics":["Guardian:ModeShifter","downfall:HeartsMalice","Regal Pillow","downfall:HeartBlessingBlue","downfall:HeartBlessingRed"],"acts_visited":["Exordium"],"potions_floor_usage":[],"damage_taken":[{"damage":0,"enemies":"2 Louse","floor":2,"turns":1},{"damage":0,"enemies":"Cultist","floor":6,"turns":1},{"damage":0,"enemies":"Jaw Worm","floor":8,"turns":1},{"damage":5,"enemies":"Gremlin Gang","floor":9,"turns":8},{"damage":33,"enemies":"Lagavulin","floor":10,"turns":12},{"damage":0,"enemies":"downfall:FleeingMerchant","floor":11,"turns":4},{"damage":9,"enemies":"Exordium Wildlife","floor":12,"turns":5},{"damage":5,"enemies":"downfall:LooterAlt","floor":14,"turns":4},{"damage":14,"enemies":"Blue Slaver","floor":15,"turns":4},{"damage":40,"enemies":"IC_STATUS_ARCHETYPE","floor":16,"turns":10}],"seed_played":"8157395080769775125","potions_obtained":[{"floor":9,"key":"SteroidPotion"},{"floor":10,"key":"champ:CounterPotion"},{"floor":12,"key":"SteroidPotion"},{"floor":14,"key":"Block Potion"}],"is_trial":false,"path_per_floor":["R","M","?","?","?","M","T","M","M","E","$","M","R","M","M","B"],"character_chosen":"GUARDIAN","items_purchased":["Guardian:Orbwalk"],"campfire_rested":0,"item_purchase_floors":[11],"current_hp_per_floor":[80,80,80,80,80,80,80,80,75,42,42,33,43,38,24,0,0,0],"gold":99,"neow_bonus":"THREE_ENEMY_KILL","is_daily":false,"chose_seed":false,"campfire_upgraded":1,"win_rate":0.0,"timestamp":1613321116,"path_taken":["R","M","?","?","?","M","T","M","M","E","$","?","R","M","M","BOSS"],"items_purchased_type":["Card"],"build_version":"2020-12-22","purchased_purges":0,"victory":false,"max_hp_per_floor":[80,80,80,80,80,80,80,80,80,80,80,80,90,90,90,90,90,90],"card_choices":[{"not_picked":["Guardian:TemporalStrike","Guardian:EvasiveProtocol"],"picked":"Guardian:Gem_Cyan","floor":2},{"not_picked":["Guardian:GuardianWhirl","Guardian:Gem_Green"],"picked":"Guardian:Suspension","floor":6},{"not_picked":["Guardian:CrystalBeam","Guardian:MultiBeam","Guardian:RefractedBeam"],"picked":"SKIP","floor":8},{"not_picked":["Guardian:GemFire","Guardian:PiercingHide"],"picked":"Guardian:ShieldCharger","floor":9},{"not_picked":["Guardian:Planning","Guardian:TemporalShield"],"picked":"Guardian:Gem_Purple","floor":10},{"not_picked":["Guardian:RollAttack","Guardian:ChargeCore","Guardian:RevengeProtocol"],"picked":"SKIP","floor":11},{"not_picked":["Guardian:ShieldCharger","Guardian:RollAttack"],"picked":"Guardian:Incinerate","floor":12},{"not_picked":["Guardian:Reroute","Guardian:VentSteam"],"picked":"Guardian:Incinerate","floor":14},{"not_picked":["Guardian:ShieldCharger","Guardian:Gem_Cyan"],"picked":"Guardian:Gem_Red","floor":15}],"player_experience":327370,"relics_obtained":[{"floor":10,"key":"Regal Pillow"}],"event_choices":[],"is_beta":false,"boss_relics":[],"items_purged_floors":[],"is_endless":false,"potions_floor_spawned":[9,10,12,14],"killed_by":"IC_STATUS_ARCHETYPE","ascension_level":1}}