{"host":"kda2p2afd6bvz6qo","time":1613271183,"event":{"mods":["BaseMod","Colored Map","Minty Spire (QoL Compilation)","Relic Stats"],"gold_per_floor":[113,125,141,141,141,141,164,164,216,216,216,256,256,294,294,418,418,432,17,35,55,55,88,88,123,123,26,26,60,60,84,84,209,209,224,248,267,291,191,226,226,259,307,325,358,372,408,408,408,408,408,408,19,63,63],"floor_reached":56,"language":"ENG","playtime":3975,"items_purged":["Defend_R","Defend_R"],"score":1758,"play_id":"79cf9bde-91fa-49e2-8376-82810bfde6cb","local_time":"20210214025303","is_ascension_mode":true,"campfire_choices":[{"data":"Uppercut","floor":6.0,"key":"SMITH"},{"data":"Cleave","floor":8.0,"key":"SMITH"},{"data":"True Grit","floor":11.0,"key":"SMITH"},{"data":"Shrug It Off","floor":13.0,"key":"SMITH"},{"data":"Rupture","floor":15.0,"key":"SMITH"},{"data":"Armaments","floor":24.0,"key":"SMITH"},{"data":"Shrug It Off","floor":30.0,"key":"SMITH"},{"data":"J.A.X.","floor":32.0,"key":"SMITH"},{"floor":41,"key":"RECALL"},{"data":"Demon Form","floor":49,"key":"SMITH"},{"data":"Disarm","floor":52,"key":"SMITH"}],"circlet_count":0,"master_deck":["Defend_R","Defend_R","Bash","True Grit+1","Uppercut+1","Cleave+1","Shrug It Off+1","Rupture+1","Immolate","Sword Boomerang","Shrug It Off+1","Pommel Strike","Armaments+1","Uppercut+1","Second Wind+1","Uppercut+1","Bite","Bite","Bite","Bite","Bite+1","Exhume","Shrug It Off","J.A.X.+1","Impervious","Disarm+1","Shockwave+1","Shrug It Off+1","Demon Form+1","Shrug It Off+1","Disarm","Double Tap","Dark Embrace","Sword Boomerang","Burning Pact+1"],"relics":["Snecko Eye","Golden Idol","Omamori","Self Forming Clay","Coffee Dripper","Gremlin Horn","Orrery","Centennial Puzzle","Question Card","Paper Frog","Pear","Black Star","Red Skull","Whetstone","Ancient Tea Set","Bottled Tornado","Potion Belt","Turnip","Prayer Wheel","Pen Nib","Calipers","Anchor","Happy Flower"],"acts_visited":["Exordium","TheCity","TheBeyond","TheEnding"],"potions_floor_usage":[37,46,46,55],"damage_taken":[{"damage":9.0,"enemies":"Jaw Worm","floor":1.0,"turns":4.0},{"damage":0.0,"enemies":"Small Slimes","floor":2.0,"turns":4.0},{"damage":8.0,"enemies":"2 Louse","floor":3.0,"turns":4.0},{"damage":0.0,"enemies":"Exordium Thugs","floor":7.0,"turns":3.0},{"damage":7.0,"enemies":"3 Sentries","floor":12.0,"turns":7.0},{"damage":5.0,"enemies":"Lagavulin","floor":14.0,"turns":6.0},{"damage":6.0,"enemies":"The Guardian","floor":16.0,"turns":11.0},{"damage":6.0,"enemies":"2 Thieves","floor":18.0,"turns":3.0},{"damage":2.0,"enemies":"3 Byrds","floor":20.0,"turns":4.0},{"damage":0.0,"enemies":"Snake Plant","floor":21.0,"turns":3.0},{"damage":0.0,"enemies":"Gremlin Leader","floor":23.0,"turns":3.0},{"damage":4.0,"enemies":"Book of Stabbing","floor":25.0,"turns":5.0},{"damage":18.0,"enemies":"Slavers","floor":29.0,"turns":7.0},{"damage":9.0,"enemies":"Shelled Parasite and Fungi","floor":31.0,"turns":4.0},{"damage":74.0,"enemies":"Automaton","floor":33.0,"turns":8.0},{"damage":3,"enemies":"3 Darklings","floor":35,"turns":5},{"damage":0,"enemies":"3 Shapes","floor":36,"turns":2},{"damage":2,"enemies":"Spire Growth","floor":37,"turns":4},{"damage":8,"enemies":"Maw","floor":38,"turns":8},{"damage":30,"enemies":"Reptomancer","floor":40,"turns":10},{"damage":55,"enemies":"Giant Head","floor":42,"turns":8},{"damage":6,"enemies":"3 Darklings","floor":44,"turns":4},{"damage":0,"enemies":"Nemesis","floor":45,"turns":5},{"damage":0,"enemies":"Transient","floor":46,"turns":5},{"damage":20,"enemies":"Giant Head","floor":47,"turns":9},{"damage":23,"enemies":"Awakened One","floor":50,"turns":10},{"damage":2,"enemies":"Shield and Spear","floor":54,"turns":6},{"damage":63,"enemies":"The Heart","floor":55,"turns":8}],"seed_played":"-1865167927102475557","potions_obtained":[{"floor":7.0,"key":"ColorlessPotion"},{"floor":12.0,"key":"SpeedPotion"},{"floor":16.0,"key":"SkillPotion"},{"floor":29.0,"key":"SteroidPotion"},{"floor":40,"key":"Explosive Potion"},{"floor":42,"key":"Ancient Potion"},{"floor":45,"key":"Block Potion"},{"floor":46,"key":"FairyPotion"}],"is_trial":false,"path_per_floor":["M","M","M","?","?","R","M","R","T","?","R","E","R","E","R","B",null,"M","$","M","M","?","E","R","E","T","$","?","E","R","M","R","B",null,"M","M","M","M","$","E","R","E","T","M","E","M","E","?","R","B",null,"R","$","E","B",null],"character_chosen":"IRONCLAD","items_purchased":["Gremlin Horn","Orrery","Shrug It Off","Calipers","Dark Embrace","Sword Boomerang"],"campfire_rested":0,"item_purchase_floors":[19,19,27,53,53,53],"current_hp_per_floor":[63,63,55,55,48,48,48,48,48,48,48,43,43,40,40,36,65,61,61,61,63,63,73,73,73,73,73,73,71,71,71,71,9,65,72,77,84,84,84,65,65,23,23,28,42,50,50,50,50,54,74,74,74,80,26],"gold":63,"neow_bonus":"BOSS_RELIC","is_daily":false,"chose_seed":false,"campfire_upgraded":10,"win_rate":0.0,"timestamp":1613271183,"path_taken":["M","M","M","?","?","R","M","R","T","?","R","E","R","E","R","BOSS","M","$","M","M","?","E","R","E","T","$","?","E","R","?","R","BOSS","M","M","M","M","$","E","R","E","T","M","E","M","E","?","R","BOSS","R","$","E","BOSS"],"items_purchased_type":["Relic","Relic","Card","Relic","Card","Card"],"build_version":"2020-12-22","purchased_purges":2,"victory":true,"max_hp_per_floor":[80,80,80,74,74,74,74,74,74,74,74,74,74,74,74,74,74,74,74,74,74,74,74,74,74,74,74,74,84,84,84,84,84,84,84,84,84,84,84,84,84,84,84,84,84,84,84,80,80,80,80,80,80,80,80],"relic_stats":{"Gremlin Horn":[28,28],"Happy Flower":[2],"counters":[28,160],"Golden Idol":221,"Self Forming Clay":[162],"Pen Nib":[4],"Whetstone":["Bite","Uppercut"],"Question Card":14,"Centennial Puzzle":[42],"Snecko Eye":[298,343,296,328],"Prayer Wheel":0,"Turnip":[2],"Black Star":5,"obtain_stats":[{"Calipers":53,"Gremlin Horn":19,"Whetstone":40,"Bottled Tornado":42,"Ancient Tea Set":42,"Burning Blood":0,"Blood Vial":9,"Centennial Puzzle":23,"Prayer Wheel":47,"Red Skull":40,"Paper Frog":26,"Potion Belt":45,"Pear":29,"Happy Flower":54,"Golden Idol":4,"Self Forming Clay":14,"Pen Nib":47,"Omamori":12,"Question Card":25,"Anchor":54,"Snecko Eye":0,"Orrery":19,"Turnip":45,"Coffee Dripper":17,"Black Star":34},{"Calipers":26,"Gremlin Horn":8,"Whetstone":20,"Bottled Tornado":21,"Ancient Tea Set":21,"Burning Blood":0,"Blood Vial":4,"Centennial Puzzle":11,"Prayer Wheel":25,"Red Skull":20,"Paper Frog":12,"Potion Belt":23,"Pear":13,"Happy Flower":27,"Golden Idol":3,"Self Forming Clay":6,"Pen Nib":25,"Omamori":5,"Question Card":12,"Anchor":27,"Snecko Eye":0,"Orrery":8,"Turnip":23,"Coffee Dripper":7,"Black Star":15},{"Calipers":146,"Gremlin Horn":42,"Whetstone":105,"Bottled Tornado":113,"Ancient Tea Set":113,"Burning Blood":0,"Blood Vial":15,"Centennial Puzzle":52,"Prayer Wheel":136,"Red Skull":105,"Paper Frog":57,"Potion Belt":122,"Pear":64,"Happy Flower":152,"Golden Idol":12,"Self Forming Clay":28,"Pen Nib":136,"Omamori":22,"Question Card":57,"Anchor":152,"Snecko Eye":0,"Orrery":42,"Turnip":122,"Coffee Dripper":39,"Black Star":76}]},"card_choices":[{"not_picked":["Flex","Warcry"],"picked":"True Grit","floor":1.0},{"not_picked":["Body Slam","Fire Breathing","Evolve"],"picked":"SKIP","floor":2.0},{"not_picked":["Havoc","Headbutt"],"picked":"Uppercut","floor":3.0},{"not_picked":["Heavy Blade","Infernal Blade"],"picked":"Cleave","floor":7.0},{"not_picked":["Dropkick","Ghostly Armor"],"picked":"Shrug It Off","floor":12.0},{"not_picked":["Clash","Thunderclap"],"picked":"Rupture","floor":14.0},{"not_picked":["Exhume","Berserk"],"picked":"Immolate","floor":16.0},{"not_picked":["Reckless Charge","Wild Strike"],"picked":"Sword Boomerang","floor":18.0},{"not_picked":["Pummel","Heavy Blade"],"picked":"Shrug It Off","floor":19.0},{"not_picked":["Headbutt","Sword Boomerang"],"picked":"Pommel Strike","floor":19.0},{"not_picked":["Searing Blow","Warcry+1"],"picked":"Armaments","floor":19.0},{"not_picked":["Reckless Charge","Pummel"],"picked":"Uppercut","floor":19.0},{"not_picked":["Anger","Perfected Strike+1"],"picked":"Second Wind+1","floor":20.0},{"not_picked":["Whirlwind","Sever Soul+1"],"picked":"Uppercut+1","floor":21.0},{"not_picked":["Warcry","Whirlwind","Perfected Strike"],"picked":"SKIP","floor":23.0},{"not_picked":["Anger+1","Shrug It Off"],"picked":"Exhume","floor":25.0},{"not_picked":["Havoc+1","Dropkick+1","Bloodletting","Heavy Blade"],"picked":"SKIP","floor":29.0},{"not_picked":["Ghostly Armor","Intimidate","Reckless Charge","Wild Strike"],"picked":"SKIP","floor":31.0},{"not_picked":["Bludgeon","Limit Break","Double Tap"],"picked":"Impervious","floor":33.0},{"not_picked":["Rupture","Spot Weakness","Heavy Blade"],"picked":"Disarm","floor":35},{"not_picked":["Reckless Charge","Bloodletting","Wild Strike"],"picked":"Shockwave+1","floor":36},{"not_picked":["Pommel Strike","Rupture","Sword Boomerang+1"],"picked":"Shrug It Off+1","floor":37},{"not_picked":["Flame Barrier","Shrug It Off+1","Flex","Anger"],"picked":"SKIP","floor":38},{"not_picked":["Second Wind+1","Fire Breathing+1","Clothesline+1"],"picked":"Demon Form","floor":40},{"not_picked":["Ghostly Armor","Twin Strike+1","Whirlwind","Iron Wave+1"],"picked":"SKIP","floor":42},{"not_picked":["Warcry","Seeing Red+1","Havoc+1","Clash+1"],"picked":"SKIP","floor":44},{"not_picked":["Sentinel","Flex+1","Brutality"],"picked":"Shrug It Off+1","floor":45},{"not_picked":["Blood for Blood","Dual Wield+1","Clash+1"],"picked":"Disarm","floor":46},{"not_picked":["Body Slam","Clothesline","Evolve","Double Tap"],"picked":"SKIP","floor":47},{"not_picked":["Body Slam","Clothesline","Evolve"],"picked":"Double Tap","floor":47},{"not_picked":["Intimidate","Wild Strike","Spot Weakness"],"picked":"Burning Pact+1","floor":54}],"player_experience":257429,"relics_obtained":[{"floor":9.0,"key":"Blood Vial"},{"floor":12.0,"key":"Omamori"},{"floor":14.0,"key":"Self Forming Clay"},{"floor":23.0,"key":"Centennial Puzzle"},{"floor":25.0,"key":"Question Card"},{"floor":26.0,"key":"Paper Frog"},{"floor":29.0,"key":"Pear"},{"floor":40,"key":"Red Skull"},{"floor":40,"key":"Whetstone"},{"floor":42,"key":"Ancient Tea Set"},{"floor":42,"key":"Bottled Tornado"},{"floor":45,"key":"Potion Belt"},{"floor":45,"key":"Turnip"},{"floor":47,"key":"Prayer Wheel"},{"floor":47,"key":"Pen Nib"},{"floor":54,"key":"Anchor"},{"floor":54,"key":"Happy Flower"}],"event_choices":[{"damage_healed":0.0,"max_hp_gain":0.0,"max_hp_loss":6.0,"gold_gain":0.0,"event_name":"Golden Idol","player_choice":"Lose Max HP","floor":4.0,"gold_loss":0.0,"damage_taken":0.0,"relics_obtained":["Golden Idol"]},{"cards_removed":["Strike_R"],"damage_healed":0.0,"max_hp_gain":0.0,"max_hp_loss":0.0,"gold_gain":0.0,"event_name":"Golden Wing","player_choice":"Card Removal","floor":5.0,"gold_loss":0.0,"damage_taken":7.0},{"damage_healed":0.0,"max_hp_gain":0.0,"max_hp_loss":0.0,"gold_gain":0.0,"event_name":"Liars Game","player_choice":"Ignored","floor":10.0,"gold_loss":0.0,"damage_taken":0.0},{"damage_healed":0.0,"max_hp_gain":0.0,"max_hp_loss":0.0,"gold_gain":0.0,"event_name":"Vampires","player_choice":"Became a vampire (Vial)","floor":22.0,"relics_lost":["Blood Vial"],"gold_loss":0.0,"damage_taken":0.0,"cards_obtained":["Bite","Bite","Bite","Bite","Bite"]},{"damage_healed":0.0,"max_hp_gain":0.0,"max_hp_loss":0.0,"gold_gain":0.0,"event_name":"Drug Dealer","player_choice":"Obtain J.A.X.","floor":28.0,"gold_loss":0.0,"damage_taken":0.0,"cards_obtained":["J.A.X."]},{"damage_healed":0,"gold_gain":0,"player_choice":"Max HP","damage_taken":0,"max_hp_gain":0,"max_hp_loss":4,"event_name":"Winding Halls","floor":48,"gold_loss":0}],"is_beta":false,"boss_relics":[{"not_picked":["Empty Cage","SacredBark"],"picked":"Coffee Dripper"},{"not_picked":["Pandora\u0027s Box","Astrolabe"],"picked":"Black Star"}],"items_purged_floors":[27,39],"is_endless":false,"potions_floor_spawned":[7,12,16,18,25,29,31,40,42,44,45,46],"ascension_level":6}}