{"host":"mo324zvkdr1xwprd","time":1613305571,"event":{"mods":["A Penny For Your Troubles","BaseMod","Better Note","Better Third Choice","BetterRewards","Hermit","Highlight Path","Hubris","Infinite Spire","Minty Spire (QoL Compilation)","Quick Restart","Rare Cards Sparkle","Shop Mod","StSLib","The Cursed","The Hierophant","Transform Curses","Treasure Hunter"],"gold_per_floor":[119,135,135,151,151,151,186,211,211,211,252,270,299,36,36,119,119,149,132,132,149,149,186,186,205,230,230,272,222,244,262,262,350,350,385,395,395],"floor_reached":36,"language":"ENG","playtime":2847,"items_purged":[],"score":1073,"play_id":"f336b71b-101b-42e0-b904-321485201c23","local_time":"20210214122611","is_ascension_mode":true,"campfire_choices":[{"floor":6.0,"key":"REST"},{"floor":10.0,"key":"REST"},{"floor":15.0,"key":"REST"},{"floor":24.0,"key":"RECALL"},{"floor":27.0,"key":"REST"},{"floor":32.0,"key":"REST"}],"circlet_count":0,"master_deck":["AscendersBane","Strike_G+1","Strike_G","Strike_G","Strike_G","Strike_G","Defend_G","Defend_G","Defend_G","Defend_G","Defend_G","Survivor","Neutralize","Deflect","Sucker Punch","Good Instincts","Noxious Fumes","Outmaneuver","Accuracy+1","Blade Dance","Backstab","Quick Slash","TH:ElvenBoots+1","Deadly Poison","Quick Slash","TH:Mimic","TH:TreasureMap","Dash","Dash","Dagger Spray","Noxious Fumes","PiercingWail","Master of Strategy","TH:ArmorSpikes","Corpse Explosion","Cloak And Dagger","Dagger Spray","TheCursedMod:CursedSpellbook","Noxious Fumes","Outmaneuver+1","PiercingWail","TH:DeckOfManyThings","Venomology","Slice+1","Sucker Punch+1","Envenom","Accuracy"],"relics":["Ring of the Snake","White Beast Statue","Toy Ornithopter","hubris:MedicalManual","Pocketwatch","infinitespire:Midas Blood","Centennial Puzzle","Darkstone Periapt","Mango","hubris:Backtick","Ice Cream","hubris:Towel","Molten Egg 2","Snake Skull","Bronze Scales","SlaversCollar"],"acts_visited":["Exordium","TheCity","TheBeyond"],"potions_floor_usage":[35,35,36,36],"damage_taken":[{"damage":0.0,"enemies":"Cultist","floor":1.0,"turns":4.0},{"damage":0.0,"enemies":"2 Louse","floor":2.0,"turns":2.0},{"damage":0.0,"enemies":"Small Slimes","floor":4.0,"turns":3.0},{"damage":0.0,"enemies":"Gremlin Nob","floor":7.0,"turns":3.0},{"damage":3.0,"enemies":"Exordium Wildlife","floor":8.0,"turns":3.0},{"damage":21.0,"enemies":"Lagavulin","floor":11.0,"turns":6.0},{"damage":0.0,"enemies":"Looter","floor":12.0,"turns":3.0},{"damage":18.0,"enemies":"Gremlin Nob","floor":13.0,"turns":4.0},{"damage":16.0,"enemies":"Hexaghost","floor":16.0,"turns":10.0},{"damage":17.0,"enemies":"Shell Parasite","floor":18.0,"turns":7.0},{"damage":9.0,"enemies":"2 Thieves","floor":19.0,"turns":4.0},{"damage":6.0,"enemies":"Cultist and Chosen","floor":21.0,"turns":4.0},{"damage":19.0,"enemies":"Slavers","floor":23.0,"turns":4.0},{"damage":31.0,"enemies":"Centurion and Healer","floor":25.0,"turns":3.0},{"damage":42.0,"enemies":"Book of Stabbing","floor":28.0,"turns":8.0},{"damage":21.0,"enemies":"Snake Plant","floor":30.0,"turns":3.0},{"damage":6.0,"enemies":"Shelled Parasite and Fungi","floor":31.0,"turns":4.0},{"damage":31.0,"enemies":"hubris:MusketHawk","floor":33.0,"turns":10.0},{"damage":60,"enemies":"3 Darklings","floor":35,"turns":5},{"damage":28,"enemies":"Orb Walker","floor":36,"turns":5}],"seed_played":"-2004743754277385390","potions_obtained":[{"floor":7.0,"key":"PowerPotion"},{"floor":8.0,"key":"Regen Potion"},{"floor":11.0,"key":"Regen Potion"},{"floor":12.0,"key":"PowerPotion"},{"floor":13.0,"key":"Swift Potion"},{"floor":16.0,"key":"BlessingOfTheForge"},{"floor":18.0,"key":"DuplicationPotion"},{"floor":19.0,"key":"Swift Potion"},{"floor":21.0,"key":"FearPotion"},{"floor":25.0,"key":"Dexterity Potion"},{"floor":28.0,"key":"Poison Potion"},{"floor":30.0,"key":"Block Potion"},{"floor":31.0,"key":"SpeedPotion"},{"floor":33.0,"key":"ColorlessPotion"},{"floor":35,"key":"Energy Potion"}],"is_trial":false,"path_per_floor":["M","M","?","M","?","R","E","M","T","R","E","M","E","$","R","B",null,"M","M","?","M","?","E","R","M","T","R","E","?","M","M","R","B",null,"M","M"],"character_chosen":"THE_SILENT","items_purchased":["Deflect","Sucker Punch","Good Instincts","infinitespire:Midas Blood","Noxious Fumes","Outmaneuver","Block Potion","Strength Potion","Noxious Fumes","PiercingWail","Master of Strategy"],"campfire_rested":5,"item_purchase_floors":[0,0,0,0,0,0,0,0,14,14,14],"current_hp_per_floor":[18,18,18,18,18,37,47,49,49,66,45,59,60,60,80,64,76,64,60,60,68,68,59,59,28,28,52,15,15,4,3,27,6,62,12,0,0],"gold":395,"neow_bonus":"","is_daily":false,"chose_seed":false,"campfire_upgraded":0,"win_rate":0.0,"timestamp":1613305571,"path_taken":["M","?","?","M","?","R","E","M","T","R","E","M","E","$","R","BOSS","M","M","?","M","?","E","R","M","T","R","E","?","?","M","R","BOSS","M","M"],"items_purchased_type":["Card","Card","Card","Relic","Card","Card","Potion","Potion","Card","Card","Card"],"build_version":"2020-12-22","purchased_purges":0,"victory":false,"max_hp_per_floor":[66,66,66,66,66,66,66,66,66,66,66,66,80,80,80,80,80,80,80,80,80,80,80,80,80,80,80,80,80,80,80,80,80,80,80,80,80],"card_choices":[{"not_picked":["Prepared","Leg Sweep"],"picked":"Accuracy","floor":1.0},{"not_picked":["Flechettes","PiercingWail"],"picked":"Blade Dance","floor":2.0},{"not_picked":["A Thousand Cuts","Infinite Blades"],"picked":"Quick Slash","floor":4.0},{"not_picked":["TH:CopperCoins"],"picked":"TH:ElvenBoots","floor":7.0},{"not_picked":["Well Laid Plans","Underhanded Strike"],"picked":"Deadly Poison","floor":7.0},{"not_picked":["Sucker Punch","Dodge and Roll"],"picked":"Quick Slash","floor":8.0},{"not_picked":["TH:TreasureMap"],"picked":"TH:Mimic","floor":9.0},{"not_picked":["TH:EnergyPotion"],"picked":"TH:TreasureMap","floor":11.0},{"not_picked":["Slice","Quick Slash"],"picked":"Dash","floor":11.0},{"not_picked":["Flechettes","Crippling Poison"],"picked":"Dash","floor":12.0},{"not_picked":["Distraction","hubris:Sniper"],"picked":"Dagger Spray","floor":13.0},{"not_picked":["TH:CopperCoins","TH:TreasureMap"],"picked":"SKIP","floor":13.0},{"not_picked":["TH:BikiniMail"],"picked":"TH:ArmorSpikes","floor":16.0},{"not_picked":["Burst","Malaise"],"picked":"Corpse Explosion","floor":16.0},{"not_picked":["Deadly Poison","Dodge and Roll"],"picked":"Cloak And Dagger","floor":18.0},{"not_picked":["Tactician","Footwork"],"picked":"Dagger Spray","floor":19.0},{"not_picked":["Underhanded Strike","Prepared"],"picked":"Noxious Fumes","floor":21.0},{"not_picked":["Dagger Spray+1","Cloak And Dagger"],"picked":"Outmaneuver+1","floor":23.0},{"not_picked":["TH:BikiniMail","TH:CopperCoins"],"picked":"SKIP","floor":23.0},{"not_picked":["Bane+1","Underhanded Strike+1"],"picked":"PiercingWail","floor":25.0},{"not_picked":["TH:ElvenBoots","TH:BikiniMail"],"picked":"SKIP","floor":26.0},{"not_picked":["TH:Mimic"],"picked":"TH:DeckOfManyThings","floor":28.0},{"not_picked":["Cloak And Dagger","Underhanded Strike+1"],"picked":"Venomology","floor":28.0},{"not_picked":["Acrobatics+1","Bane+1"],"picked":"Slice+1","floor":30.0},{"not_picked":["PiercingWail","Bane+1"],"picked":"Sucker Punch+1","floor":31.0},{"not_picked":["Bullet Time","A Thousand Cuts"],"picked":"Envenom","floor":33.0},{"not_picked":["Cloak And Dagger","Predator+1"],"picked":"Accuracy","floor":35}],"player_experience":649028,"relics_obtained":[{"floor":7.0,"key":"Centennial Puzzle"},{"floor":11.0,"key":"Darkstone Periapt"},{"floor":13.0,"key":"Mango"},{"floor":23.0,"key":"Molten Egg 2"},{"floor":26.0,"key":"Snake Skull"},{"floor":28.0,"key":"Bronze Scales"}],"event_choices":[{"damage_healed":0.0,"max_hp_gain":0.0,"max_hp_loss":0.0,"gold_gain":0.0,"event_name":"Living Wall","player_choice":"Grow","floor":5.0,"gold_loss":0.0,"damage_taken":0.0,"cards_upgraded":["Accuracy"]},{"damage_healed":0.0,"max_hp_gain":0.0,"max_hp_loss":0.0,"gold_gain":0.0,"event_name":"The Library","player_choice":"Read","floor":20.0,"gold_loss":0.0,"damage_taken":0.0,"cards_obtained":["TheCursedMod:CursedSpellbook"]},{"damage_healed":0.0,"max_hp_gain":0.0,"max_hp_loss":0.0,"gold_gain":0.0,"event_name":"Designer","player_choice":"Upgraded Two","floor":29.0,"gold_loss":50.0,"damage_taken":0.0,"cards_upgraded":["Strike_G","TH:ElvenBoots"]}],"is_beta":false,"boss_relics":[{"not_picked":["hubris:CrackedHourglass","Empty Cage"],"picked":"hubris:Backtick"},{"not_picked":["infinitespire:Cupcake","Pandora\u0027s Box"],"picked":"SlaversCollar"}],"items_purged_floors":[],"is_endless":false,"potions_floor_spawned":[1,2,4,7,8,11,12,13,16,18,19,21,23,25,28,30,31,33,35],"killed_by":"Orb Walker","ascension_level":15}}