{"host":"8ztb9kwpjc2zof9s","time":1613298735,"event":{"mods":["BaseMod","Block Reminder","Curses Come First","Minty Spire (QoL Compilation)","Relic Stats","StSLib"],"gold_per_floor":[116,131,151,1,21,21,53,53,79,79,154,174,51,62,62,62,62],"floor_reached":16,"language":"ENG","playtime":615,"items_purged":["Strike_G"],"score":158,"play_id":"ef8e0431-9e01-46d3-a9b9-f40bcc740ead","local_time":"20210214023215","is_ascension_mode":true,"campfire_choices":[{"floor":6,"key":"REST"},{"floor":8,"key":"REST"},{"data":"After Image","floor":15,"key":"SMITH"}],"circlet_count":0,"master_deck":["AscendersBane","Strike_G","Strike_G","Strike_G","Strike_G","Defend_G","Defend_G","Defend_G+1","Defend_G","Defend_G","Survivor+1","Neutralize","Infinite Blades","Blade Dance","Escape Plan","After Image+1","Backflip","Backflip"],"relics":["Ring of the Snake","Snake Skull","Oddly Smooth Stone","Potion Belt","Centennial Puzzle"],"acts_visited":["Exordium"],"potions_floor_usage":[12,16],"damage_taken":[{"damage":1,"enemies":"Jaw Worm","floor":1,"turns":8},{"damage":4,"enemies":"2 Louse","floor":2,"turns":3},{"damage":1,"enemies":"Cultist","floor":3,"turns":4},{"damage":11,"enemies":"Exordium Wildlife","floor":5,"turns":8},{"damage":36,"enemies":"Lagavulin","floor":7,"turns":10},{"damage":0,"enemies":"Looter","floor":12,"turns":4},{"damage":1,"enemies":"Exordium Thugs","floor":14,"turns":6},{"damage":30,"enemies":"Slime Boss","floor":16,"turns":13}],"seed_played":"6741898515121101023","potions_obtained":[{"floor":7,"key":"Explosive Potion"},{"floor":12,"key":"SkillPotion"}],"is_trial":false,"path_per_floor":["M","M","M","$","M","R","E","R","T","?","?","M","$","M","R","B"],"character_chosen":"THE_SILENT","items_purchased":["Oddly Smooth Stone","Backflip"],"campfire_rested":2,"item_purchase_floors":[4,13],"current_hp_per_floor":[62,58,57,57,46,67,31,52,52,38,31,31,31,30,30,0,0],"gold":62,"neow_bonus":"RANDOM_COMMON_RELIC","is_daily":false,"chose_seed":false,"campfire_upgraded":1,"win_rate":0.0,"timestamp":1613298735,"path_taken":["M","M","M","$","M","R","E","R","T","?","?","M","$","M","R","BOSS"],"items_purchased_type":["Relic","Card"],"build_version":"2020-12-22","purchased_purges":1,"victory":false,"max_hp_per_floor":[70,70,70,70,70,70,70,70,70,70,70,70,70,70,70,70,70],"relic_stats":{"Centennial Puzzle":[6],"counters":[8,56],"Snake Skull":[0],"obtain_stats":[{"Potion Belt":7,"Centennial Puzzle":9,"Oddly Smooth Stone":4,"Snake Skull":0,"Ring of the Snake":0},{"Potion Belt":5,"Centennial Puzzle":5,"Oddly Smooth Stone":3,"Snake Skull":0,"Ring of the Snake":0},{"Potion Belt":33,"Centennial Puzzle":33,"Oddly Smooth Stone":15,"Snake Skull":0,"Ring of the Snake":0}],"Ring of the Snake":[16]},"card_choices":[{"not_picked":["Flying Knee","Dagger Spray"],"picked":"Infinite Blades","floor":1},{"not_picked":["Prepared","Dagger Throw"],"picked":"Blade Dance","floor":2},{"not_picked":["Caltrops","Dodge and Roll"],"picked":"Escape Plan","floor":3},{"not_picked":["Slice","Poisoned Stab","Unload"],"picked":"SKIP","floor":5},{"not_picked":["Backstab","Caltrops"],"picked":"After Image","floor":7},{"not_picked":["Dagger Throw","Choke","Poisoned Stab"],"picked":"SKIP","floor":12},{"not_picked":["Acrobatics","Dagger Throw"],"picked":"Backflip","floor":14}],"player_experience":337375,"relics_obtained":[{"floor":7,"key":"Potion Belt"},{"floor":9,"key":"Centennial Puzzle"}],"event_choices":[{"damage_healed":0,"gold_gain":0,"player_choice":"Entered Light","damage_taken":14,"max_hp_gain":0,"max_hp_loss":0,"event_name":"Shining Light","floor":10,"gold_loss":0,"cards_upgraded":["Survivor","Defend_G"]},{"damage_healed":0,"gold_gain":75,"player_choice":"Touch","damage_taken":7,"max_hp_gain":0,"max_hp_loss":0,"event_name":"FaceTrader","floor":11,"gold_loss":0}],"is_beta":false,"boss_relics":[],"items_purged_floors":[13],"is_endless":false,"potions_floor_spawned":[7,12],"killed_by":"Slime Boss","ascension_level":11}}