{"host":"soyfmymeou4emntr","time":1613290291,"event":{"mods":["BaseMod","Minty Spire (QoL Compilation)","Permanent Neow","Relic Sorter","Relic Stats","StSLib"],"gold_per_floor":[114,114,9,23,37,64,64,91,118,138,138,153,183,201,201,280,280,297,222,172,11,30,30,61,74,100,100,21,21,21,21,21,21,21],"floor_reached":33,"language":"ENG","playtime":2303,"items_purged":[],"score":616,"play_id":"5d30a133-003e-4ff1-870e-543b7b25f678","local_time":"20210214011131","is_ascension_mode":true,"campfire_choices":[{"floor":7,"key":"REST"},{"floor":15,"key":"REST"},{"data":"Static Discharge","floor":23,"key":"SMITH"},{"floor":30,"key":"REST"},{"floor":32,"key":"REST"}],"circlet_count":0,"master_deck":["AscendersBane","Strike_B+1","Defend_B","Defend_B","Defend_B","Defend_B","Zap","Dualcast","Lockon+1","Rebound","Undo","Self Repair","BootSequence","Biased Cognition","Static Discharge+1","Streamline","FTL","Cold Snap","Coolheaded","Echo Form","Genetic Algorithm","Conserve Battery","Capacitor","Ghostly","Ghostly","Ghostly"],"relics":["SacredBark","Omamori","Whetstone","Blood Vial","Singing Bowl","Cursed Key","Anchor","Centennial Puzzle","Art of War"],"acts_visited":["Exordium","TheCity"],"potions_floor_usage":[6,8,13,16,22,24,33],"damage_taken":[{"damage":12,"enemies":"Cultist","floor":1,"turns":4},{"damage":7,"enemies":"Jaw Worm","floor":4,"turns":3},{"damage":1,"enemies":"Small Slimes","floor":5,"turns":3},{"damage":27,"enemies":"Lagavulin","floor":6,"turns":6},{"damage":0,"enemies":"3 Sentries","floor":8,"turns":5},{"damage":3,"enemies":"Blue Slaver","floor":10,"turns":4},{"damage":0,"enemies":"Red Slaver","floor":12,"turns":4},{"damage":56,"enemies":"Gremlin Nob","floor":13,"turns":5},{"damage":1,"enemies":"2 Fungi Beasts","floor":14,"turns":4},{"damage":13,"enemies":"The Guardian","floor":16,"turns":8},{"damage":5,"enemies":"Shell Parasite","floor":18,"turns":4},{"damage":22,"enemies":"2 Thieves","floor":22,"turns":4},{"damage":45,"enemies":"Slavers","floor":24,"turns":7},{"damage":19,"enemies":"Shelled Parasite and Fungi","floor":25,"turns":4},{"damage":42,"enemies":"Automaton","floor":33,"turns":6}],"seed_played":"-1180190144792781827","potions_obtained":[{"floor":4,"key":"FearPotion"},{"floor":5,"key":"Strength Potion"},{"floor":10,"key":"SneckoOil"},{"floor":12,"key":"ColorlessPotion"},{"floor":18,"key":"ColorlessPotion"},{"floor":22,"key":"FocusPotion"},{"floor":24,"key":"DuplicationPotion"}],"is_trial":false,"path_per_floor":["M","?","$","M","M","E","R","E","T","M","?","M","E","M","R","B",null,"M","?","?","$","M","R","E","M","T","?","$","?","R","$","R","B"],"character_chosen":"DEFECT","items_purchased":["AttackPotion","Rebound","Anchor","Capacitor"],"campfire_rested":4,"item_purchase_floors":[3,3,21,28],"current_hp_per_floor":[52,52,52,45,44,24,45,52,52,58,58,67,20,21,42,38,63,67,67,67,67,56,56,22,5,5,5,5,5,16,16,27,0,0],"gold":21,"neow_bonus":"BOSS_RELIC","is_daily":false,"chose_seed":false,"campfire_upgraded":1,"win_rate":0.0,"timestamp":1613290291,"path_taken":["M","?","$","?","M","E","R","E","T","M","?","?","E","M","R","BOSS","M","?","?","$","?","R","E","M","T","?","$","?","R","?","R","BOSS"],"items_purchased_type":["Potion","Card","Relic","Card"],"build_version":"2020-12-22","purchased_purges":0,"victory":false,"max_hp_per_floor":[71,71,71,71,71,71,71,71,71,71,71,71,71,71,71,71,71,71,71,71,71,73,73,75,75,75,75,75,37,37,37,37,37,37],"relic_stats":{"Blood Vial":20,"Centennial Puzzle":[3],"Singing Bowl":4,"counters":[15,71],"Art of War":[0],"Whetstone":["Lockon","Strike_B"],"Cursed Key":1,"obtain_stats":[{"Blood Vial":9,"Anchor":21,"Centennial Puzzle":24,"Singing Bowl":13,"SacredBark":0,"Omamori":6,"Art of War":26,"Whetstone":8,"Cracked Core":0,"Cursed Key":17},{"Blood Vial":5,"Anchor":11,"Centennial Puzzle":13,"Singing Bowl":8,"SacredBark":0,"Omamori":4,"Art of War":14,"Whetstone":5,"Cracked Core":0,"Cursed Key":10},{"Blood Vial":21,"Anchor":50,"Centennial Puzzle":61,"Singing Bowl":34,"SacredBark":0,"Omamori":16,"Art of War":65,"Whetstone":21,"Cracked Core":0,"Cursed Key":46}]},"card_choices":[{"not_picked":["Streamline","Conserve Battery"],"picked":"Lockon","floor":1},{"not_picked":["Gash","Sweeping Beam"],"picked":"Undo","floor":4},{"not_picked":["Reinforced Body","Streamline"],"picked":"Self Repair","floor":5},{"not_picked":["Leap","Compile Driver"],"picked":"BootSequence","floor":6},{"not_picked":["Force Field","Compile Driver"],"picked":"Biased Cognition","floor":8},{"not_picked":["Redo","Steam"],"picked":"Static Discharge","floor":10},{"not_picked":["Gash","Melter"],"picked":"FTL","floor":12},{"not_picked":["Beam Cell","Leap"],"picked":"Cold Snap","floor":13},{"not_picked":["Conserve Battery","Streamline"],"picked":"Coolheaded","floor":14},{"not_picked":["Thunder Strike","Seek"],"picked":"Echo Form","floor":16},{"not_picked":["Turbo","Storm"],"picked":"Genetic Algorithm","floor":18},{"not_picked":["Compile Driver","Turbo","Gash"],"picked":"Singing Bowl","floor":22},{"not_picked":["Hologram","Tempest","Beam Cell"],"picked":"Singing Bowl","floor":24},{"not_picked":["Reprogram","Ball Lightning"],"picked":"Conserve Battery","floor":25}],"player_experience":3306698,"relics_obtained":[{"floor":6,"key":"Omamori"},{"floor":8,"key":"Whetstone"},{"floor":9,"key":"Blood Vial"},{"floor":13,"key":"Singing Bowl"},{"floor":24,"key":"Centennial Puzzle"},{"floor":26,"key":"Art of War"}],"event_choices":[{"cards_removed":["Strike_B"],"damage_healed":0,"gold_gain":0,"player_choice":"Offered Basic","damage_taken":0,"max_hp_gain":0,"max_hp_loss":0,"event_name":"Bonfire Elementals","floor":2,"gold_loss":0},{"damage_healed":0,"gold_gain":0,"cards_transformed":["Strike_B"],"player_choice":"Transformed","damage_taken":0,"max_hp_gain":0,"max_hp_loss":0,"event_name":"Transmorgrifier","floor":11,"gold_loss":0,"cards_obtained":["Streamline"]},{"cards_removed":["Strike_B"],"damage_healed":0,"gold_gain":0,"player_choice":"Gave Gold","damage_taken":0,"max_hp_gain":0,"max_hp_loss":0,"event_name":"Beggar","floor":19,"gold_loss":75},{"damage_healed":0,"gold_gain":0,"player_choice":"Bet on Murderer","damage_taken":0,"max_hp_gain":0,"max_hp_loss":0,"event_name":"The Joust","floor":20,"gold_loss":50},{"damage_healed":0,"gold_gain":0,"player_choice":"Ignored","damage_taken":0,"max_hp_gain":0,"max_hp_loss":0,"event_name":"Cursed Tome","floor":27,"gold_loss":0},{"damage_healed":0,"gold_gain":0,"player_choice":"Became a Ghost","damage_taken":0,"max_hp_gain":0,"max_hp_loss":38,"event_name":"Ghosts","floor":29,"gold_loss":0,"cards_obtained":["Ghostly","Ghostly","Ghostly"]}],"is_beta":false,"boss_relics":[{"not_picked":["Busted Crown","Calling Bell"],"picked":"Cursed Key"}],"items_purged_floors":[],"is_endless":false,"potions_floor_spawned":[4,5,10,12,18,22,24],"killed_by":"Automaton","ascension_level":20}}