{"host":"c59zqhrgluvxuu0k","time":1613338063,"event":{"mods":["100% Spire Juice","BaseMod","Better Altar","Better Third Choice","BetterRewards","Colored Map","Colored Powertips","Curses Come First","Downfall","Friendly Minions","Hermit","Minty Spire (QoL Compilation)","Replay The Spire","Shop Mod","Spicy Shops","StSLib","The Blackbeard","The Cursed","The Death Knight","The Druid","The Jungle","The Necromancer","The Runesmith","The Wild Card"],"gold_per_floor":[99,113,24,37,212,227,252,252,252,279,298,313,413,425,443,545,545,545,564,564,580,680,680,758,516,532,551,568,647,297,332,342,441,441,430,446,459,459,479,507,507,536,336,348,332,382,117,127,142,142,142,142,142,142],"floor_reached":52,"language":"ENG","playtime":11754,"items_purged":["Hallucinations"],"score":943,"play_id":"3a6a1df3-0ff0-47ec-9c76-9a92c5766a3c","local_time":"20210214142743","is_ascension_mode":false,"campfire_choices":[{"data":"bronze:Goto","floor":1,"key":"SMITH"},{"data":"bronze:GetLatest","floor":9,"key":"SMITH"},{"floor":18,"key":"RECALL"},{"data":"bronze:Verify","floor":43,"key":"SMITH"}],"circlet_count":0,"master_deck":["bronze:Strike","bronze:Defend","bronze:Defend","bronze:Defend","bronze:Replicate+1","bronze:Goto+1","bronze:Iterate","bronze:Safeguard+1","bronze:Fortify","bronze:ClassDefault+1","bronze:GetLatest+1","bronze:ChildClass","bronze:RecursiveStrike","bronze:ForceShield","bronze:BurnOut+1","bronze:Branch","bronze:Shell","bronze:Mutator+1","bronze:Branch","bronze:ChosenStrike","bronze:WhirlingStrike","bronze:Branch","bronze:Boost+1","bronze:Optimize","bronze:WhirlingStrike","bronze:GetLatest","bronze:Flail","bronze:DelayedGuard","bronze:WhirlingStrike+1","bronze:Format","bronze:FollowUp+1","bronze:Repair+1","bronze:Verify+1","bronze:DelayedGuard+1","bronze:ClassDefault","bronze:WhirlingStrike","bronze:GetLatest+1","bronze:OilSpill+1","bronze:OilSpill+1"],"relics":["bronze:PlatinumCore","Medical Kit","bronze:ProtectiveGoggles","Divine Protection","Coffee Dripper","HornCleat","Pear","hexamod:BolsterEngine","Mercury Hourglass","Lee\u0027s Waffle","Guardian:PocketSentry","Red Mask","downfall:HeartBlessingRed","ReplayTheSpireMod:Lightbulb","Juzu Bracelet","downfall:HeartBlessingGreen","downfall:HeartBlessingBlue","ReplayTheSpireMod:CursedCoin","Gremlin Horn","Peace Pipe","Replay:Wax Seal","TheAbacus","Bag of Marbles"],"acts_visited":["Exordium","TheCity","TheBeyond","TheEnding"],"potions_floor_usage":[16,25,50],"damage_taken":[{"damage":0,"enemies":"Cultist","floor":2,"turns":3},{"damage":3,"enemies":"downfall:FleeingMerchant","floor":3,"turns":4},{"damage":0,"enemies":"2 Louse","floor":4,"turns":3},{"damage":0,"enemies":"Small Slimes","floor":6,"turns":4},{"damage":2,"enemies":"Lagavulin","floor":10,"turns":8},{"damage":0,"enemies":"Blue Slaver","floor":11,"turns":3},{"damage":0,"enemies":"Exordium Wildlife","floor":12,"turns":4},{"damage":0,"enemies":"downfall:Heads","floor":13,"turns":4},{"damage":0,"enemies":"Exordium Thugs","floor":14,"turns":5},{"damage":0,"enemies":"2 Fungi Beasts","floor":15,"turns":2},{"damage":39,"enemies":"IC_STATUS_ARCHETYPE","floor":16,"turns":15},{"damage":10,"enemies":"3 Byrds","floor":19,"turns":7},{"damage":0,"enemies":"Shell Parasite","floor":21,"turns":4},{"damage":0,"enemies":"downfall:FleeingMerchant","floor":25,"turns":5},{"damage":0,"enemies":"Shelled Parasite and Fungi","floor":26,"turns":4},{"damage":0,"enemies":"Snake Plant","floor":27,"turns":5},{"damage":2,"enemies":"3 Cultists","floor":28,"turns":5},{"damage":0,"enemies":"downfall:FleeingMerchant","floor":30,"turns":4},{"damage":0,"enemies":"Masked Bandits","floor":31,"turns":2},{"damage":0,"enemies":"Sentry and Sphere","floor":32,"turns":4},{"damage":0,"enemies":"SI_MIRROR_ARCHETYPE","floor":33,"turns":8},{"damage":10,"enemies":"3 Shapes","floor":36,"turns":4},{"damage":0,"enemies":"3 Darklings","floor":37,"turns":3},{"damage":0,"enemies":"Spire Growth","floor":39,"turns":3},{"damage":0,"enemies":"Reptomancer","floor":40,"turns":6},{"damage":0,"enemies":"Nemesis","floor":42,"turns":7},{"damage":0,"enemies":"Sphere and 2 Shapes","floor":44,"turns":2},{"damage":0,"enemies":"downfall:FleeingMerchant","floor":45,"turns":3},{"damage":0,"enemies":"2 Orb Walkers","floor":46,"turns":2},{"damage":0,"enemies":"Jaw Worm Horde","floor":48,"turns":2},{"damage":1,"enemies":"Writhing Mass","floor":49,"turns":3},{"damage":0,"enemies":"DF_ARCHETYPE_ORBS","floor":50,"turns":3},{"damage":137,"enemies":"downfall:CharBossMerchant","floor":52,"turns":8}],"seed_played":"942235825688786848","potions_obtained":[{"floor":2,"key":"FearPotion"},{"floor":4,"key":"Guardian:BlockOnCardUsePotion"},{"floor":10,"key":"SmokeBomb"},{"floor":13,"key":"Block Potion"},{"floor":16,"key":"Ancient Potion"},{"floor":21,"key":"Flashbang"},{"floor":27,"key":"Weak Potion"},{"floor":31,"key":"FairyPotion"},{"floor":46,"key":"ColorlessPotion"}],"is_trial":false,"path_per_floor":["R","M","$","M","?","M","T","?","R","E","M","M","?","M","M","B",null,"R","M","?","M","?","?","T","$","M","M","M","T","$","?","M","B",null,"R_BF","M","M","?","M","E","T","E","R","M","$","?","$","M","M","B",null,"E"],"character_chosen":"THE_AUTOMATON","items_purchased":["Medical Kit","bronze:WhirlingStrike","hexamod:BolsterEngine","bronze:Branch","Lee\u0027s Waffle","Guardian:PocketSentry","bronze:Flail","ReplayTheSpireMod:CursedCoin","bronze:ClassDefault","bronze:WhirlingStrike","Gremlin Horn","Replay:Wax Seal","TheAbacus","Bag of Marbles"],"campfire_rested":0,"item_purchase_floors":[3,25,25,25,30,30,30,45,45,45,45,47,47,47],"current_hp_per_floor":[63,63,60,60,60,60,60,60,60,58,58,58,58,58,58,19,63,63,53,35,35,35,29,39,39,39,39,37,37,80,80,80,80,80,80,70,70,70,70,70,70,70,80,80,90,90,90,90,89,89,90,0,0,0],"gold":142,"neow_bonus":"TRANSFORM_TWO_CARDS","is_daily":false,"chose_seed":false,"campfire_upgraded":3,"win_rate":0.0,"timestamp":1613338063,"path_taken":["R","M","$","M","?","M","T","?","R","E","M","M","?","M","M","BOSS","R","M","?","M","?","?","T","$","?","M","M","?","?","?","M","BOSS","R_BF","M","M","?","M","E","T","E","R","M","$","?","$","M","M","BOSS","E"],"items_purchased_type":["Relic","Card","Relic","Card","Relic","Relic","Card","Relic","Card","Card","Relic","Relic","Relic","Relic"],"build_version":"2020-12-22","purchased_purges":1,"victory":false,"max_hp_per_floor":[63,63,63,63,63,63,63,63,63,63,63,63,63,63,63,63,63,63,63,63,63,63,63,73,73,73,73,73,73,80,80,80,80,80,80,80,80,80,80,80,80,80,90,90,90,90,90,90,90,90,90,90,90,90],"card_choices":[{"not_picked":["bronze:ClassDefault","bronze:ChildClass"],"picked":"bronze:Fortify","floor":2},{"not_picked":["bronze:OilSpill","bronze:Frontload"],"picked":"bronze:ClassDefault","floor":3},{"not_picked":["bronze:CutThrough","bronze:BitShift"],"picked":"bronze:GetLatest","floor":4},{"not_picked":["bronze:ForceShield","bronze:Allocate"],"picked":"bronze:ChildClass","floor":6},{"not_picked":["bronze:Shield","bronze:DelayedSlice"],"picked":"bronze:RecursiveStrike","floor":10},{"not_picked":["bronze:Allocate","bronze:BuggyMess","bronze:Deprecate"],"picked":"SKIP","floor":11},{"not_picked":["bronze:Philosophize","bronze:Boost"],"picked":"bronze:ForceShield","floor":12},{"not_picked":["bronze:Deprecate","bronze:Overload"],"picked":"bronze:Branch","floor":13},{"not_picked":["bronze:Turbo","bronze:ChildClass","bronze:DelayedSlice"],"picked":"SKIP","floor":14},{"not_picked":["bronze:Iterate","bronze:RecursiveStrike"],"picked":"bronze:Shell","floor":15},{"not_picked":["bronze:ThunderWave","bronze:Virus"],"picked":"bronze:Mutator","floor":16},{"not_picked":["bronze:ClassDefault","bronze:WildBeam"],"picked":"bronze:Branch","floor":19},{"not_picked":["bronze:Allocate","bronze:Safeguard","bronze:BugBarrage+1"],"picked":"SKIP","floor":21},{"not_picked":["bronze:DelayedGuard","bronze:Shield"],"picked":"bronze:ChosenStrike","floor":25},{"not_picked":["bronze:OilSpill","bronze:FineTuning"],"picked":"bronze:Boost+1","floor":26},{"not_picked":["bronze:Shield","bronze:ChildClass"],"picked":"bronze:Optimize","floor":27},{"not_picked":["bronze:Backtrace+1","bronze:Invalidate"],"picked":"bronze:WhirlingStrike","floor":28},{"not_picked":["bronze:Repulsor","bronze:Overheat"],"picked":"bronze:GetLatest","floor":30},{"not_picked":["bronze:BitShift","bronze:Deprecate+1"],"picked":"bronze:DelayedGuard","floor":31},{"not_picked":["bronze:Shield","bronze:Deprecate"],"picked":"bronze:WhirlingStrike+1","floor":32},{"not_picked":["bronze:HyperBeam","bronze:BurnOut"],"picked":"bronze:Format","floor":33},{"not_picked":["bronze:DigitalCarnage+1","bronze:Iterate+1","bronze:Invalidate"],"picked":"SKIP","floor":36},{"not_picked":["bronze:Overheat","bronze:Iterate+1"],"picked":"bronze:FollowUp+1","floor":37},{"not_picked":["bronze:Safeguard+1","bronze:Branch"],"picked":"bronze:Repair+1","floor":39},{"not_picked":["bronze:FollowUp","bronze:Invalidate+1"],"picked":"bronze:Verify","floor":40},{"not_picked":["bronze:Overload","bronze:Shield","bronze:BugBarrage"],"picked":"SKIP","floor":42},{"not_picked":["bronze:Shield+1","bronze:Deprecate","bronze:Overheat"],"picked":"SKIP","floor":44},{"not_picked":["bronze:Frontload","bronze:NullPointer+1"],"picked":"bronze:DelayedGuard+1","floor":45},{"not_picked":["bronze:Virus","bronze:Repair+1"],"picked":"bronze:GetLatest+1","floor":46},{"not_picked":["bronze:WildBeam","bronze:Branch"],"picked":"bronze:OilSpill+1","floor":48},{"not_picked":["bronze:FollowUp+1","bronze:Safeguard+1"],"picked":"bronze:OilSpill+1","floor":49}],"player_experience":2220447,"relics_obtained":[{"floor":7,"key":"bronze:ProtectiveGoggles"},{"floor":10,"key":"Divine Protection"},{"floor":24,"key":"Pear"},{"floor":29,"key":"Mercury Hourglass"},{"floor":31,"key":"Red Mask"},{"floor":40,"key":"ReplayTheSpireMod:Lightbulb"},{"floor":42,"key":"Juzu Bracelet"},{"floor":46,"key":"Peace Pipe"}],"event_choices":[{"damage_healed":0,"gold_gain":0,"player_choice":"HornCleat","damage_taken":0,"relics_obtained":["HornCleat"],"max_hp_gain":0,"max_hp_loss":0,"event_name":"blackbeard:ShipwreckEvent","floor":23,"gold_loss":0},{"damage_healed":0,"gold_gain":0,"player_choice":"Fought Bandits","damage_taken":0,"max_hp_gain":0,"max_hp_loss":0,"event_name":"Masked Bandits","floor":31,"gold_loss":0},{"cards_removed":["bronze:Strike"],"damage_healed":0,"gold_gain":0,"player_choice":"Removed Attack","damage_taken":0,"max_hp_gain":0,"max_hp_loss":0,"event_name":"Falling","floor":38,"gold_loss":0},{"damage_healed":0,"gold_gain":0,"player_choice":"Fight","damage_taken":0,"max_hp_gain":0,"max_hp_loss":0,"event_name":"Mysterious Sphere","floor":46,"gold_loss":0}],"is_beta":false,"boss_relics":[{"not_picked":["Replay:Bronze Core","Sozu"],"picked":"Coffee Dripper"},{"not_picked":["Runic Dome","Replay:Ancient Bell"],"picked":"bronze:PlatinumCore"}],"items_purged_floors":[45],"is_endless":false,"potions_floor_spawned":[2,4,10,13,14,16,21,27,28,31,32,36,37,39,42,46],"killed_by":"downfall:CharBossMerchant","ascension_level":0}}