{"host":"ctlqibkg0sskiu65","time":1613320169,"event":{"mods":["AchievementEnabler","Aspiration","Astrologer","BaseMod","Better Third Choice","BetterRewards","Colored Map","Colored Powertips","Conspire","Curses Come First","Fiend Mod","Infinite Spire","Minty Spire (QoL Compilation)","Potionbrewer","Quick Restart","Reliquary","Replay The Spire","Robot Space Explorer","Shade Mod","Shop Mod","StSLib","The Blackbeard","The Bladedancer","The Cursed","The Death Knight","The Hierophant","The Jungle","The Kombatant","The Necromancer","The Poker Player","The Servant 0.9.4","TheBandit","Wide Potions","thorton"],"gold_per_floor":[118,136,136,136,150,150,180,194,194,24,51,69,19,19,19,19,19],"floor_reached":16,"language":"ENG","playtime":615,"items_purged":["Strike_G","Strike_G"],"score":220,"play_id":"7e032498-017b-4201-b67c-075fa499eeb1","local_time":"20210214102929","is_ascension_mode":true,"campfire_choices":[{"data":"Crippling Poison","floor":6.0,"key":"SMITH"},{"floor":15,"key":"REST"}],"circlet_count":0,"master_deck":["AscendersBane","Strike_G","Strike_G+1","Strike_G","Defend_G","Defend_G","Defend_G","Defend_G","Defend_G","Survivor","Neutralize","Dagger Spray","Crippling Poison+1","Toxin Wave","Replay:Poison Smokescreen","Toxin Wave","ReplayTheSpireMod:Speed Training"],"relics":["Ring of the Snake","infinitespire:Golems Mask","Smiling Mask","Pet Ghost"],"acts_visited":["Exordium"],"potions_floor_usage":[16],"damage_taken":[{"damage":0.0,"enemies":"2 Louse","floor":1.0,"turns":3.0},{"damage":4.0,"enemies":"Jaw Worm","floor":2.0,"turns":4.0},{"damage":0.0,"enemies":"Cultist","floor":5.0,"turns":4.0},{"damage":10.0,"enemies":"Lagavulin","floor":7.0,"turns":8.0},{"damage":0.0,"enemies":"2 Fungi Beasts","floor":8.0,"turns":1.0},{"damage":15.0,"enemies":"3 Sentries","floor":11.0,"turns":8.0},{"damage":9,"enemies":"Exordium Wildlife","floor":12,"turns":3},{"damage":59,"enemies":"Fading Forest","floor":16,"turns":7}],"seed_played":"1367247348609335695","potions_obtained":[{"floor":2.0,"key":"Block Potion"},{"floor":7.0,"key":"SteroidPotion"},{"floor":8.0,"key":"ColorlessPotion"},{"floor":11.0,"key":"potionbrewer:InfectionPotion"}],"is_trial":false,"path_per_floor":["M","M","?","?","M","R","E","M","T","$","E","M","$","?","R","B"],"character_chosen":"THE_SILENT","items_purchased":["Dagger Spray","Toxin Wave","ReplayTheSpireMod:Speed Training"],"campfire_rested":1,"item_purchase_floors":[0,10,10],"current_hp_per_floor":[59,55,60,60,60,60,50,50,50,50,35,26,26,26,47,0,0],"gold":19,"neow_bonus":"","is_daily":false,"chose_seed":false,"campfire_upgraded":1,"win_rate":0.0,"timestamp":1613320169,"path_taken":["M","M","?","?","M","R","E","M","T","$","E","?","$","?","R","BOSS"],"items_purchased_type":["Card","Card","Card"],"build_version":"2020-12-22","purchased_purges":2,"victory":false,"max_hp_per_floor":[66,66,71,71,71,71,71,71,71,71,71,71,71,71,71,71,71],"card_choices":[{"not_picked":["Deflect","Slice"],"picked":"Crippling Poison","floor":1.0},{"not_picked":["Underhanded Strike","Masterful Stab","Endless Agony"],"picked":"SKIP","floor":2.0},{"not_picked":["Flying Knee","PiercingWail"],"picked":"Toxin Wave","floor":5.0},{"not_picked":["Deflect","Outmaneuver","Dodge and Roll"],"picked":"SKIP","floor":7.0},{"not_picked":["Backflip","Catalyst"],"picked":"Replay:Poison Smokescreen","floor":8.0},{"not_picked":["Bouncing Flask","Acrobatics","ReplayTheSpireMod:Exploit Weakness"],"picked":"SKIP","floor":11.0},{"not_picked":["Dash","Outmaneuver","Dagger Spray"],"picked":"SKIP","floor":12}],"player_experience":301762,"relics_obtained":[{"floor":7.0,"key":"infinitespire:Golems Mask"},{"floor":9.0,"key":"Smiling Mask"},{"floor":11.0,"key":"Pet Ghost"}],"event_choices":[{"damage_healed":0.0,"max_hp_gain":5.0,"max_hp_loss":0.0,"gold_gain":0.0,"event_name":"Big Fish","player_choice":"Donut","floor":3.0,"gold_loss":0.0,"damage_taken":0.0},{"damage_healed":0,"gold_gain":0,"player_choice":"Ignored","damage_taken":0,"max_hp_gain":0,"max_hp_loss":0,"event_name":"WeMeetAgain","floor":14,"gold_loss":0}],"is_beta":false,"boss_relics":[],"items_purged_floors":[10,13],"is_endless":false,"potions_floor_spawned":[2,7,8,11,12],"killed_by":"Fading Forest","ascension_level":20}}