{"host":"y4fuci1jk2rsxnep","time":1613323688,"event":{"mods":["AchievementEnabler","BaseMod","Colored Powertips","Custom Start","Defuse TimeMaze Blight","Dio Mod","Downfall","Hermit","Hero for Fun","Hubris","Hunter ??","Infinite Spire","Minty Spire (QoL Compilation)","Quick Restart","Reliquary","Remove Card Discount Mod","Replay The Spire","StSLib","The Blackbeard","The Bug Knight","The Mystic","The Runesmith"],"gold_per_floor":[115,125,144,144,154,189,189,189,238,258,284,284,300,318,318,415,415,430,530,577,577,274,274,274,274,274],"floor_reached":24,"language":"ENG","playtime":2742,"items_purged":["ReplayTheSpireMod:Splinters"],"score":206,"play_id":"b4a3517c-8f6a-43ff-b8a5-e06cc5568eb4","local_time":"20210214182808","daily_mods":["Heirloom","Flight"],"is_ascension_mode":false,"campfire_choices":[{"data":"sneckomod:QuickBite","floor":7,"key":"SMITH"},{"data":"sneckomod:TailWhip","floor":8,"key":"SMITH"},{"data":"sneckomod:CheapStock","floor":12,"key":"SMITH"},{"floor":15,"key":"REST"},{"data":"sneckomod:Cheat","floor":23,"key":"SMITH"}],"circlet_count":0,"master_deck":["sneckomod:Strike","sneckomod:Strike","sneckomod:Strike","sneckomod:Defend","sneckomod:Defend","sneckomod:Defend","sneckomod:TailWhip+1","sneckomod:SnekBite+1","sneckomod:Unknown","sneckomod:Unknown","sneckomod:SnakeSap","sneckomod:ImprovisedGuard","sneckomod:Unknown2Cost","sneckomod:QuickBite+1","sneckomod:SnakeSap","sneckomod:CheapStock+1","sneckomod:SoulDraw","sneckomod:DiceBlock","sneckomod:UnknownRareSkill","sneckomod:Cheat+1","sneckomod:UnknownCommonSkill+1","sneckomod:SoulDraw"],"relics":["sneckomod:SneckoSoul","replay:Trail_Library","Durian","Juzu Bracelet","Nunchaku","sneckomod:LoadedDie","Honey Jar","HollowMod:LifeEnderRelic","hubris:Icosahedron","Sling","reliquary:Stiletto"],"acts_visited":["Exordium","TheCity"],"potions_floor_usage":[],"damage_taken":[{"damage":1,"enemies":"Cultist","floor":1,"turns":3},{"damage":1,"enemies":"2 Louse","floor":2,"turns":3},{"damage":0,"enemies":"Small Slimes","floor":3,"turns":2},{"damage":0,"enemies":"Blue Slaver","floor":5,"turns":4},{"damage":16,"enemies":"HollowMod:MossKnight","floor":6,"turns":13},{"damage":4,"enemies":"Gremlin Gang","floor":10,"turns":2},{"damage":21,"enemies":"Gremlin Nob","floor":11,"turns":4},{"damage":8,"enemies":"Exordium Wildlife","floor":13,"turns":4},{"damage":25,"enemies":"Lots of Slimes","floor":14,"turns":6},{"damage":14,"enemies":"Fading Forest","floor":16,"turns":11},{"damage":0,"enemies":"3 Byrds","floor":18,"turns":3},{"damage":0,"enemies":"Slavers","floor":24,"turns":1}],"seed_played":"-661260109633158657","potions_obtained":[{"floor":2,"key":"Reflective Coating"},{"floor":3,"key":"DistilledChaos"},{"floor":5,"key":"Weak Potion"},{"floor":14,"key":"Swift Potion"},{"floor":20,"key":"Block Potion"}],"is_trial":true,"path_per_floor":["M","M","M","?","M","E","R","R","T","M","E","R","M","M","R","B",null,"M","?","?","?","$","R","E"],"character_chosen":"THE_SNECKO","items_purchased":["Sling","reliquary:Stiletto"],"campfire_rested":1,"item_purchase_floors":[22,22],"current_hp_per_floor":[94,93,93,93,93,77,77,77,77,73,52,52,51,26,54,50,95,95,95,95,95,95,95,95,95,95],"gold":274,"neow_bonus":"","is_daily":false,"chose_seed":false,"campfire_upgraded":4,"win_rate":0.0,"timestamp":1613323688,"path_taken":["M","M","M","?","?","E","R","R","T","M","E","R","M","M","R","BOSS","M","?","?","?","$","R","E"],"items_purchased_type":["Relic","Relic"],"build_version":"2020-12-22","purchased_purges":1,"victory":false,"max_hp_per_floor":[95,95,95,95,95,95,95,95,95,95,95,95,95,95,95,95,95,95,95,95,95,95,95,95,95,95],"card_choices":[{"not_picked":["sneckomod:SoulRoll","sneckomod:UnknownVulnerable","sneckomod:RainOfDice"],"picked":"SKIP","floor":1},{"not_picked":["sneckomod:SerpentIdol","sneckomod:ImprovisedAttack"],"picked":"sneckomod:SnakeSap","floor":2},{"not_picked":["sneckomod:WideSting","sneckomod:RainOfDice"],"picked":"sneckomod:ImprovisedGuard","floor":3},{"not_picked":["sneckomod:UnknownWeak","sneckomod:UnknownCommonSkill"],"picked":"sneckomod:Unknown2Cost","floor":5},{"not_picked":["sneckomod:Unknown2Cost","sneckomod:Nope"],"picked":"sneckomod:QuickBite","floor":6},{"not_picked":["sneckomod:UnknownBlock","sneckomod:IronFang"],"picked":"sneckomod:SnakeSap","floor":10},{"not_picked":["sneckomod:SoulRoll","sneckomod:IronFang"],"picked":"sneckomod:CheapStock","floor":11},{"not_picked":["sneckomod:Unknown2Cost","sneckomod:UnknownCommonSkill"],"picked":"sneckomod:DiceBlock","floor":13},{"not_picked":["sneckomod:DefensiveFlair","sneckomod:UnknownDraw"],"picked":"sneckomod:UnknownRareSkill","floor":14},{"not_picked":["sneckomod:SoulExchange","sneckomod:UnknownRarePower"],"picked":"sneckomod:Cheat","floor":16},{"not_picked":["sneckomod:MasterEye","sneckomod:SoulRoll","sneckomod:UnknownVulnerable"],"picked":"sneckomod:UnknownCommonSkill+1","floor":18},{"not_picked":["sneckomod:UnknownStrike","sneckomod:QuickMove","sneckomod:UnknownCommonSkill"],"picked":"sneckomod:SoulDraw","floor":20}],"player_experience":564199,"relics_obtained":[{"floor":6,"key":"Juzu Bracelet"},{"floor":9,"key":"Nunchaku"},{"floor":11,"key":"sneckomod:LoadedDie"},{"floor":20,"key":"HollowMod:LifeEnderRelic"}],"event_choices":[{"damage_healed":0,"gold_gain":0,"player_choice":"Forge","damage_taken":0,"max_hp_gain":0,"max_hp_loss":0,"event_name":"Accursed Blacksmith","floor":4,"gold_loss":0,"cards_upgraded":["sneckomod:SnekBite"]},{"damage_healed":0,"gold_gain":100,"player_choice":"Pray","damage_taken":0,"max_hp_gain":0,"max_hp_loss":0,"event_name":"Golden Shrine","floor":19,"gold_loss":0}],"is_beta":false,"boss_relics":[{"not_picked":["Tiny House","reliquary:KinkedSpring"],"picked":"Honey Jar"}],"items_purged_floors":[22],"is_endless":false,"potions_floor_spawned":[2,3,5,6,14],"killed_by":"Slavers","ascension_level":0}}