{"host":"2ty4h143nj8vwezc","time":1613270207,"event":{"mods":["BaseMod","Colored Map","Googly Eyes","Highlight Path","Minty Spire (QoL Compilation)","Quick Restart","StSLib"],"gold_per_floor":[111,111,111,42,7,37,37,53,53,53,67,67,99,118,118,214,214,231,247,24,38,49,81,81,110,110,110,143,163,85,113,113,209,209,229,246,266,266,278,278,278,278],"floor_reached":41,"language":"ENG","playtime":1875,"items_purged":["Strike_B"],"score":759,"play_id":"42e29187-bbd7-405e-9d13-893b49001a46","local_time":"20210213213647","is_ascension_mode":true,"campfire_choices":[{"data":"Rainbow","floor":7.0,"key":"SMITH"},{"data":"Defragment","floor":10.0,"key":"SMITH"},{"data":"Electrodynamics","floor":15.0,"key":"SMITH"},{"floor":24.0,"key":"REST"},{"floor":27.0,"key":"REST"},{"floor":32.0,"key":"REST"},{"floor":40,"key":"REST"}],"circlet_count":0,"master_deck":["Strike_B","Defend_B","Defend_B","Defend_B","Zap","Dualcast","Steam","Reboot","Electrodynamics+1","Rainbow+1","Defragment+1","Genetic Algorithm","Hyperbeam","Leap","Beam Cell","Biased Cognition","Double Energy","Electrodynamics","Storm","Consume+1","Steam+1","Static Discharge","Steam Power","Storm+1","Multi-Cast","Ball Lightning+1","Creative AI","Capacitor+1","Reinforced Body","Undo+1","Melter+1"],"relics":["Cracked Core","NeowsBlessing","Dream Catcher","Girya","Ice Cream","Black Star","Chemical X","Eternal Feather","Happy Flower","Ornamental Fan","Question Card","Pear","Strawberry","InkBottle","Boot","FossilizedHelix","SlaversCollar"],"acts_visited":["Exordium","TheCity","TheBeyond"],"potions_floor_usage":[39,39],"damage_taken":[{"damage":0.0,"enemies":"Small Slimes","floor":1.0,"turns":1.0},{"damage":0.0,"enemies":"3 Sentries","floor":6.0,"turns":1.0},{"damage":0.0,"enemies":"Cultist","floor":8.0,"turns":1.0},{"damage":0.0,"enemies":"2 Louse","floor":11.0,"turns":1.0},{"damage":6.0,"enemies":"Lagavulin","floor":13.0,"turns":6.0},{"damage":8.0,"enemies":"Lots of Slimes","floor":14.0,"turns":2.0},{"damage":2.0,"enemies":"Slime Boss","floor":16.0,"turns":6.0},{"damage":12.0,"enemies":"2 Thieves","floor":18.0,"turns":2.0},{"damage":3.0,"enemies":"Spheric Guardian","floor":19.0,"turns":5.0},{"damage":1.0,"enemies":"3 Cultists","floor":21.0,"turns":3.0},{"damage":12.0,"enemies":"Centurion and Healer","floor":22.0,"turns":5.0},{"damage":21.0,"enemies":"Gremlin Leader","floor":23.0,"turns":5.0},{"damage":41.0,"enemies":"Book of Stabbing","floor":25.0,"turns":6.0},{"damage":7.0,"enemies":"Gremlin Leader","floor":28.0,"turns":5.0},{"damage":6.0,"enemies":"Sentry and Sphere","floor":29.0,"turns":3.0},{"damage":16.0,"enemies":"Slavers","floor":31.0,"turns":3.0},{"damage":43.0,"enemies":"Champ","floor":33.0,"turns":7.0},{"damage":11.0,"enemies":"3 Shapes","floor":35.0,"turns":2.0},{"damage":1.0,"enemies":"Orb Walker","floor":36.0,"turns":4.0},{"damage":5.0,"enemies":"Sphere and 2 Shapes","floor":37.0,"turns":3.0},{"damage":21,"enemies":"Transient","floor":39,"turns":5},{"damage":99,"enemies":"Giant Head","floor":41,"turns":8}],"seed_played":"-5173268075134749933","potions_obtained":[{"floor":6.0,"key":"Ancient Potion"},{"floor":8.0,"key":"AttackPotion"},{"floor":16.0,"key":"Energy Potion"},{"floor":19.0,"key":"Dexterity Potion"},{"floor":25.0,"key":"Fire Potion"},{"floor":28.0,"key":"SkillPotion"},{"floor":33.0,"key":"SkillPotion"}],"is_trial":false,"path_per_floor":["M","?","?","$","?","E","R","M","T","R","M","?","E","M","R","B",null,"M","M","$","M","M","E","R","E","T","R","E","M","$","E","R","B",null,"M","M","M","?","M","R","E"],"character_chosen":"DEFECT","items_purchased":["Electrodynamics","Chemical X","Storm"],"campfire_rested":4,"item_purchase_floors":[4,20,30],"current_hp_per_floor":[68,68,61,61,75,75,75,75,75,75,75,75,69,61,61,59,71,59,56,56,55,43,22,53,12,22,59,59,53,53,37,79,36,78,67,66,61,61,40,85,0,0],"gold":278,"neow_bonus":"THREE_ENEMY_KILL","is_daily":false,"chose_seed":false,"campfire_upgraded":3,"win_rate":0.0,"timestamp":1613270207,"path_taken":["M","?","?","$","?","E","R","M","T","R","M","?","E","M","R","BOSS","M","M","$","M","M","E","R","E","T","R","E","M","?","E","R","BOSS","M","?","?","?","M","R","E"],"items_purchased_type":["Card","Relic","Card"],"build_version":"2020-12-22","purchased_purges":1,"victory":false,"max_hp_per_floor":[75,75,75,75,75,75,75,75,75,75,75,75,75,75,75,75,75,75,75,75,75,75,75,75,75,85,85,92,92,92,92,92,92,92,92,92,92,92,92,92,92,92],"card_choices":[{"not_picked":["Hello World","Gash"],"picked":"Steam","floor":1.0},{"not_picked":["Genetic Algorithm","Streamline"],"picked":"Rainbow","floor":6.0},{"not_picked":["Redo","Ball Lightning"],"picked":"Defragment","floor":8.0},{"not_picked":["Rebound","Stack"],"picked":"Genetic Algorithm","floor":11.0},{"not_picked":["Recycle","Electrodynamics"],"picked":"Leap","floor":13.0},{"not_picked":["Sweeping Beam","Compile Driver"],"picked":"Beam Cell","floor":14.0},{"not_picked":["Multi-Cast","Seek"],"picked":"Biased Cognition","floor":16.0},{"not_picked":["Redo","Hologram","Gash+1"],"picked":"SKIP","floor":18.0},{"not_picked":["Scrape","Streamline"],"picked":"Double Energy","floor":19.0},{"not_picked":["Hologram","Sweeping Beam","Cold Snap"],"picked":"SKIP","floor":21.0},{"not_picked":["Steam Power","Turbo"],"picked":"Electrodynamics","floor":22.0},{"not_picked":["Coolheaded","Consume","Machine Learning"],"picked":"SKIP","floor":23.0},{"not_picked":["Self Repair","Turbo"],"picked":"Storm","floor":24.0},{"not_picked":["Sweeping Beam","Barrage"],"picked":"Consume+1","floor":25.0},{"not_picked":["Chaos","Stack","BootSequence"],"picked":"Steam+1","floor":27.0},{"not_picked":["Fission","Skim+1","Redo"],"picked":"Static Discharge","floor":28.0},{"not_picked":["Barrage+1","Leap+1","Stack"],"picked":"Steam Power","floor":29.0},{"not_picked":["Coolheaded","Undo+1","Cold Snap"],"picked":"Multi-Cast","floor":31.0},{"not_picked":["Force Field+1","Undo","Rebound"],"picked":"Ball Lightning+1","floor":32.0},{"not_picked":["Seek","All For One","Fission"],"picked":"Creative AI","floor":33.0},{"not_picked":["Sweeping Beam","Stack+1","Barrage"],"picked":"Capacitor+1","floor":35.0},{"not_picked":["Static Discharge","Conserve Battery+1","Redo"],"picked":"Reinforced Body","floor":36.0},{"not_picked":["Conserve Battery","Consume","Rebound+1"],"picked":"Undo+1","floor":37.0},{"not_picked":["Streamline+1","Auto Shields+1","Sweeping Beam"],"picked":"Melter+1","floor":39}],"player_experience":421330,"relics_obtained":[{"floor":6.0,"key":"Dream Catcher"},{"floor":9.0,"key":"Girya"},{"floor":13.0,"key":"Ice Cream"},{"floor":23.0,"key":"Eternal Feather"},{"floor":23.0,"key":"Happy Flower"},{"floor":25.0,"key":"Ornamental Fan"},{"floor":25.0,"key":"Question Card"},{"floor":26.0,"key":"Pear"},{"floor":28.0,"key":"Strawberry"},{"floor":28.0,"key":"InkBottle"},{"floor":31.0,"key":"Boot"},{"floor":31.0,"key":"FossilizedHelix"}],"event_choices":[{"damage_healed":0.0,"max_hp_gain":0.0,"max_hp_loss":0.0,"gold_gain":0.0,"cards_transformed":["Strike_B"],"event_name":"Living Wall","player_choice":"Change","floor":2.0,"gold_loss":0.0,"damage_taken":0.0,"cards_obtained":["Reboot"]},{"cards_removed":["Defend_B"],"damage_healed":0.0,"max_hp_gain":0.0,"max_hp_loss":0.0,"gold_gain":0.0,"event_name":"Golden Wing","player_choice":"Card Removal","floor":3.0,"gold_loss":0.0,"damage_taken":7.0},{"damage_healed":18.0,"max_hp_gain":0.0,"max_hp_loss":0.0,"gold_gain":0.0,"event_name":"The Cleric","player_choice":"Healed","floor":5.0,"gold_loss":35.0,"damage_taken":0.0},{"damage_healed":0.0,"max_hp_gain":0.0,"max_hp_loss":0.0,"gold_gain":0.0,"cards_transformed":["Strike_B"],"event_name":"Transmorgrifier","player_choice":"Transformed","floor":12.0,"gold_loss":0.0,"damage_taken":0.0,"cards_obtained":["Hyperbeam"]},{"damage_healed":0.0,"max_hp_gain":0.0,"max_hp_loss":0.0,"gold_gain":0.0,"event_name":"Upgrade Shrine","player_choice":"Upgraded","floor":38.0,"gold_loss":0.0,"damage_taken":0.0,"cards_upgraded":["Storm"]}],"is_beta":false,"boss_relics":[{"not_picked":["Coffee Dripper","Cursed Key"],"picked":"Black Star"},{"not_picked":["Nuclear Battery","Pandora\u0027s Box"],"picked":"SlaversCollar"}],"items_purged_floors":[20],"is_endless":false,"potions_floor_spawned":[6,8,16,19,25,28,29,33,35],"killed_by":"Giant Head","ascension_level":9}}