{"host":"0unxf5n5bucfuoy7","time":1613343753,"event":{"mods":["Act Like it!","AlwaysNeverKeys","Aspiration","Astrologer","BaseMod","Beaked The Cultist","Better Altar","Better Match","Better Note","Better Sensory Stone","Better Third Choice","Better Vampires","Conspire","Custom Start","DeckTracker","Downfall","Elementarium","Friendly Minions","GifTheSpireLib","Hallownest","Hubris","Infinite Spire","Minty Spire (QoL Compilation)","Permanent Neow","Potionbrewer","Quick Restart","Random Character Button","Replay The Spire","Spikes Relics","StSLib","The Bug Knight","The Death Knight","The Exalted","The Hierophant","The Spell Scribe","Transform Curses","Virulent Crown","Wandering Minibosses"],"gold_per_floor":[119,119,136,202,202,202,202,220,220,226,226,249,249,259,169,267,267,276,276,284,584,584,584,584],"floor_reached":23,"language":"ENG","playtime":1191,"items_purged":[],"score":237,"play_id":"7f7e1782-5c9f-4eff-a094-830b1da796d6","local_time":"20210214180233","is_ascension_mode":false,"campfire_choices":[{"data":"DeathKnight:DarkSuccor","floor":6,"key":"SMITH"},{"data":"DeathKnight:Frostscythe","floor":11,"key":"SMITH"},{"data":"DeathKnight:DeathRune","floor":13,"key":"SMITH"}],"circlet_count":0,"master_deck":["DeathKnight:RuneTap","DeathKnight:RuneStrike+1","DeathKnight:DarkSuccor+1","DeathKnight:Parry","DeathKnight:MindFreeze","Replay:DivineShield+1","DeathKnight:DeathRune+1","DeathKnight:Frostscythe+1","DeathKnight:BoneShield","DeathKnight:FesteringStrike","DeathKnight:MarkOfBlood","DeathKnight:MarkOfBlood","DeathKnight:Ossuary","DeathKnight:AntiMagicShell","DeathKnight:DancingRuneblade","DeathKnight:MarkOfBlood","DeathKnight:UnholyFrenzy","DeathKnight:DeathAndDecay","DeathKnight:HornOfWinter","DeathKnight:ReapingStrike","DeathKnight:Marrowrend","DeathKnight:BloodPact","DeathKnight:Obliterate","Writhe","Insight"],"relics":["DeathKnight:BrokenRuneblade","ReplayTheSpireMod:Lightbulb","Replay:Towering Pillar of Hats","ReplayFunnel","Replay:Ringing Soul","Toy Ornithopter","potionbrewer:SlideRule","hubris:CuriousFeather","Pandora\u0027s Box","Old Coin"],"acts_visited":["Exordium","TheCity"],"potions_floor_usage":[16,16],"damage_taken":[{"damage":0,"enemies":"Small Slimes","floor":1,"turns":3},{"damage":16,"enemies":"conspire:MimicChest","floor":3,"turns":7},{"damage":0,"enemies":"Jaw Worm","floor":8,"turns":4},{"damage":0,"enemies":"2 Louse","floor":10,"turns":2},{"damage":9,"enemies":"Lagavulin","floor":12,"turns":6},{"damage":1,"enemies":"Blue Slaver","floor":14,"turns":4},{"damage":32,"enemies":"Slime Boss","floor":16,"turns":10},{"damage":13,"enemies":"Shell Parasite","floor":18,"turns":8},{"damage":53,"enemies":"3 Cultists","floor":20,"turns":6}],"seed_played":"8573471116259212694","potions_obtained":[{"floor":1,"key":"Languid Potion"},{"floor":4,"key":"DeathKnight:PlagueVial"},{"floor":4,"key":"SkillPotion"},{"floor":10,"key":"potionbrewer:ToxicPotion"},{"floor":16,"key":"hexamod:SoulburnPotion"},{"floor":20,"key":"AttackPotion"}],"is_trial":false,"path_per_floor":["M","?","?","?","?","R","?","M","T","M","R","E","R","M","R","B",null,"M","?","M","?","?","R"],"character_chosen":"DEATH_KNIGHT","items_purchased":[],"campfire_rested":0,"item_purchase_floors":[],"current_hp_per_floor":[75,75,59,41,41,41,32,35,35,38,38,32,32,34,34,15,96,86,86,36,39,42,42,42],"gold":584,"neow_bonus":"UPGRADE_CARD","is_daily":false,"chose_seed":false,"campfire_upgraded":3,"win_rate":0.0,"timestamp":1613343753,"path_taken":["M","?","?","?","?","R","?","M","T","?","R","E","R","M","R","BOSS","M","?","M","?","?","R"],"items_purchased_type":[],"build_version":"2020-12-22","purchased_purges":0,"victory":false,"max_hp_per_floor":[75,75,75,75,75,75,78,81,81,84,84,87,87,90,90,93,96,99,99,102,105,108,108,108],"card_choices":[{"not_picked":["DeathKnight:ShatteringStrikes","DeathKnight:FrosPresence"],"picked":"DeathKnight:DarkSuccor","floor":1},{"not_picked":["DeathKnight:BoneSpear","DeathKnight:DreadStrike"],"picked":"DeathKnight:Parry","floor":3},{"not_picked":["DeathKnight:Parry","DeathKnight:FrosPresence"],"picked":"DeathKnight:MindFreeze","floor":4},{"not_picked":["DeathKnight:BloodBoil","DeathKnight:PillarOfFrost"],"picked":"DeathKnight:DeathRune","floor":8},{"not_picked":["DeathKnight:MutagenicPlague","DeathKnight:DreadStrike"],"picked":"DeathKnight:Frostscythe","floor":10},{"not_picked":["DeathKnight:Parry","DeathKnight:BloodTap"],"picked":"DeathKnight:BoneShield","floor":12},{"not_picked":["DeathKnight:DeathRune","DeathKnight:DeathAndDecay"],"picked":"DeathKnight:FesteringStrike","floor":14},{"not_picked":["DeathKnight:Runesurge","DeathKnight:Simulacrum"],"picked":"DeathKnight:MarkOfBlood","floor":16},{"not_picked":["DeathKnight:Ossuary+1","DeathKnight:DeathGrip+1"],"picked":"DeathKnight:BloodPact","floor":18},{"not_picked":["DeathKnight:AntiMagicShell","DeathKnight:BoneSpear"],"picked":"DeathKnight:Obliterate","floor":20}],"player_experience":134633,"relics_obtained":[{"floor":3,"key":"Replay:Towering Pillar of Hats"},{"floor":4,"key":"ReplayFunnel"},{"floor":5,"key":"Replay:Ringing Soul"},{"floor":9,"key":"potionbrewer:SlideRule"},{"floor":12,"key":"hubris:CuriousFeather"}],"event_choices":[{"damage_healed":0,"gold_gain":0,"player_choice":"Box","damage_taken":0,"relics_obtained":["ReplayTheSpireMod:Lightbulb"],"max_hp_gain":0,"max_hp_loss":0,"event_name":"Big Fish","floor":2,"gold_loss":0,"cards_obtained":["Regret"]},{"cards_removed":["Regret"],"damage_healed":0,"gold_gain":0,"player_choice":"Upgrade and Remove","damage_taken":0,"max_hp_gain":0,"max_hp_loss":0,"event_name":"Designer","floor":15,"gold_loss":90,"cards_upgraded":["DeathKnight:Strike_DeathKnight"]},{"cards_removed":["DeathKnight:Ossuary"],"damage_healed":0,"gold_gain":0,"player_choice":"Give","damage_taken":0,"max_hp_gain":0,"max_hp_loss":0,"event_name":"betterNote:BetterNote","floor":19,"gold_loss":0,"cards_obtained":["Defend_B"]},{"damage_healed":0,"gold_gain":0,"player_choice":"Opened","damage_taken":0,"relics_obtained":["Old Coin"],"max_hp_gain":0,"max_hp_loss":0,"event_name":"The Mausoleum","floor":21,"gold_loss":0,"cards_obtained":["Writhe"]},{"damage_healed":0,"gold_gain":0,"player_choice":"Insight","damage_taken":0,"max_hp_gain":0,"max_hp_loss":0,"event_name":"betterThird:BetterWriting","floor":22,"gold_loss":0,"cards_obtained":["Insight"]}],"is_beta":false,"boss_relics":[{"not_picked":["Calling Bell","aspiration:IroncladSkillbook"],"picked":"Pandora\u0027s Box"}],"items_purged_floors":[],"is_endless":false,"potions_floor_spawned":[1,10,16,20],"ascension_level":0}}