{"host":"1avr1135to2copjv","time":1613333608,"event":{"mods":["BaseMod","Colored Map","Colored Powertips","Minty Spire (QoL Compilation)","Relic Stats","StSLib"],"gold_per_floor":[111,131,146,156,173,173,173,183,183,193,222,238,238,267,267,267,267],"floor_reached":16,"language":"ENG","playtime":821,"items_purged":[],"score":226,"play_id":"33db4d9d-6909-4dec-9dfd-18e19ced0c01","local_time":"20210214231328","is_ascension_mode":true,"campfire_choices":[{"data":"Poisoned Stab","floor":6,"key":"SMITH"},{"floor":13,"key":"REST"},{"floor":15,"key":"REST"}],"circlet_count":0,"master_deck":["AscendersBane","Strike_G","Strike_G","Strike_G","Strike_G","Strike_G","Defend_G","Defend_G","Defend_G","Defend_G","Defend_G","Survivor","Neutralize","Riddle With Holes+1","Crippling Poison","Deadly Poison","Poisoned Stab+1","Leg Sweep","Adrenaline","Noxious Fumes","Dodge and Roll+1","Backflip+1","After Image"],"relics":["Ring of the Snake","Toy Ornithopter","Toxic Egg 2","Happy Flower","Bottled Lightning"],"acts_visited":["Exordium"],"potions_floor_usage":[4,8,10,16],"damage_taken":[{"damage":18,"enemies":"Jaw Worm","floor":1,"turns":9},{"damage":1,"enemies":"Cultist","floor":2,"turns":3},{"damage":0,"enemies":"Small Slimes","floor":3,"turns":4},{"damage":0,"enemies":"2 Fungi Beasts","floor":4,"turns":3},{"damage":9,"enemies":"Large Slime","floor":5,"turns":7},{"damage":4,"enemies":"3 Louse","floor":8,"turns":2},{"damage":10,"enemies":"Exordium Thugs","floor":10,"turns":4},{"damage":17,"enemies":"3 Sentries","floor":11,"turns":6},{"damage":0,"enemies":"2 Fungi Beasts","floor":12,"turns":4},{"damage":14,"enemies":"Lagavulin","floor":14,"turns":7},{"damage":44,"enemies":"Hexaghost","floor":16,"turns":11}],"seed_played":"-5700085775389887041","potions_obtained":[{"floor":1,"key":"GamblersBrew"},{"floor":3,"key":"Explosive Potion"},{"floor":4,"key":"Explosive Potion"},{"floor":12,"key":"Energy Potion"}],"is_trial":false,"path_per_floor":["M","M","M","M","M","R","?","M","T","M","E","M","R","E","R","B"],"character_chosen":"THE_SILENT","items_purchased":[],"campfire_rested":2,"item_purchase_floors":[],"current_hp_per_floor":[41,40,40,45,36,36,36,37,37,32,15,15,34,20,39,0,0],"gold":267,"neow_bonus":"RANDOM_COMMON_RELIC","is_daily":false,"chose_seed":false,"campfire_upgraded":1,"win_rate":0.0,"timestamp":1613333608,"path_taken":["M","M","M","M","M","R","?","M","T","?","E","M","R","E","R","BOSS"],"items_purchased_type":[],"build_version":"2020-12-22","purchased_purges":0,"victory":false,"max_hp_per_floor":[66,66,66,66,66,66,66,66,66,66,66,66,66,66,66,66,66],"relic_stats":{"Happy Flower":[7],"counters":[11,60],"obtain_stats":[{"Happy Flower":11,"Bottled Lightning":14,"Toxic Egg 2":9,"Toy Ornithopter":0,"Ring of the Snake":0},{"Happy Flower":8,"Bottled Lightning":10,"Toxic Egg 2":6,"Toy Ornithopter":0,"Ring of the Snake":0},{"Happy Flower":38,"Bottled Lightning":49,"Toxic Egg 2":28,"Toy Ornithopter":0,"Ring of the Snake":0}],"Toy Ornithopter":20,"Ring of the Snake":[22]},"card_choices":[{"not_picked":["Blade Dance","Slice"],"picked":"Riddle With Holes","floor":1},{"not_picked":["Caltrops","Dodge and Roll"],"picked":"Crippling Poison","floor":2},{"not_picked":["Underhanded Strike","Backflip"],"picked":"Deadly Poison","floor":3},{"not_picked":["Terror","Outmaneuver"],"picked":"Poisoned Stab","floor":4},{"not_picked":["Accuracy","Cloak And Dagger"],"picked":"Leg Sweep","floor":5},{"not_picked":["Prepared","Leg Sweep"],"picked":"Adrenaline","floor":8},{"not_picked":["Riddle With Holes","Prepared+1"],"picked":"Noxious Fumes","floor":10},{"not_picked":["Heel Hook","Finisher"],"picked":"Dodge and Roll+1","floor":11},{"not_picked":["Poisoned Stab","Crippling Poison+1"],"picked":"Backflip+1","floor":12},{"not_picked":["Slice","Outmaneuver+1"],"picked":"After Image","floor":14}],"player_experience":1033939,"relics_obtained":[{"floor":9,"key":"Toxic Egg 2"},{"floor":11,"key":"Happy Flower"},{"floor":14,"key":"Bottled Lightning"}],"event_choices":[{"damage_healed":0,"gold_gain":0,"player_choice":"Upgraded","damage_taken":0,"max_hp_gain":0,"max_hp_loss":0,"event_name":"Upgrade Shrine","floor":7,"gold_loss":0,"cards_upgraded":["Riddle With Holes"]}],"is_beta":false,"boss_relics":[],"items_purged_floors":[],"is_endless":false,"potions_floor_spawned":[1,3,4,12],"killed_by":"Hexaghost","ascension_level":19}}