{"host":"1445u9fdo06cpl2a","time":1613326071,"event":{"mods":["AchievementEnabler","Aspiration","Astrologer","Bard","BaseMod","Better Skull","BetterRewards","Colored Map","Colored Powertips","Conspire","Curses Come First","DeckTracker","Duelist Mod","GifTheSpireLib","GungeonMod","Halation","Hermit","Highlight Path","Hubris","Infinite Spire","Minty Spire (QoL Compilation)","Permanent Neow","Random Character Button","Rare Cards Sparkle","Replay The Spire","Shop Mod","Spire Arcade","StSLib","Stuff the Spire","Td1madao Mod","The Blackbeard","The Bladedancer","The Construct","The Cursed","The Forsaken","The Gatherer","The Hierophant","The Marked","The Mystic","The Necromancer","The Poker Player","The Runesmith","The Saiyan"],"gold_per_floor":[117,117,132,150,17,17,49,64,64,64,96,111,144,157,157,254,254,268,268,287,300,315,346,346,374,374,374,374,386,397,407,407,528,528,528,428,486,486,486],"floor_reached":38,"language":"ENG","playtime":4357,"items_purged":["hermit:Strike_Hermit","hermit:Defend_Hermit"],"score":836,"play_id":"da5eb711-4334-4269-8c52-caff35c224eb","local_time":"20210214180751","is_ascension_mode":false,"campfire_choices":[{"data":"hermit:GoldenBullet","floor":6,"key":"SMITH"},{"floor":15,"key":"REST"},{"floor":24,"key":"REST"},{"floor":28,"key":"REST"},{"data":"hermit:FlashPowder","floor":32,"key":"SMITH"},{"data":"hermit:Dive","floor":32,"key":"SMITH"},{"data":"hermit:WideOpen","floor":35,"key":"SMITH"},{"data":"hermit:Gambit","floor":35,"key":"SMITH"}],"circlet_count":0,"master_deck":["hermit:Strike_Hermit","hermit:Strike_Hermit","hermit:Strike_Hermit","hermit:Defend_Hermit","hermit:Defend_Hermit","hermit:Defend_Hermit","hermit:Snapshot+1","hermit:Covet","hermit:GoldenBullet+1","hermit:LowProfile","hermit:GoldenBullet+1","hermit:Deadeye","hermit:WideOpen+1","hermit:Dive+1","hermit:FinalCanter","hermit:FlashPowder+1","hermit:GhostlyPresence","hermit:EyeOfTheStorm+1","hermit:Quickdraw+1","hermit:Gambit+1","hermit:PistolWhip+1"],"relics":["hermit:Momento","construct:FoamFinger","Replay:Baseball","hubris:Metronome","halation:PenCase","halation:LoveArrow","hermit:RyeStalk","infinitespire:PuzzleCube","Pet Ghost","infinitespire:Satchel","halation:AfternoonTea","hubris:Zylophone","infinitespire:EvilPickle","ChewingGum","Pen Nib"],"acts_visited":["Exordium","TheCity","TheEnding"],"potions_floor_usage":[8,22,23,23,23,37,37,37],"damage_taken":[{"damage":3,"enemies":"Jaw Worm","floor":1,"turns":4},{"damage":5,"enemies":"2 Louse","floor":3,"turns":2},{"damage":6,"enemies":"Cultist","floor":4,"turns":6},{"damage":26,"enemies":"3 Sentries","floor":7,"turns":12},{"damage":10,"enemies":"Exordium Thugs","floor":8,"turns":3},{"damage":0,"enemies":"Gremlin Nob","floor":11,"turns":2},{"damage":0,"enemies":"Red Slaver","floor":12,"turns":2},{"damage":0,"enemies":"Lagavulin","floor":13,"turns":3},{"damage":0,"enemies":"Large Slime","floor":14,"turns":2},{"damage":0,"enemies":"Slime Boss","floor":16,"turns":2},{"damage":0,"enemies":"2 Thieves","floor":18,"turns":3},{"damage":0,"enemies":"Shell Parasite","floor":20,"turns":5},{"damage":3,"enemies":"Shelled Parasite and Fungi","floor":21,"turns":5},{"damage":0,"enemies":"Chosen and Byrds","floor":22,"turns":5},{"damage":7,"enemies":"Book of Stabbing","floor":23,"turns":7},{"damage":15,"enemies":"Nightmare","floor":25,"turns":11},{"damage":0,"enemies":"Snake Plant","floor":29,"turns":1},{"damage":0,"enemies":"Snecko","floor":30,"turns":5},{"damage":4,"enemies":"3 Cultists","floor":31,"turns":6},{"damage":4,"enemies":"Pondfish","floor":33,"turns":15},{"damage":71,"enemies":"Shield and Spear","floor":37,"turns":26},{"damage":57,"enemies":"The Heart","floor":38,"turns":2}],"seed_played":"-8379630600311602249","potions_obtained":[{"floor":1,"key":"ColorlessPotion"},{"floor":7,"key":"Fire Potion"},{"floor":8,"key":"BlessingOfTheForge"},{"floor":11,"key":"Reflective Coating"},{"floor":14,"key":"Energy Potion"},{"floor":21,"key":"Flashbang"},{"floor":22,"key":"Weak Potion"},{"floor":23,"key":"Explosive Potion"},{"floor":25,"key":"hermit:BlackBile"},{"floor":33,"key":"hermit:BlackBile"}],"is_trial":false,"path_per_floor":["M","?","M","M","$","R","E","M","T","?","E","M","E","M","R","B",null,"M","?","M","M","M","E","R","NM","T","?","R","M","M","M","R","B",null,"R","$","E","B"],"character_chosen":"HERMIT","items_purchased":["hermit:GoldenBullet+1"],"campfire_rested":3,"item_purchase_floors":[5],"current_hp_per_floor":[72,72,67,61,61,61,35,25,25,25,25,25,25,25,47,47,75,75,20,20,17,17,10,32,17,17,25,47,47,47,43,43,39,75,75,75,4,0,0],"gold":486,"neow_bonus":"UPGRADE_CARD","is_daily":false,"chose_seed":false,"campfire_upgraded":5,"win_rate":0.0,"timestamp":1613326071,"path_taken":["M","?","M","M","$","R","E","M","T","?","E","?","E","M","R","BOSS","M","?","M","?","M","E","R","NM","T","?","R","M","M","?","R","BOSS","R","$","E","BOSS"],"items_purchased_type":["Card"],"build_version":"2020-12-22","purchased_purges":2,"victory":false,"max_hp_per_floor":[75,75,75,75,75,75,75,75,75,75,75,75,75,75,75,75,75,75,75,75,75,75,75,75,75,75,75,75,75,75,75,75,75,75,75,75,75,75,75],"card_choices":[{"not_picked":["hermit:Coalescence","hermit:Ricochet","hermit:HighCaliber"],"picked":"SKIP","floor":1},{"not_picked":["hermit:Desperado","hermit:Quickdraw"],"picked":"hermit:GoldenBullet","floor":3},{"not_picked":["hermit:Glare","hermit:TrackingShot"],"picked":"hermit:LowProfile","floor":4},{"not_picked":["hermit:Ricochet","hermit:Quickdraw"],"picked":"hermit:Deadeye","floor":7},{"not_picked":["hermit:Shortfuse","hermit:FullyLoaded","hermit:TrackingShot"],"picked":"SKIP","floor":8},{"not_picked":["hermit:Ricochet","hermit:Roulette"],"picked":"hermit:WideOpen","floor":11},{"not_picked":["hermit:Midnight","hermit:Coalescence"],"picked":"hermit:Dive","floor":12},{"not_picked":["hermit:HoleUp","hermit:Spite","hermit:Vantage"],"picked":"SKIP","floor":13},{"not_picked":["hermit:TakeAim","hermit:HoleUp","hermit:Headshot"],"picked":"SKIP","floor":14},{"not_picked":["hermit:Purgatory","hermit:Dissolve"],"picked":"hermit:FinalCanter","floor":16},{"not_picked":["hermit:SprayPray","hermit:TrackingShot+1","hermit:Feint"],"picked":"SKIP","floor":18},{"not_picked":["hermit:SprayPray+1","hermit:Scavenge","hermit:Ricochet"],"picked":"SKIP","floor":20},{"not_picked":["hermit:Headshot","hermit:Snipe"],"picked":"hermit:FlashPowder","floor":21},{"not_picked":["hermit:Brawl","hermit:Maintenance"],"picked":"hermit:GhostlyPresence","floor":22},{"not_picked":["hermit:LowProfile","hermit:Misfire"],"picked":"hermit:EyeOfTheStorm+1","floor":23},{"not_picked":["hermit:SprayPray","hermit:RoundhouseKick","hermit:Grudge"],"picked":"SKIP","floor":25},{"not_picked":["hermit:PistolWhip+1","hermit:ItchyTrigger"],"picked":"hermit:Quickdraw+1","floor":29},{"not_picked":["hermit:Manifest","hermit:TakeAim+1","hermit:HoleUp+1"],"picked":"SKIP","floor":30},{"not_picked":["hermit:Feint","hermit:Headshot+1","hermit:Snipe+1"],"picked":"SKIP","floor":31},{"not_picked":["hermit:EternalForm","hermit:Purgatory"],"picked":"hermit:Gambit","floor":33},{"not_picked":["hermit:CalledShot","hermit:CursedWeapon"],"picked":"hermit:PistolWhip+1","floor":37}],"player_experience":225626,"relics_obtained":[{"floor":7,"key":"construct:FoamFinger"},{"floor":9,"key":"Replay:Baseball"},{"floor":11,"key":"hubris:Metronome"},{"floor":13,"key":"halation:PenCase"},{"floor":23,"key":"infinitespire:Satchel"},{"floor":25,"key":"halation:AfternoonTea"},{"floor":26,"key":"hubris:Zylophone"},{"floor":37,"key":"Pen Nib"}],"event_choices":[{"damage_healed":0,"gold_gain":0,"player_choice":"Bought 0 Potions","damage_taken":0,"max_hp_gain":0,"max_hp_loss":0,"event_name":"The Woman in Blue","floor":10,"gold_loss":0},{"damage_healed":0,"gold_gain":0,"player_choice":"RE RE RE ","damage_taken":61,"relics_obtained":["hermit:RyeStalk","infinitespire:PuzzleCube","Pet Ghost"],"max_hp_gain":0,"max_hp_loss":0,"event_name":"betterSkull:BetterSkull","floor":19,"gold_loss":0,"cards_upgraded":[]}],"is_beta":false,"boss_relics":[{"not_picked":["Snecko Eye","Abe\u0027s Treasure"],"picked":"halation:LoveArrow"},{"not_picked":["hubris:HollowSoul","Velvet Choker"],"picked":"ChewingGum"}],"items_purged_floors":[5,36],"is_endless":true,"potions_floor_spawned":[1,7,8,11,14,16,21,22,23,25,33],"killed_by":"The Heart","ascension_level":0}}