{"host":"ffjrj7fisyni1ebk","time":1613304923,"event":{"mods":["2.2 Compatiblity","BaseMod","Bestiary","Colored Map","Colored Powertips","Curses Come First","Highlight Path","Keyboard Shortcuts","Minty Spire (QoL Compilation)","Relic Stats","Slay the Relics Exporter","StSLib","SuperFastMode"],"gold_per_floor":[109,109,124,134,309,309,321,321,321,335,67,67,79,91,91,194,194,211,201,213,128,128,128,28,58,58,58,58,74,94,149,149,253,253,266,286,305,14,14,33,33,33],"floor_reached":41,"language":"ENG","playtime":4894,"items_purged":["Regret","Strike_G"],"score":459,"play_id":"b3e5059d-839e-4585-8114-4d2c2a7b70e5","local_time":"20210214141523","is_ascension_mode":false,"campfire_choices":[{"data":"Dagger Spray","floor":6.0,"key":"SMITH"},{"data":"Bouncing Flask","floor":12.0,"key":"SMITH"},{"floor":15.0,"key":"REST"},{"floor":23.0,"key":"REST"},{"floor":27.0,"key":"REST"},{"floor":32.0,"key":"REST"}],"circlet_count":0,"master_deck":["Strike_G","Strike_G","Strike_G","Strike_G","Defend_G","Defend_G","Defend_G","Defend_G","Defend_G","Survivor","Neutralize","Dagger Spray+1","Cloak And Dagger","PiercingWail","Malaise","Footwork","Bouncing Flask+1","Leg Sweep","Deadly Poison","Noxious Fumes","Venomology","Cloak And Dagger","Night Terror","Footwork","Distraction","Writhe","Poisoned Stab"],"relics":["Philosopher\u0027s Stone","Darkstone Periapt","Singing Bowl","Black Star","Question Card","Smiling Mask","MealTicket","SlaversCollar","Ginger"],"acts_visited":["Exordium","TheCity","TheBeyond"],"potions_floor_usage":[40,40],"damage_taken":[{"damage":0.0,"enemies":"Small Slimes","floor":1.0,"turns":4.0},{"damage":5.0,"enemies":"Jaw Worm","floor":3.0,"turns":4.0},{"damage":0.0,"enemies":"2 Louse","floor":4.0,"turns":2.0},{"damage":21.0,"enemies":"Large Slime","floor":7.0,"turns":9.0},{"damage":2.0,"enemies":"3 Louse","floor":10.0,"turns":2.0},{"damage":0.0,"enemies":"2 Fungi Beasts","floor":13.0,"turns":4.0},{"damage":2.0,"enemies":"Exordium Thugs","floor":14.0,"turns":4.0},{"damage":48.0,"enemies":"Slime Boss","floor":16.0,"turns":13.0},{"damage":13.0,"enemies":"Shell Parasite","floor":18.0,"turns":6.0},{"damage":23.0,"enemies":"2 Thieves","floor":19.0,"turns":4.0},{"damage":12.0,"enemies":"Centurion and Healer","floor":20.0,"turns":8.0},{"damage":40.0,"enemies":"Slavers","floor":25.0,"turns":8.0},{"damage":10.0,"enemies":"Sentry and Sphere","floor":29.0,"turns":6.0},{"damage":7.0,"enemies":"Snake Plant","floor":30.0,"turns":6.0},{"damage":27.0,"enemies":"Cultist and Chosen","floor":31.0,"turns":7.0},{"damage":36.0,"enemies":"Automaton","floor":33.0,"turns":11.0},{"damage":22.0,"enemies":"3 Darklings","floor":35.0,"turns":8.0},{"damage":39.0,"enemies":"3 Shapes","floor":36.0,"turns":8.0},{"damage":46.0,"enemies":"Transient","floor":37.0,"turns":5.0},{"damage":36,"enemies":"Spire Growth","floor":40,"turns":10},{"damage":45,"enemies":"Nemesis","floor":41,"turns":3}],"seed_played":"3534923100138478661","potions_obtained":[{"floor":3.0,"key":"Poison Potion"},{"floor":7.0,"key":"AttackPotion"},{"floor":13.0,"key":"EssenceOfSteel"},{"floor":19.0,"key":"CunningPotion"},{"floor":25.0,"key":"Poison Potion"},{"floor":30.0,"key":"Fruit Juice"},{"floor":33.0,"key":"SpeedPotion"},{"floor":37.0,"key":"DistilledChaos"}],"is_trial":false,"path_per_floor":["M","?","M","M","?","R","M","?","T","M","$","R","M","M","R","B",null,"M","M","M","?","?","R","$","E","T","R","?","M","M","M","R","B",null,"M","M","M","$","?","M","E"],"character_chosen":"THE_SILENT","items_purchased":["Footwork","Bouncing Flask","Leg Sweep","Ginger"],"campfire_rested":4,"item_purchase_floors":[11,11,11,38],"current_hp_per_floor":[70,76,71,71,77,77,56,49,49,49,49,49,51,51,77,31,90,79,56,46,46,27,56,56,16,16,45,45,35,35,8,39,3,106,84,47,10,25,58,22,0,0],"gold":33,"neow_bonus":"BOSS_RELIC","is_daily":false,"chose_seed":false,"campfire_upgraded":2,"win_rate":0.0,"timestamp":1613304923,"path_taken":["M","?","M","M","?","R","M","?","T","M","$","R","M","M","R","BOSS","M","M","M","?","?","R","$","E","T","R","?","M","M","?","R","BOSS","M","M","M","$","?","M","E"],"items_purchased_type":["Card","Card","Card","Relic"],"build_version":"2020-12-22","purchased_purges":2,"victory":false,"max_hp_per_floor":[70,76,76,76,82,82,82,82,82,84,84,84,86,88,88,90,90,92,92,94,94,99,99,99,99,99,99,99,99,106,106,106,106,106,106,108,108,108,114,114,114,114],"relic_stats":{"Darkstone Periapt":18,"Singing Bowl":16,"counters":[21,132],"MealTicket":15,"Black Star":1,"Ginger":[0],"Question Card":9,"Smiling Mask":0,"obtain_stats":[{"Darkstone Periapt":2,"SlaversCollar":34,"Singing Bowl":9,"Philosopher\u0027s Stone":0,"MealTicket":25,"Black Star":17,"Ginger":38,"Question Card":21,"Smiling Mask":25,"Ring of the Snake":0},{"Darkstone Periapt":1,"SlaversCollar":16,"Singing Bowl":4,"Philosopher\u0027s Stone":0,"MealTicket":12,"Black Star":8,"Ginger":19,"Question Card":11,"Smiling Mask":12,"Ring of the Snake":0},{"Darkstone Periapt":4,"SlaversCollar":98,"Singing Bowl":19,"Philosopher\u0027s Stone":0,"MealTicket":68,"Black Star":42,"Ginger":119,"Question Card":60,"Smiling Mask":68,"Ring of the Snake":0}]},"card_choices":[{"not_picked":["Backflip","Underhanded Strike"],"picked":"Dagger Spray","floor":1.0},{"not_picked":["Flying Knee","Outmaneuver"],"picked":"Cloak And Dagger","floor":3.0},{"not_picked":["Dodge and Roll","Prepared"],"picked":"PiercingWail","floor":4.0},{"not_picked":["Deflect","PiercingWail"],"picked":"Malaise","floor":7.0},{"not_picked":["Outmaneuver","Expertise","Reflex"],"picked":"Singing Bowl","floor":10.0},{"not_picked":["Poisoned Stab","Acrobatics","Deflect"],"picked":"Singing Bowl","floor":13.0},{"not_picked":["Finisher","Flying Knee","Heel Hook"],"picked":"Singing Bowl","floor":14.0},{"not_picked":["Unload","Die Die Die","Grand Finale"],"picked":"Singing Bowl","floor":16.0},{"not_picked":["Deflect","Outmaneuver","Underhanded Strike"],"picked":"Singing Bowl","floor":18.0},{"not_picked":["Sucker Punch","Eviscerate"],"picked":"Deadly Poison","floor":19.0},{"not_picked":["Sucker Punch","Quick Slash+1","Riddle With Holes+1"],"picked":"Singing Bowl","floor":20.0},{"not_picked":["Slice","Masterful Stab+1","Dodge and Roll+1"],"picked":"Noxious Fumes","floor":25.0},{"not_picked":["Bouncing Flask","Masterful Stab","Blur"],"picked":"Venomology","floor":29.0},{"not_picked":["Quick Slash","Dagger Spray","Leg Sweep","Prepared+1"],"picked":"Singing Bowl","floor":30.0},{"not_picked":["Quick Slash+1","Underhanded Strike+1","Deflect"],"picked":"Cloak And Dagger","floor":31.0},{"not_picked":["Malaise","Glass Knife","Doppelganger"],"picked":"Night Terror","floor":33.0},{"not_picked":["Dodge and Roll+1","Tactician","Bane"],"picked":"Footwork","floor":35.0},{"not_picked":["Poisoned Stab","Deflect+1","Infinite Blades+1","Dodge and Roll+1"],"picked":"Singing Bowl","floor":36.0},{"not_picked":["Infinite Blades","Acrobatics","Terror"],"picked":"Distraction","floor":37.0},{"not_picked":["Slice+1","Skewer","Blade Dance+1"],"picked":"Poisoned Stab","floor":40}],"player_experience":317797,"relics_obtained":[{"floor":9.0,"key":"Singing Bowl"},{"floor":25.0,"key":"Smiling Mask"},{"floor":25.0,"key":"MealTicket"}],"event_choices":[{"damage_healed":0.0,"max_hp_gain":0.0,"max_hp_loss":0.0,"gold_gain":0.0,"event_name":"Big Fish","player_choice":"Box","floor":2.0,"gold_loss":0.0,"damage_taken":0.0,"relics_obtained":["Darkstone Periapt"],"cards_obtained":["Regret"]},{"damage_healed":0.0,"max_hp_gain":0.0,"max_hp_loss":0.0,"gold_gain":175.0,"event_name":"Liars Game","player_choice":"AGREE","floor":5.0,"gold_loss":0.0,"damage_taken":0.0,"cards_obtained":["Doubt"]},{"cards_removed":["Doubt"],"damage_healed":0.0,"max_hp_gain":0.0,"max_hp_loss":0.0,"gold_gain":0.0,"event_name":"Golden Wing","player_choice":"Card Removal","floor":8.0,"gold_loss":0.0,"damage_taken":7.0},{"damage_healed":0.0,"max_hp_gain":0.0,"max_hp_loss":0.0,"gold_gain":0.0,"event_name":"Addict","player_choice":"Obtained Relic","floor":21.0,"gold_loss":85.0,"damage_taken":0.0,"relics_obtained":["Question Card"]},{"damage_healed":0.0,"max_hp_gain":5.0,"max_hp_loss":0.0,"gold_gain":0.0,"event_name":"Forgotten Altar","player_choice":"Shed Blood","floor":22.0,"gold_loss":0.0,"damage_taken":24.0},{"damage_healed":0.0,"max_hp_gain":0.0,"max_hp_loss":0.0,"gold_gain":0.0,"event_name":"NoteForYourself","player_choice":"Ignored","floor":28.0,"gold_loss":0.0,"damage_taken":0.0},{"damage_healed":27.0,"max_hp_gain":0.0,"max_hp_loss":0.0,"gold_gain":0.0,"event_name":"Winding Halls","player_choice":"Writhe","floor":39.0,"gold_loss":0.0,"damage_taken":0.0,"cards_obtained":["Writhe"]}],"is_beta":false,"boss_relics":[{"not_picked":["Busted Crown","Cursed Key"],"picked":"Black Star"},{"not_picked":["WristBlade","Astrolabe"],"picked":"SlaversCollar"}],"items_purged_floors":[11,24],"is_endless":false,"potions_floor_spawned":[3,7,13,19,25,30,33,37],"killed_by":"Nemesis","ascension_level":0}}