{"host":"8u1cu4kisw6g21am","time":1613334324,"event":{"mods":["AchievementEnabler","BaseMod","Bestiary","Better Note","BetterRewards","Marked Mod","Mimic Mod","Minty Spire (QoL Compilation)","Quick Restart","Shop Mod","Spicy Shops","StSLib"],"gold_per_floor":[109,129,54,66,79,114,61,93,93,125,143,143,158,188,188,290,340,353,368,383,399,399,399,399],"floor_reached":23,"language":"ENG","playtime":7240,"items_purged":["Defend_P"],"score":240,"play_id":"e718acef-38a5-4a5d-843f-6e63ad362189","local_time":"20210214152524","is_ascension_mode":false,"campfire_choices":[{"data":"MarkedMod:GentlePulse","floor":12.0,"key":"SMITH"},{"data":"Vault","floor":15.0,"key":"SMITH"}],"circlet_count":0,"master_deck":["Strike_P","Strike_P","Strike_P","Strike_P","Defend_P","Defend_P","Defend_P","Eruption+1","Vigilance","MarkedMod:FirstStrike+1","PathToVictory","CrushJoints","MarkedMod:GentlePulse+1","MarkedMod:GracefulMovements","ClearTheMind","Vault+1","MarkedMod:ChiBlock","MarkedMod:FirstStrike","EmptyMind","MarkedMod:PinPointDefense+1"],"relics":["PureWater","Regal Pillow","Gremlin Horn","Pantograph","Bottled Tornado","Mummified Hand","Tiny House"],"acts_visited":["Exordium","TheCity"],"potions_floor_usage":[],"damage_taken":[{"damage":0.0,"enemies":"Small Slimes","floor":1.0,"turns":2.0},{"damage":1.0,"enemies":"Jaw Worm","floor":2.0,"turns":2.0},{"damage":0.0,"enemies":"Cultist","floor":4.0,"turns":2.0},{"damage":0.0,"enemies":"3 Louse","floor":5.0,"turns":3.0},{"damage":18.0,"enemies":"3 Sentries","floor":6.0,"turns":6.0},{"damage":13.0,"enemies":"Lagavulin","floor":8.0,"turns":6.0},{"damage":0.0,"enemies":"Gremlin Nob","floor":10.0,"turns":2.0},{"damage":9.0,"enemies":"Gremlin Gang","floor":11.0,"turns":4.0},{"damage":4.0,"enemies":"2 Fungi Beasts","floor":13.0,"turns":3.0},{"damage":24.0,"enemies":"The Guardian","floor":16.0,"turns":6.0},{"damage":28.0,"enemies":"2 Thieves","floor":18.0,"turns":4.0},{"damage":17.0,"enemies":"Spheric Guardian","floor":19.0,"turns":5.0},{"damage":0.0,"enemies":"Snecko","floor":20.0,"turns":5.0},{"damage":1.0,"enemies":"3 Cultists","floor":21.0,"turns":4.0},{"damage":32,"enemies":"Slavers","floor":23,"turns":4}],"seed_played":"-5182304180516520124","potions_obtained":[{"floor":1.0,"key":"BottledMiracle"},{"floor":2.0,"key":"Explosive Potion"},{"floor":8.0,"key":"FearPotion"},{"floor":10.0,"key":"PowerPotion"},{"floor":11.0,"key":"Swift Potion"},{"floor":17.0,"key":"SkillPotion"}],"is_trial":false,"path_per_floor":["M","M","$","M","M","E","$","E","T","E","M","R","M","?","R","B",null,"M","M","M","M","?","E"],"character_chosen":"WATCHER","items_purchased":["MarkedMod:GracefulMovements"],"campfire_rested":0,"item_purchase_floors":[7],"current_hp_per_floor":[72,71,71,71,71,53,53,40,40,40,31,31,27,27,27,28,77,49,32,32,31,31,0,0],"gold":399,"neow_bonus":"UPGRADE_CARD","is_daily":false,"chose_seed":false,"campfire_upgraded":2,"win_rate":0.0,"timestamp":1613334324,"path_taken":["M","M","$","M","M","E","$","E","T","E","M","R","M","?","R","BOSS","M","M","M","M","?","E"],"items_purchased_type":["Card"],"build_version":"2020-12-22","purchased_purges":1,"victory":false,"max_hp_per_floor":[72,72,72,72,72,72,72,72,72,72,72,72,72,72,72,72,77,77,77,77,77,77,77,77],"card_choices":[{"not_picked":["WreathOfFlame","Meditate"],"picked":"MarkedMod:FirstStrike","floor":1.0},{"not_picked":["FlurryOfBlows","Prostrate"],"picked":"PathToVictory","floor":2.0},{"not_picked":["FollowUp","WindmillStrike"],"picked":"CrushJoints","floor":4.0},{"not_picked":["FlyingSleeves","ThirdEye"],"picked":"MarkedMod:GentlePulse","floor":5.0},{"not_picked":["Scrawl","FlyingSleeves","Consecrate"],"picked":"SKIP","floor":6.0},{"not_picked":["FollowUp","Wallop"],"picked":"ClearTheMind","floor":8.0},{"not_picked":["Consecrate","CrushJoints"],"picked":"Vault","floor":10.0},{"not_picked":["BowlingBash","Nirvana","Collect"],"picked":"SKIP","floor":11.0},{"not_picked":["SashWhip","BowlingBash","EmptyBody"],"picked":"SKIP","floor":13.0},{"not_picked":["Vault","Judgement"],"picked":"MarkedMod:ChiBlock","floor":16.0},{"not_picked":["Sanctity","CutThroughFate"],"picked":"MarkedMod:FirstStrike","floor":17.0},{"not_picked":["Pray","EmptyFist"],"picked":"EmptyMind","floor":18.0},{"not_picked":["SashWhip","WheelKick+1","FollowUp"],"picked":"SKIP","floor":19.0},{"not_picked":["SashWhip","LikeWater+1","Consecrate"],"picked":"SKIP","floor":20.0},{"not_picked":["EmptyBody","Protect"],"picked":"MarkedMod:PinPointDefense+1","floor":21.0}],"player_experience":252863,"relics_obtained":[{"floor":6.0,"key":"Regal Pillow"},{"floor":8.0,"key":"Gremlin Horn"},{"floor":9.0,"key":"Pantograph"},{"floor":10.0,"key":"Bottled Tornado"}],"event_choices":[{"damage_healed":0.0,"max_hp_gain":0.0,"max_hp_loss":0.0,"gold_gain":30.0,"event_name":"Dead Adventurer","player_choice":"Searched \u00272\u0027 times","floor":14.0,"gold_loss":0.0,"damage_taken":0.0,"relics_obtained":["Mummified Hand"]},{"cards_removed":["Strike_P"],"damage_healed":0.0,"max_hp_gain":0.0,"max_hp_loss":0.0,"gold_gain":0.0,"event_name":"betterNote:BetterNote","player_choice":"Give","floor":22.0,"gold_loss":0.0,"damage_taken":0.0,"cards_obtained":["Strike_R"]}],"is_beta":false,"boss_relics":[{"not_picked":["Cursed Key","Calling Bell"],"picked":"Tiny House"}],"items_purged_floors":[3],"is_endless":false,"potions_floor_spawned":[1,2,8,10,11],"killed_by":"Slavers","ascension_level":0}}