{"host":"3e3mwsgb9gfqiuxm","time":1613263755,"event":{"mods":["Act Like it!","BaseMod","Colored Map","Colored Powertips","Downfall","Gensokyo","Googly Eyes","Hermit","Hubris","Infinite Spire","Jorbs\u0027s Wanderer Trilogy","Koishi","Marisa????????","Minty Spire (QoL Compilation)","Quick Restart","Rare Cards Sparkle","Reimu??????","Remilia??????","Replay The Spire","Shop Mod","StSLib","SuperFastMode","Td1madao Mod","The Animator","The Bug Knight","The Cursed","The Hierophant","The Servant 0.9.4","everything is the same but u backflip on backflip","slay the spire mod where everything is the same but ironclad has a cowboy hat"],"gold_per_floor":[111,36,89,103,103,129,129,158,158,188,204,64,64,64,64,169,169,188,188,42,242,254,280,280,307,361,400,412,444,456,468,480,595,607,635,647,678,690,714,726,738,765,828,840,852,880,926,938,950,962,962],"floor_reached":50,"language":"ENG","playtime":5649,"items_purged":["Strike_B","FIFO Queue"],"score":645,"play_id":"2e9dda36-c7fd-438d-b27a-6d853deb4c52","local_time":"20210213194915","is_ascension_mode":true,"campfire_choices":[{"data":"Zap","floor":7.0,"key":"SMITH"},{"data":"Defragment","floor":15.0,"key":"SMITH"},{"data":"Dualcast","floor":24.0,"key":"SMITH"},{"data":"hubris:Fate","floor":32.0,"key":"SMITH"},{"data":"Buffer","floor":40.0,"key":"SMITH"},{"data":"EndlessPower","floor":45.0,"key":"SMITH"},{"floor":49,"key":"RECALL"}],"circlet_count":0,"master_deck":["Defend_B+1","Defend_B+1","Defend_B+1","Defend_B+1","Zap+1","Dualcast+1","Cold Snap","Conserve Battery","Ball Lightning","infinitespire:Fortify","Rip and Tear","Defragment+1","Rainbow","Pot Of Greed+1","Pot Of Greed+1","Wrath_TH","EndlessPower+1","Storm+1","Slimebound:Tackle+1","Slimebound:Tackle+1","Slimebound:Tackle+1","Pot Of Greed","hubris:Fate+1","Buffer+1","Self Repair+1"],"relics":["Cracked Core","NeowsBlessing","hubris:BallOfYels","ReplayFunnel","HollowMod:StagPassRelic","Symbiotic Virus","Peace Pipe","Gambling Chip","Busted Crown","Grinning Jar","infinitespire:SolderingIron","hubris:64BitClover","MawBank","StoneCalendar","ReplayTheSpireMod:EnergyBall","Philosopher\u0027s Stone","ClockworkSouvenir","Gremlin Food","Durian","Prayer Wheel","Strawberry"],"acts_visited":["Gensokyo:Gensokyo","TheCity","TheBeyond"],"potions_floor_usage":[50],"damage_taken":[{"damage":0.0,"enemies":"Gensokyo:Python","floor":1.0,"turns":1.0},{"damage":0.0,"enemies":"Gensokyo:3_Fairies","floor":4.0,"turns":1.0},{"damage":0.0,"enemies":"Gensokyo:Aya","floor":6.0,"turns":1.0},{"damage":0.0,"enemies":"Gensokyo:Cirno","floor":8.0,"turns":5.0},{"damage":0.0,"enemies":"Gensokyo:Aya","floor":10.0,"turns":3.0},{"damage":0.0,"enemies":"Gensokyo:Gryphon","floor":11.0,"turns":2.0},{"damage":18.0,"enemies":"Gensokyo:Yukari","floor":16.0,"turns":9.0},{"damage":8.0,"enemies":"2 Thieves","floor":18.0,"turns":3.0},{"damage":0.0,"enemies":"Shell Parasite","floor":22.0,"turns":3.0},{"damage":0.0,"enemies":"Gremlin Leader","floor":23.0,"turns":5.0},{"damage":0.0,"enemies":"HollowMod:Nosk","floor":25.0,"turns":6.0},{"damage":0.0,"enemies":"Replay:Snechameleon","floor":27.0,"turns":6.0},{"damage":13.0,"enemies":"Centurion and Healer","floor":29.0,"turns":5.0},{"damage":0.0,"enemies":"Automaton","floor":33.0,"turns":1.0},{"damage":13.0,"enemies":"Orb Walker","floor":35.0,"turns":3.0},{"damage":12.0,"enemies":"3 Darklings","floor":37.0,"turns":5.0},{"damage":29.0,"enemies":"Sphere and 2 Shapes","floor":39.0,"turns":4.0},{"damage":10.0,"enemies":"Writhing Mass","floor":42.0,"turns":4.0},{"damage":13.0,"enemies":"3 Darklings","floor":46.0,"turns":4.0},{"damage":3,"enemies":"R_Hoarder","floor":47,"turns":8},{"damage":98,"enemies":"Awakened One","floor":50,"turns":7}],"seed_played":"5017355350147407548","potions_obtained":[{"floor":3.0,"key":"Languid Potion"},{"floor":3.0,"key":"Block Potion"},{"floor":4.0,"key":"Languid Potion"},{"floor":10.0,"key":"hexamod:SoulburnPotion"},{"floor":16.0,"key":"Adrenaline Potion"},{"floor":23.0,"key":"Block Potion"},{"floor":29.0,"key":"PowerPotion"},{"floor":37.0,"key":"GamblersBrew"}],"is_trial":false,"path_per_floor":["M","$","?","M","?","E","R","E","T","E","M","?","$","$","R","B",null,"M","?","$","?","M","E","R","E","T","E","?","M","?","AVR","R_BF","B",null,"M","?","M","AVR","M","R","?","M","T","?","R","M","E","$","R","B"],"character_chosen":"DEFECT","items_purchased":["Grinning Jar"],"campfire_rested":0,"item_purchase_floors":[20],"current_hp_per_floor":[75,75,75,75,57,57,57,57,57,57,57,57,57,57,57,39,75,67,67,67,67,67,67,67,67,67,67,67,54,54,54,54,54,75,62,62,60,60,56,56,56,56,56,56,56,73,87,87,87,0,0],"gold":962,"neow_bonus":"THREE_ENEMY_KILL","is_daily":false,"chose_seed":false,"campfire_upgraded":6,"win_rate":0.0,"timestamp":1613263755,"path_taken":["M","$","?","M","?","E","R","E","T","E","M","?","?","$","R","BOSS","M","?","$","?","?","E","R","E","T","E","?","M","?","AVR","R_BF","BOSS","M","?","M","AVR","M","R","?","?","T","?","R","M","E","$","R","BOSS"],"items_purchased_type":["Relic"],"build_version":"2020-12-22","purchased_purges":2,"victory":false,"max_hp_per_floor":[75,75,75,75,75,75,75,75,75,75,75,75,75,75,75,75,75,75,75,75,75,75,75,75,75,75,75,75,75,75,75,75,75,75,75,75,75,75,75,75,75,75,75,75,75,80,87,87,87,87,87],"card_choices":[{"not_picked":["Gash","FTL"],"picked":"Cold Snap","floor":1.0},{"not_picked":["Sweeping Beam","Static Discharge"],"picked":"Conserve Battery","floor":3.0},{"not_picked":["Rebound","Compile Driver"],"picked":"Ball Lightning","floor":4.0},{"not_picked":["ReplayTheSpireMod:??????????????????????","ReplayTheSpireMod:Echoes of Time"],"picked":"infinitespire:Fortify","floor":5.0},{"not_picked":["Panic Button","Streamline"],"picked":"Rip and Tear","floor":6.0},{"not_picked":["Compile Driver","Self Repair"],"picked":"FIFO Queue","floor":8.0},{"not_picked":["Cold Snap","ReplayTheSpireMod:Omega Cannon"],"picked":"Defragment","floor":10.0},{"not_picked":["Compile Driver","Turbo","Aggregate"],"picked":"SKIP","floor":11.0},{"not_picked":["Multi-Cast","Biased Cognition"],"picked":"Rainbow","floor":16.0},{"not_picked":[],"picked":"Coolheaded","floor":18.0},{"not_picked":["Turbo"],"picked":"SKIP","floor":22.0},{"not_picked":["Steam"],"picked":"SKIP","floor":23.0},{"not_picked":["BasicCrystalCard"],"picked":"SKIP","floor":25.0},{"not_picked":["Rebound+1"],"picked":"SKIP","floor":27.0},{"not_picked":[],"picked":"Storm","floor":29.0},{"not_picked":[],"picked":"Buffer","floor":33.0},{"not_picked":[],"picked":"Self Repair+1","floor":35.0},{"not_picked":["Rebound"],"picked":"SKIP","floor":37.0},{"not_picked":["Turbo"],"picked":"SKIP","floor":39.0},{"not_picked":["Coolheaded+1"],"picked":"SKIP","floor":42.0},{"not_picked":["Rebound"],"picked":"SKIP","floor":46.0},{"not_picked":["ReplayTheSpireMod:Repulse"],"picked":"SKIP","floor":47}],"player_experience":1396365,"relics_obtained":[{"floor":3.0,"key":"hubris:BallOfYels"},{"floor":6.0,"key":"ReplayFunnel"},{"floor":8.0,"key":"HollowMod:StagPassRelic"},{"floor":9.0,"key":"Symbiotic Virus"},{"floor":10.0,"key":"Peace Pipe"},{"floor":23.0,"key":"infinitespire:SolderingIron"},{"floor":25.0,"key":"hubris:64BitClover"},{"floor":26.0,"key":"MawBank"},{"floor":27.0,"key":"StoneCalendar"},{"floor":43.0,"key":"Gremlin Food"},{"floor":46.0,"key":"Durian"},{"floor":47,"key":"Strawberry"}],"event_choices":[{"damage_healed":0.0,"max_hp_gain":0.0,"max_hp_loss":0.0,"gold_gain":0.0,"event_name":"Back to Basics","player_choice":"Simplicity","floor":19.0,"gold_loss":0.0,"damage_taken":0.0,"cards_upgraded":["Strike_B","Strike_B","Strike_B","Defend_B","Defend_B","Defend_B","Defend_B"]},{"damage_healed":0.0,"max_hp_gain":0.0,"max_hp_loss":0.0,"gold_gain":200.0,"event_name":"Wheel of Change","player_choice":"Gold","floor":21.0,"gold_loss":0.0,"damage_taken":0.0},{"cards_removed":["Coolheaded"],"damage_healed":0.0,"max_hp_gain":0.0,"max_hp_loss":0.0,"gold_gain":0.0,"event_name":"Wheel of Change","player_choice":"Card Removal","floor":41.0,"gold_loss":0.0,"damage_taken":0.0},{"damage_healed":0.0,"max_hp_gain":0.0,"max_hp_loss":0.0,"gold_gain":0.0,"event_name":"Upgrade Shrine","player_choice":"Upgraded","floor":44.0,"gold_loss":0.0,"damage_taken":0.0,"cards_upgraded":["Storm"]}],"is_beta":false,"boss_relics":[{"not_picked":["Replay:Grab Bag","Tiny House"],"picked":"Busted Crown"},{"not_picked":["Calling Bell","SlaversCollar"],"picked":"Philosopher\u0027s Stone"}],"items_purged_floors":[2,38],"is_endless":false,"potions_floor_spawned":[4,10,16,23,29,37],"killed_by":"Awakened One","ascension_level":1}}