{"host":"0fd22hpf43j6tvvm","time":1613265718,"event":{"mods":["AchievementEnabler","BaseMod","Colored Map","Minty Spire (QoL Compilation)","Relic Stats"],"gold_per_floor":[110,110,110,130,153,192,192,232,310,331,355,388,403,424,424,550,550,569,569,230,243,259,298,298,298,298,50,90,189,189,233,233,368,368,402,415,12,345,357,393,417,446,446,446,473,473,494,538,538,538],"floor_reached":51,"language":"ENG","playtime":3814,"items_purged":["Defend_P","Injury"],"score":1582,"play_id":"a57895c6-254d-47b6-8304-414ab39f21d7","local_time":"20210213202158","is_ascension_mode":true,"campfire_choices":[{"data":"Blasphemy","floor":15.0,"key":"SMITH"},{"data":"Vault","floor":25.0,"key":"SMITH"},{"data":"Omniscience","floor":32,"key":"SMITH"},{"data":"Scrawl","floor":44,"key":"SMITH"},{"data":"SashWhip","floor":49,"key":"SMITH"}],"circlet_count":0,"master_deck":["AscendersBane","Strike_P","Strike_P+1","Strike_P","Defend_P","Defend_P+1","Eruption+1","Vigilance+1","CutThroughFate+1","SashWhip+1","EmptyMind","Blasphemy+1","Adaptation+1","CrushJoints+1","BowlingBash+1","Protect","WheelKick+1","DevaForm+1","Wallop+1","Omniscience+1","Fasting2+1","EmptyFist+1","Vault+1","LikeWater+1","Scrawl+1","Perseverance+1","DeusExMachina","FollowUp+1","DeceiveReality+1","FlurryOfBlows+1","FlurryOfBlows+1","Wallop+1","MentalFortress+1"],"relics":["PureWater","NeowsBlessing","Molten Egg 2","War Paint","Anchor","Frozen Egg 2","Calipers","Black Star","Bag of Marbles","Bottled Tornado","Kunai","HandDrill","MealTicket","Torii","InkBottle","CeramicFish","Darkstone Periapt","Coffee Dripper","Mummified Hand","OrangePellets","Sundial","Gremlin Horn","FossilizedHelix","Whetstone","Damaru","Ornamental Fan","Bottled Lightning"],"acts_visited":["Exordium","TheCity","TheBeyond"],"potions_floor_usage":[31,31,40,47,50],"damage_taken":[{"damage":0.0,"enemies":"2 Louse","floor":1.0,"turns":1.0},{"damage":0.0,"enemies":"Cultist","floor":4.0,"turns":1.0},{"damage":0.0,"enemies":"Jaw Worm","floor":5.0,"turns":1.0},{"damage":14.0,"enemies":"Lagavulin","floor":6.0,"turns":6.0},{"damage":12.0,"enemies":"Gremlin Nob","floor":8.0,"turns":3.0},{"damage":4.0,"enemies":"Red Slaver","floor":10.0,"turns":5.0},{"damage":0.0,"enemies":"2 Fungi Beasts","floor":11.0,"turns":4.0},{"damage":14.0,"enemies":"Lagavulin","floor":12.0,"turns":7.0},{"damage":0.0,"enemies":"3 Louse","floor":13.0,"turns":3.0},{"damage":0.0,"enemies":"Large Slime","floor":14.0,"turns":2.0},{"damage":9.0,"enemies":"Hexaghost","floor":16.0,"turns":7.0},{"damage":1.0,"enemies":"Shell Parasite","floor":18.0,"turns":3.0},{"damage":6.0,"enemies":"3 Byrds","floor":21.0,"turns":4.0},{"damage":0.0,"enemies":"Sentry and Sphere","floor":22.0,"turns":2.0},{"damage":16.0,"enemies":"Gremlin Leader","floor":23.0,"turns":5.0},{"damage":9.0,"enemies":"Book of Stabbing","floor":28.0,"turns":6.0},{"damage":8,"enemies":"Gremlin Leader","floor":31,"turns":4},{"damage":0,"enemies":"Automaton","floor":33,"turns":6},{"damage":1,"enemies":"Orb Walker","floor":35,"turns":2},{"damage":0,"enemies":"3 Shapes","floor":36,"turns":3},{"damage":14,"enemies":"Maw","floor":39,"turns":3},{"damage":31,"enemies":"Nemesis","floor":40,"turns":9},{"damage":0,"enemies":"4 Shapes","floor":41,"turns":2},{"damage":0,"enemies":"Giant Head","floor":42,"turns":4},{"damage":0,"enemies":"Spire Growth","floor":45,"turns":4},{"damage":0,"enemies":"Maw","floor":47,"turns":5},{"damage":0,"enemies":"Reptomancer","floor":48,"turns":3},{"damage":0,"enemies":"Awakened One","floor":50,"turns":8}],"seed_played":"-1805009238225816203","potions_obtained":[{"floor":1.0,"key":"LiquidMemories"},{"floor":6.0,"key":"Fire Potion"},{"floor":18.0,"key":"DuplicationPotion"},{"floor":19.0,"key":"Strength Potion"},{"floor":23.0,"key":"Ancient Potion"},{"floor":31,"key":"Regen Potion"},{"floor":40,"key":"SneckoOil"},{"floor":41,"key":"AttackPotion"},{"floor":42,"key":"EssenceOfSteel"}],"is_trial":false,"path_per_floor":["M","?","?","M","M","E","T","E","T","M","M","E","M","M","R","B",null,"M","?","$","M","M","E","?","R","T","$","E","?","?","E","R","B",null,"M","M","$","?","M","E","M","E","T","R","M","?","M","E","R","B",null],"character_chosen":"WATCHER","items_purchased":["Omniscience","Fasting2+1","EmptyFist+1","HandDrill","Mummified Hand","OrangePellets"],"campfire_rested":0,"item_purchase_floors":[20,20,20,27,37,37],"current_hp_per_floor":[65,65,65,65,65,51,51,39,39,35,35,21,21,21,21,12,57,56,56,56,50,50,34,34,34,34,34,25,25,25,17,17,17,58,57,57,72,72,58,42,42,42,42,42,42,42,42,42,42,42],"gold":538,"neow_bonus":"THREE_ENEMY_KILL","is_daily":false,"chose_seed":false,"campfire_upgraded":5,"win_rate":0.0,"timestamp":1613265718,"path_taken":["M","?","?","?","M","E","?","E","T","M","M","E","M","?","R","BOSS","M","?","$","?","M","E","?","R","T","$","E","?","?","E","R","BOSS","M","M","$","?","M","E","M","E","T","R","M","?","M","E","R","BOSS"],"items_purchased_type":["Card","Card","Card","Relic","Relic","Relic"],"build_version":"2020-12-22","purchased_purges":2,"victory":true,"max_hp_per_floor":[72,72,72,72,72,72,72,72,72,72,72,72,72,72,72,72,72,72,72,72,72,72,72,72,72,72,72,72,72,72,72,72,72,72,72,72,72,72,72,72,72,72,72,72,72,72,72,72,72,72],"relic_stats":{"Darkstone Periapt":0,"Torii":3,"Gremlin Horn":[9,9],"counters":[28,113],"CeramicFish":63,"Whetstone":["CutThroughFate","Strike_P"],"War Paint":["Vigilance","Defend_P"],"OrangePellets":[16],"Mummified Hand":[45],"Sundial":[2],"Ornamental Fan":[36],"MealTicket":15,"Black Star":6,"HandDrill":[2],"Kunai":[35],"obtain_stats":[{"Darkstone Periapt":31,"Calipers":12,"Torii":28,"Gremlin Horn":40,"CeramicFish":31,"Whetstone":42,"Bottled Tornado":23,"Mummified Hand":37,"Sundial":40,"MealTicket":28,"HandDrill":27,"Kunai":26,"InkBottle":30,"NeowsBlessing":0,"Golden Idol":2,"Damaru":43,"War Paint":7,"Frozen Egg 2":9,"OrangePellets":37,"Anchor":8,"Ornamental Fan":48,"Molten Egg 2":6,"Black Star":17,"Bag of Marbles":23,"Coffee Dripper":34,"Bottled Lightning":48,"PureWater":0,"FossilizedHelix":42},{"Darkstone Periapt":17,"Calipers":8,"Torii":16,"Gremlin Horn":22,"CeramicFish":17,"Whetstone":24,"Bottled Tornado":15,"Mummified Hand":20,"Sundial":22,"MealTicket":16,"HandDrill":15,"Kunai":15,"InkBottle":16,"NeowsBlessing":0,"Golden Idol":1,"Damaru":24,"War Paint":4,"Frozen Egg 2":5,"OrangePellets":20,"Anchor":5,"Ornamental Fan":27,"Molten Egg 2":4,"Black Star":11,"Bag of Marbles":15,"Coffee Dripper":18,"Bottled Lightning":27,"PureWater":0,"FossilizedHelix":24},{"Darkstone Periapt":64,"Calipers":28,"Torii":60,"Gremlin Horn":87,"CeramicFish":64,"Whetstone":93,"Bottled Tornado":54,"Mummified Hand":75,"Sundial":87,"MealTicket":60,"HandDrill":54,"Kunai":54,"InkBottle":60,"NeowsBlessing":0,"Golden Idol":1,"Damaru":93,"War Paint":9,"Frozen Egg 2":12,"OrangePellets":75,"Anchor":12,"Ornamental Fan":105,"Molten Egg 2":9,"Black Star":40,"Bag of Marbles":54,"Coffee Dripper":70,"Bottled Lightning":105,"PureWater":0,"FossilizedHelix":93}],"InkBottle":[28]},"card_choices":[{"not_picked":["WaveOfTheHand","WheelKick"],"picked":"CutThroughFate","floor":1.0},{"not_picked":["PathToVictory","ClearTheMind"],"picked":"Wallop","floor":4.0},{"not_picked":["CrushJoints","Evaluate"],"picked":"SashWhip","floor":5.0},{"not_picked":["Adaptation","Worship"],"picked":"EmptyMind","floor":6.0},{"not_picked":["InnerPeace","Wireheading"],"picked":"Blasphemy","floor":8.0},{"not_picked":["Study+1","MentalFortress+1"],"picked":"Adaptation+1","floor":10.0},{"not_picked":["FlyingSleeves+1","ClearTheMind"],"picked":"CrushJoints+1","floor":11.0},{"not_picked":["Wallop+1","Protect"],"picked":"BowlingBash+1","floor":12.0},{"not_picked":["Worship","Perseverance"],"picked":"Protect","floor":13.0},{"not_picked":["FlyingSleeves+1","MentalFortress+1"],"picked":"WheelKick+1","floor":14.0},{"not_picked":["Blasphemy","Devotion+1"],"picked":"DevaForm+1","floor":16.0},{"not_picked":["BowlingBash+1","BattleHymn+1"],"picked":"Wallop+1","floor":18.0},{"not_picked":["JustLucky+1","SandsOfTime+1","Consecrate+1"],"picked":"SKIP","floor":21.0},{"not_picked":["Adaptation+1","Pray+1","WheelKick+1"],"picked":"SKIP","floor":22.0},{"not_picked":["PathToVictory","Meditate"],"picked":"Vault","floor":23.0},{"not_picked":["BowlingBash+1","Brilliance+1"],"picked":"Perseverance+1","floor":28.0},{"not_picked":["Crescendo","CutThroughFate+1","JustLucky+1"],"picked":"SKIP","floor":31},{"not_picked":["Judgement","DevaForm+1"],"picked":"DeusExMachina","floor":33},{"not_picked":["Halt","WreathOfFlame"],"picked":"FollowUp+1","floor":35},{"not_picked":["InnerPeace","EmptyBody","Prostrate"],"picked":"SKIP","floor":36},{"not_picked":["Halt+1","PathToVictory","FlyingSleeves+1"],"picked":"SKIP","floor":39},{"not_picked":["SandsOfTime+1","CutThroughFate+1"],"picked":"DeceiveReality+1","floor":40},{"not_picked":["Protect","Worship+1"],"picked":"FlurryOfBlows+1","floor":41},{"not_picked":["Brilliance+1","Worship","CrushJoints+1"],"picked":"SKIP","floor":42},{"not_picked":["PathToVictory","FlyingSleeves+1"],"picked":"FlurryOfBlows+1","floor":45},{"not_picked":["EmptyBody","WaveOfTheHand"],"picked":"Wallop+1","floor":47},{"not_picked":["Prostrate","InnerPeace"],"picked":"MentalFortress+1","floor":48}],"player_experience":550093,"relics_obtained":[{"floor":6.0,"key":"Molten Egg 2"},{"floor":7.0,"key":"War Paint"},{"floor":8.0,"key":"Anchor"},{"floor":9.0,"key":"Frozen Egg 2"},{"floor":12.0,"key":"Calipers"},{"floor":23.0,"key":"Bag of Marbles"},{"floor":23.0,"key":"Bottled Tornado"},{"floor":26.0,"key":"Kunai"},{"floor":28.0,"key":"MealTicket"},{"floor":28.0,"key":"Torii"},{"floor":31,"key":"CeramicFish"},{"floor":31,"key":"Darkstone Periapt"},{"floor":40,"key":"Sundial"},{"floor":40,"key":"Gremlin Horn"},{"floor":42,"key":"FossilizedHelix"},{"floor":42,"key":"Whetstone"},{"floor":43,"key":"Damaru"},{"floor":48,"key":"Ornamental Fan"},{"floor":48,"key":"Bottled Lightning"}],"event_choices":[{"damage_healed":0.0,"max_hp_gain":0.0,"max_hp_loss":0.0,"gold_gain":0.0,"event_name":"Golden Idol","player_choice":"Take Wound","floor":2.0,"gold_loss":0.0,"damage_taken":0.0,"relics_obtained":["Golden Idol"],"cards_obtained":["Injury"]},{"damage_healed":0.0,"max_hp_gain":0.0,"max_hp_loss":0.0,"gold_gain":0.0,"event_name":"Accursed Blacksmith","player_choice":"Forge","floor":3.0,"gold_loss":0.0,"damage_taken":0.0,"cards_upgraded":["Eruption"]},{"damage_healed":0.0,"max_hp_gain":0.0,"max_hp_loss":0.0,"gold_gain":0.0,"event_name":"Lab","player_choice":"Got Potions","floor":19.0,"gold_loss":0.0,"damage_taken":0.0},{"damage_healed":0.0,"max_hp_gain":0.0,"max_hp_loss":0.0,"gold_gain":0.0,"cards_transformed":["Strike_P","Defend_P"],"event_name":"Drug Dealer","player_choice":"Became Test Subject","floor":24.0,"gold_loss":0.0,"damage_taken":0.0,"cards_obtained":["LikeWater","Scrawl"]},{"damage_healed":0.0,"max_hp_gain":0.0,"max_hp_loss":0.0,"gold_gain":99.0,"event_name":"Nest","player_choice":"Stole From Cult","floor":29.0,"gold_loss":0.0,"damage_taken":0.0},{"damage_healed":0.0,"max_hp_gain":0.0,"max_hp_loss":0.0,"gold_gain":0.0,"event_name":"The Mausoleum","player_choice":"Opened","floor":30.0,"gold_loss":0.0,"damage_taken":0.0,"relics_obtained":["InkBottle"]},{"damage_healed":0,"gold_gain":333,"player_choice":"Gave Idol","damage_taken":0,"max_hp_gain":0,"max_hp_loss":0,"event_name":"The Moai Head","floor":38,"relics_lost":["Golden Idol"],"gold_loss":0},{"cards_removed":["Wallop"],"damage_healed":0,"gold_gain":0,"player_choice":"Removed Attack","damage_taken":0,"max_hp_gain":0,"max_hp_loss":0,"event_name":"Falling","floor":46,"gold_loss":0}],"is_beta":false,"boss_relics":[{"not_picked":["Philosopher\u0027s Stone","Pandora\u0027s Box"],"picked":"Black Star"},{"not_picked":["VioletLotus","Runic Pyramid"],"picked":"Coffee Dripper"}],"items_purged_floors":[20,27],"is_endless":false,"potions_floor_spawned":[1,6,11,18,23,31,40,41,42,45],"ascension_level":12}}