{"host":"KYO","time":1613276764,"event":{"mods":["ATMod(°¢èªMod)","BaseMod","Minty Spire (QoL Compilation)","Permanent Neow","Shop Mod","StSLib","SuperFastMode","TestMod","[IsaacMod]ÒÔÈö¼âËþ","¡¾ÒÅÎï¿¨ÅÆ¡¿REMEMod"],"gold_per_floor":[112,112,125,143,159,159,221,221,221],"floor_reached":8,"language":"ZHS","playtime":301,"items_purged":[],"score":96,"play_id":"a225ca28-3a25-48d5-b5bc-f0c151c36a24","local_time":"20210214122604","is_ascension_mode":true,"campfire_choices":[{"floor":6,"key":"REST"}],"circlet_count":0,"master_deck":["AscendersBane","Strike_B+1","Strike_B","Strike_B+1","Strike_B","Defend_B","Defend_B","Defend_B","Defend_B","Zap","Dualcast","AT_RealColorLess","Doom and Gloom","Turbo","Coolheaded"],"relics":["Cracked Core","HushsDoor","AT_ATBox","REME_ComplimentaryCards","testmod-TestBox","Chaos","testmod-HeartOfDaVinci","ForgetMeNow","testmod-PortableAltar"],"acts_visited":["Exordium"],"potions_floor_usage":[7],"damage_taken":[{"damage":4,"enemies":"Jaw Worm","floor":1,"turns":5},{"damage":8,"enemies":"2 Louse","floor":3,"turns":3},{"damage":1,"enemies":"Cultist","floor":4,"turns":3},{"damage":22,"enemies":"Exordium Thugs","floor":5,"turns":4},{"damage":6,"enemies":"Gremlin Nob","floor":7,"turns":3},{"damage":29,"enemies":"Lagavulin","floor":8,"turns":4}],"seed_played":"7666300292653851583","potions_obtained":[{"floor":4,"key":"SkillPotion"},{"floor":5,"key":"PotionOfCapacity"}],"is_trial":false,"path_per_floor":["M","?","M","M","M","R","?","E"],"character_chosen":"DEFECT","items_purchased":[],"campfire_rested":1,"item_purchase_floors":[],"current_hp_per_floor":[60,39,31,30,8,29,23,0,0],"gold":221,"neow_bonus":"RANDOM_COMMON_RELIC","is_daily":false,"chose_seed":false,"campfire_upgraded":0,"win_rate":0.0,"timestamp":1613276764,"path_taken":["M","?","M","M","M","R","?","E"],"items_purchased_type":[],"build_version":"2020-12-18","purchased_purges":0,"victory":false,"max_hp_per_floor":[71,71,71,71,71,71,71,70,70],"card_choices":[{"not_picked":["AT_HeatAcrobatics","Undo"],"picked":"Doom and Gloom","floor":1},{"not_picked":["Turbo","Gash","AT_HeatAcrobatics"],"picked":"SKIP","floor":3},{"not_picked":["Gash","AT_HeatAcrobatics"],"picked":"Turbo","floor":3},{"not_picked":["Ball Lightning","Steam","Turbo"],"picked":"SKIP","floor":4},{"not_picked":["AT_EMC2","Buffer","Consume"],"picked":"SKIP","floor":5},{"not_picked":["Go for the Eyes","Stack"],"picked":"Coolheaded","floor":7}],"player_experience":774604,"relics_obtained":[{"floor":7,"key":"testmod-PortableAltar"}],"event_choices":[{"damage_healed":0,"gold_gain":0,"player_choice":"Entered Light","damage_taken":21,"max_hp_gain":0,"max_hp_loss":0,"event_name":"Shining Light","floor":2,"gold_loss":0,"cards_upgraded":["Strike_B","Strike_B"]},{"damage_healed":0,"gold_gain":30,"player_choice":"Searched \u00272\u0027 times","damage_taken":0,"max_hp_gain":0,"max_hp_loss":0,"event_name":"Dead Adventurer","floor":7,"gold_loss":0}],"is_beta":true,"boss_relics":[],"items_purged_floors":[],"is_endless":false,"potions_floor_spawned":[4,5],"killed_by":"Lagavulin","ascension_level":20}}