{"host":"6xsbn6ynqlzwllfm","time":1613279844,"event":{"mods":["2.2 Compatiblity","BaseMod","Bestiary","Colored Map","Colored Powertips","Curses Come First","Downfall","Highlight Path","Keyboard Shortcuts","Minty Spire (QoL Compilation)","Relic Stats","Slay the Relics Exporter","StSLib","SuperFastMode"],"gold_per_floor":[99,114,126,12,31,66,93,127,183,183,200,228,228,260,275,373,373,373,388,400,400,400,400,400],"floor_reached":22,"language":"ENG","playtime":984,"items_purged":["bronze:Strike"],"score":359,"play_id":"258b907c-6002-476f-9008-63eaadfd3052","local_time":"20210214001724","is_ascension_mode":true,"campfire_choices":[{"data":"bronze:Goto","floor":1,"key":"SMITH"},{"floor":10,"key":"REST"},{"floor":13,"key":"REST"},{"floor":18,"key":"RECALL"}],"circlet_count":0,"master_deck":["AscendersBane","bronze:Strike","bronze:Strike","bronze:Strike","bronze:Defend","bronze:Defend","bronze:Defend","bronze:Defend","bronze:Replicate","bronze:Goto+1","bronze:FollowUp","bronze:DelayedSlice","bronze:DelayedSlice","bronze:Iterate","bronze:Fortify","bronze:Verify","bronze:CutThrough","bronze:Flail","bronze:CloningBeam","bronze:Turbo","bronze:ItsAFeature","bronze:FindAndReplace","bronze:Frontload"],"relics":["SlaversCollar","Omamori","Lantern","Dream Catcher","Gremlin Horn","Oddly Smooth Stone","bronze:DecasWashers","Cursed Key"],"acts_visited":["Exordium","TheCity"],"potions_floor_usage":[8,9,11,12,16],"damage_taken":[{"damage":11,"enemies":"Cultist","floor":2,"turns":4},{"damage":6,"enemies":"2 Louse","floor":3,"turns":3},{"damage":0,"enemies":"downfall:FleeingMerchant","floor":4,"turns":4},{"damage":12,"enemies":"Jaw Worm","floor":5,"turns":2},{"damage":8,"enemies":"Gremlin Nob","floor":6,"turns":3},{"damage":3,"enemies":"3 Sentries","floor":8,"turns":5},{"damage":11,"enemies":"3 Sentries","floor":9,"turns":6},{"damage":6,"enemies":"3 Louse","floor":11,"turns":2},{"damage":10,"enemies":"Lagavulin","floor":12,"turns":4},{"damage":0,"enemies":"3 Sentries","floor":14,"turns":3},{"damage":0,"enemies":"2 Fungi Beasts","floor":15,"turns":1},{"damage":22,"enemies":"IC_STATUS_ARCHETYPE","floor":16,"turns":5},{"damage":22,"enemies":"Spheric Guardian","floor":19,"turns":4},{"damage":29,"enemies":"Shell Parasite","floor":20,"turns":6},{"damage":14,"enemies":"Centurion and Healer","floor":22,"turns":1}],"seed_played":"2145363212537158555","potions_obtained":[{"floor":2,"key":"bronze:CleanCodePotion"},{"floor":3,"key":"Strength Potion"},{"floor":6,"key":"GamblersBrew"},{"floor":9,"key":"DistilledChaos"},{"floor":11,"key":"AttackPotion"},{"floor":12,"key":"bronze:FreeFunctionsPotion"},{"floor":20,"key":"Explosive Potion"}],"is_trial":false,"path_per_floor":["R","M","M","$","M","E","T","E","?","R","M","E","R","E","M","B",null,"R","M","M","?","M"],"character_chosen":"THE_AUTOMATON","items_purchased":["bronze:Iterate"],"campfire_rested":2,"item_purchase_floors":[4],"current_hp_per_floor":[63,52,46,46,34,26,26,23,12,33,27,17,38,38,38,16,57,57,35,6,6,0,0,0],"gold":400,"neow_bonus":"BOSS_RELIC","is_daily":false,"chose_seed":false,"campfire_upgraded":1,"win_rate":0.0,"timestamp":1613279844,"path_taken":["R","M","M","$","M","E","T","E","?","R","M","E","R","E","M","BOSS","R","M","M","?","M"],"items_purchased_type":["Card"],"build_version":"2020-12-22","purchased_purges":1,"victory":false,"max_hp_per_floor":[70,70,70,70,70,70,70,70,70,70,70,70,70,70,70,70,70,70,70,70,70,70,70,70],"relic_stats":{"Dream Catcher":2,"Gremlin Horn":[5,5],"counters":[15,53],"Cursed Key":0,"obtain_stats":[{"SlaversCollar":0,"Lantern":7,"Dream Catcher":8,"bronze:BronzeCore":0,"Gremlin Horn":9,"bronze:DecasWashers":14,"Oddly Smooth Stone":12,"Omamori":6,"Cursed Key":17},{"SlaversCollar":0,"Lantern":5,"Dream Catcher":6,"bronze:BronzeCore":0,"Gremlin Horn":7,"bronze:DecasWashers":10,"Oddly Smooth Stone":9,"Omamori":5,"Cursed Key":12},{"SlaversCollar":0,"Lantern":16,"Dream Catcher":21,"bronze:BronzeCore":0,"Gremlin Horn":27,"bronze:DecasWashers":36,"Oddly Smooth Stone":33,"Omamori":16,"Cursed Key":42}]},"card_choices":[{"not_picked":["bronze:Shield","bronze:Backtrace"],"picked":"bronze:FollowUp","floor":2},{"not_picked":["bronze:DarkDash","bronze:Deprecate"],"picked":"bronze:DelayedSlice","floor":3},{"not_picked":["bronze:FollowUp","bronze:CutThrough"],"picked":"bronze:DelayedSlice","floor":4},{"not_picked":["bronze:Refactor","bronze:WildBeam"],"picked":"bronze:Fortify","floor":5},{"not_picked":["bronze:BuggyMess","bronze:InfiniteBeams"],"picked":"bronze:Verify","floor":8},{"not_picked":["bronze:Overload","bronze:Turbo"],"picked":"bronze:CutThrough","floor":10},{"not_picked":["bronze:OilSpill","bronze:FineTuning","bronze:ThunderWave"],"picked":"SKIP","floor":11},{"not_picked":["bronze:Safeguard","bronze:Invalidate"],"picked":"bronze:Flail","floor":12},{"not_picked":["bronze:Fortify","bronze:Backtrace"],"picked":"bronze:CloningBeam","floor":13},{"not_picked":["bronze:Overheat","bronze:Repair"],"picked":"bronze:Turbo","floor":14},{"not_picked":["bronze:ForLoop","bronze:Constructor"],"picked":"bronze:ItsAFeature","floor":15},{"not_picked":["bronze:InfiniteLoop","bronze:Mutator"],"picked":"bronze:FindAndReplace","floor":16},{"not_picked":["bronze:ChosenStrike+1","bronze:Iterate+1"],"picked":"bronze:Frontload","floor":19},{"not_picked":["bronze:DelayedSlice","bronze:BugBarrage","bronze:InfiniteBeams"],"picked":"SKIP","floor":20}],"player_experience":1766493,"relics_obtained":[{"floor":6,"key":"Omamori"},{"floor":7,"key":"Lantern"},{"floor":8,"key":"Dream Catcher"},{"floor":9,"key":"Gremlin Horn"},{"floor":12,"key":"Oddly Smooth Stone"},{"floor":14,"key":"bronze:DecasWashers"}],"event_choices":[],"is_beta":false,"boss_relics":[{"not_picked":["Tiny House","Velvet Choker"],"picked":"Cursed Key"}],"items_purged_floors":[4],"is_endless":false,"potions_floor_spawned":[2,3,6,9,11,12,20],"killed_by":"Centurion and Healer","ascension_level":10}}