{"host":"m0bekkrd201b63ug","time":1613328982,"event":{"mods":["AchievementEnabler","BaseMod","Colored Powertips","Highlight Path","Minty Spire (QoL Compilation)","Rare Cards Sparkle","StSLib","SuperFastMode","everything is the same but u backflip on backflip","slay the spire mod where everything is the same but ironclad has a cowboy hat"],"gold_per_floor":[10,23,36,51,69,69,99,99,171,206,59,134,134,169,169,265,265,277,318,20,33,74,74,74],"floor_reached":23,"language":"ENG","playtime":1340,"items_purged":[],"score":336,"play_id":"71eb3945-9fc0-4153-a384-8a23359aa0ef","local_time":"20210214165622","is_ascension_mode":true,"campfire_choices":[{"data":"CrushJoints","floor":6.0,"key":"SMITH"},{"data":"ForeignInfluence","floor":8.0,"key":"SMITH"},{"data":"Eruption","floor":15.0,"key":"SMITH"}],"circlet_count":0,"master_deck":["Strike_P","Strike_P","Defend_P+1","Defend_P","Defend_P+1","Defend_P","Eruption+1","Vigilance","FlyingSleeves","ThirdEye","CrushJoints+1","CutThroughFate","ForeignInfluence+1","Halt","ThirdEye","EmptyBody","Wish","Alpha","ForeignInfluence","EmptyBody+1"],"relics":["PureWater","HornCleat","Meat on the Bone","Prayer Wheel","Anchor","Frozen Egg 2","Philosopher\u0027s Stone","War Paint","Tiny Chest"],"acts_visited":["Exordium","TheCity"],"potions_floor_usage":[22],"damage_taken":[{"damage":0.0,"enemies":"Cultist","floor":1.0,"turns":4.0},{"damage":0.0,"enemies":"2 Louse","floor":2.0,"turns":4.0},{"damage":0.0,"enemies":"Jaw Worm","floor":3.0,"turns":4.0},{"damage":2.0,"enemies":"Lots of Slimes","floor":4.0,"turns":5.0},{"damage":8.0,"enemies":"Large Slime","floor":5.0,"turns":7.0},{"damage":9.0,"enemies":"3 Sentries","floor":7.0,"turns":10.0},{"damage":0.0,"enemies":"Lagavulin","floor":10.0,"turns":3.0},{"damage":3.0,"enemies":"Exordium Thugs","floor":14.0,"turns":5.0},{"damage":0.0,"enemies":"Slime Boss","floor":16.0,"turns":3.0},{"damage":0.0,"enemies":"Chosen","floor":18.0,"turns":4.0},{"damage":6.0,"enemies":"Shell Parasite","floor":19.0,"turns":6.0},{"damage":12,"enemies":"Snake Plant","floor":21,"turns":6},{"damage":40,"enemies":"Chosen and Byrds","floor":22,"turns":5},{"damage":15,"enemies":"Gremlin Leader","floor":23,"turns":4}],"seed_played":"-5285498184165973581","potions_obtained":[{"floor":1.0,"key":"Block Potion"},{"floor":7.0,"key":"DistilledChaos"},{"floor":14.0,"key":"Dexterity Potion"},{"floor":19.0,"key":"Strength Potion"},{"floor":22,"key":"Dexterity Potion"}],"is_trial":false,"path_per_floor":["M","M","M","M","M","R","E","R","T","E","$","?","T","M","R","B",null,"M","M","$","M","M","E"],"character_chosen":"WATCHER","items_purchased":["Anchor","War Paint","Tiny Chest"],"campfire_rested":0,"item_purchase_floors":[11,20,20],"current_hp_per_floor":[72,72,72,70,62,62,53,53,53,53,53,42,42,39,39,39,72,72,66,66,54,26,11,11],"gold":74,"neow_bonus":"TRANSFORM_TWO_CARDS","is_daily":false,"chose_seed":false,"campfire_upgraded":3,"win_rate":0.0,"timestamp":1613328982,"path_taken":["M","M","?","?","M","R","E","R","T","E","?","?","?","M","R","BOSS","M","M","$","M","?","E"],"items_purchased_type":["Relic","Relic","Relic"],"build_version":"2020-12-22","purchased_purges":0,"victory":false,"max_hp_per_floor":[72,72,72,72,72,72,72,72,72,72,72,72,72,72,72,72,72,72,72,72,72,72,72,72],"card_choices":[{"not_picked":["BattleHymn","BowlingBash"],"picked":"CrushJoints","floor":1.0},{"not_picked":["FlyingSleeves","JustLucky"],"picked":"CutThroughFate","floor":2.0},{"not_picked":["Wallop","Prostrate"],"picked":"ForeignInfluence","floor":3.0},{"not_picked":["FlyingSleeves","Adaptation"],"picked":"Halt","floor":4.0},{"not_picked":["Meditate","DeceiveReality"],"picked":"ThirdEye","floor":5.0},{"not_picked":["SandsOfTime","WindmillStrike"],"picked":"EmptyBody","floor":7.0},{"not_picked":["FlyingSleeves","ClearTheMind"],"picked":"Wish","floor":10.0},{"not_picked":["WreathOfFlame","InnerPeace","BowlingBash"],"picked":"SKIP","floor":14.0},{"not_picked":["CutThroughFate","Protect","Wireheading+1"],"picked":"SKIP","floor":14.0},{"not_picked":["Judgement","Blasphemy"],"picked":"Alpha","floor":16.0},{"not_picked":["ClearTheMind","Indignation"],"picked":"ForeignInfluence","floor":18.0},{"not_picked":["ThirdEye+1","Nirvana+1","Protect"],"picked":"SKIP","floor":18.0},{"not_picked":["ReachHeaven","CrushJoints"],"picked":"EmptyBody+1","floor":19.0},{"not_picked":["SashWhip","Vengeance","PathToVictory+1"],"picked":"SKIP","floor":19.0},{"not_picked":["ReachHeaven","Pray","ThirdEye"],"picked":"SKIP","floor":21},{"not_picked":["Prostrate+1","WheelKick","FlurryOfBlows"],"picked":"SKIP","floor":21},{"not_picked":["ReachHeaven","Pray","ThirdEye"],"picked":"SKIP","floor":21},{"not_picked":["Prostrate+1","WheelKick","FlurryOfBlows"],"picked":"SKIP","floor":21},{"not_picked":["ReachHeaven","Pray","ThirdEye"],"picked":"SKIP","floor":21},{"not_picked":["Prostrate+1","WheelKick","FlurryOfBlows"],"picked":"SKIP","floor":21},{"not_picked":["CutThroughFate","Halt","PathToVictory"],"picked":"SKIP","floor":22},{"not_picked":["Swivel","FollowUp","DeusExMachina"],"picked":"SKIP","floor":22}],"player_experience":266684,"relics_obtained":[{"floor":7.0,"key":"HornCleat"},{"floor":9.0,"key":"Meat on the Bone"},{"floor":10.0,"key":"Prayer Wheel"},{"floor":13.0,"key":"Frozen Egg 2"}],"event_choices":[{"damage_healed":0.0,"max_hp_gain":0.0,"max_hp_loss":0.0,"gold_gain":75.0,"event_name":"World of Goop","player_choice":"Gather Gold","floor":12.0,"gold_loss":0.0,"damage_taken":11.0}],"is_beta":false,"boss_relics":[{"not_picked":["Ectoplasm","Cursed Key"],"picked":"Philosopher\u0027s Stone"}],"items_purged_floors":[],"is_endless":false,"potions_floor_spawned":[1,7,14,19,22],"killed_by":"Gremlin Leader","ascension_level":4}}