{"host":"627up2rvtmm0cf0r","time":1613293900,"event":{"mods":["ATMod(°¢èªMod)","Act Like it!","BaseMod","Better Vampires","Bossed Relics","CapriCore","Card Filter","Card Forge","Colored Powertips","DeckTracker","Dota2Spire","Downfall","Energized Spire","Friendly Minions","Highlight Path","Infinite Spire","Jedi Mod","Minty Spire (QoL Compilation)","MostiFishMod","Permanent Neow","Practice Mode","Quick Restart","Relic Stats","Reliquary","Shop Mod","Spicy Shops","StSLib","SuperFastMode","TestMod","¡¾ÒÅÎï¿¨ÅÆ¡¿REMEMod","óô»ðÖ¸ÄÏ"],"gold_per_floor":[118,136,156,176,576,611,627,660,685,685,716,732,732,752,752,853,853,866,866,886,886,901,373,405,405,428,463,486,154,172,190,65,166,166,184,184,207,207,207,356,206,131,131,293,293,462,164,192,117,464,464,464,387,665,844],"floor_reached":56,"language":"ZHS","playtime":2425,"items_purged":["Strike_G","Strike_G","Strike_G","Strike_G","Strike_G","Survivor"],"score":2169,"play_id":"19395676-e8f1-4a8f-abee-6ccb37fd8cbd","local_time":"20210214171140","is_ascension_mode":true,"campfire_choices":[{"data":"jedi:pocketpoison","floor":13,"key":"SMITH"},{"data":"PiercingWail","floor":15,"key":"SMITH"},{"floor":25,"key":"RECALL"}],"circlet_count":0,"master_deck":["jedi:pocketpoison+1","jedi:pocketpoison+1","Discovery+1","Escape Plan","infinitespire:Collect"],"relics":["Ring of the Serpent","Hammer of Thor","Seething Fire","Anvil of the Gods","DaveBox","testmod-TestBox","REME_ComplimentaryCards","NeowsBlessing","testmod-TheFather","CombinedTypeHook","SynthV:TestCard","reliquary:Knoch","reliquary:SharkskinSheath","reliquary:PorcupineQuills","Snake Skull","Incense Burner","testmod-NegativeEmotionEnhancer","SentryEyes","reliquary:Buckler","jedi:firstaidkit","infinitespire:EmpoweringShard","reliquary:WeakTea","Runic Dome","testmod-DeterminationOfClimber","jedi:sprinkler","AT_TheCollector","InkBottle","jedi:fakemustache","Blood Vial","reliquary:IridiumChain","infinitespire:PuzzleCube","AT_GoldPhoenixTree","Akabeko","Sling","Toy Ornithopter"],"acts_visited":["Exordium","TheCity","TheBeyond","TheEnding"],"potions_floor_usage":[8,14,55,55],"damage_taken":[{"damage":0,"enemies":"Cultist","floor":1,"turns":1},{"damage":0,"enemies":"Small Slimes","floor":2,"turns":1},{"damage":0,"enemies":"2 Louse","floor":3,"turns":1},{"damage":1,"enemies":"Red Slaver","floor":4,"turns":3},{"damage":10,"enemies":"Lagavulin","floor":6,"turns":3},{"damage":0,"enemies":"Exordium Thugs","floor":7,"turns":2},{"damage":0,"enemies":"Gremlin Nob","floor":8,"turns":2},{"damage":0,"enemies":"Lagavulin","floor":11,"turns":3},{"damage":0,"enemies":"Large Slime","floor":12,"turns":2},{"damage":0,"enemies":"Gremlin Gang","floor":14,"turns":2},{"damage":9,"enemies":"The Guardian","floor":16,"turns":4},{"damage":0,"enemies":"3 Byrds","floor":18,"turns":2},{"damage":7,"enemies":"Spheric Guardian","floor":20,"turns":5},{"damage":4,"enemies":"Centurion and Healer","floor":22,"turns":2},{"damage":0,"enemies":"Book of Stabbing","floor":24,"turns":3},{"damage":0,"enemies":"Gremlin Leader","floor":27,"turns":3},{"damage":0,"enemies":"Cultist and Chosen","floor":28,"turns":2},{"damage":0,"enemies":"Snecko","floor":30,"turns":3},{"damage":6,"enemies":"Shelled Parasite and Fungi","floor":31,"turns":3},{"damage":0,"enemies":"Champ","floor":33,"turns":7},{"damage":0,"enemies":"Orb Walker","floor":35,"turns":3},{"damage":0,"enemies":"3 Darklings","floor":37,"turns":1},{"damage":0,"enemies":"Giant Head","floor":40,"turns":1},{"damage":0,"enemies":"Nemesis","floor":44,"turns":1},{"damage":0,"enemies":"Reptomancer","floor":46,"turns":2},{"damage":0,"enemies":"Sphere and 2 Shapes","floor":48,"turns":1},{"damage":0,"enemies":"Donu and Deca","floor":50,"turns":1},{"damage":0,"enemies":"Shield and Spear","floor":54,"turns":1},{"damage":117,"enemies":"The Heart","floor":55,"turns":3}],"seed_played":"6040227177750682306","potions_obtained":[{"floor":2,"key":"BlessingOfTheForge"},{"floor":8,"key":"testmod-SpacePotion"},{"floor":11,"key":"Weak Potion"},{"floor":14,"key":"REME_GoldPotion"},{"floor":16,"key":"Block Potion"},{"floor":24,"key":"Ancient Potion"}],"is_trial":false,"path_per_floor":["M","M","M","M","?","E","M","E","T","$","E","M","R","M","R","B",null,"M","?","M","AVR","M","R","E","R","T","E","M","R","M","M","R","B",null,"M","?","M","T","AVR","E","R","$","T","E","?","E","R","M","R","B",null,"R","$","E","B",null],"character_chosen":"THE_SILENT","items_purchased":["SentryEyes","Discovery","reliquary:Buckler","reliquary:WeakTea","jedi:fakemustache","AT_GoldPhoenixTree","Akabeko","Sling"],"campfire_rested":0,"item_purchase_floors":[23,23,23,29,42,47,49,53],"current_hp_per_floor":[63,63,63,62,62,52,52,52,52,52,52,52,52,52,52,43,63,63,63,56,56,55,55,57,57,57,61,64,64,66,65,65,72,76,78,59,60,60,60,61,61,61,61,62,62,63,63,64,64,65,65,65,65,66,25],"gold":844,"neow_bonus":"THREE_ENEMY_KILL","is_daily":false,"chose_seed":false,"campfire_upgraded":2,"win_rate":0.0,"timestamp":1613293900,"path_taken":["M","?","M","M","?","E","M","E","T","$","E","M","R","M","R","BOSS","M","?","M","AVR","M","R","E","R","T","E","M","R","?","M","R","BOSS","M","?","?","?","AVR","E","R","$","T","E","?","E","R","?","R","BOSS","R","$","E","BOSS"],"items_purchased_type":["Relic","Card","Relic","Relic","Relic","Relic","Relic","Relic"],"build_version":"2020-12-22","purchased_purges":6,"victory":true,"max_hp_per_floor":[70,70,70,70,70,70,70,70,70,70,70,70,70,70,70,70,70,70,70,70,70,71,71,72,72,72,73,74,74,75,76,76,77,77,78,59,60,60,60,61,61,61,61,62,62,63,63,64,64,65,65,65,65,66,67],"relic_stats":{"Blood Vial":0,"counters":[29,58],"Snake Skull":[471],"obtain_stats":[{"CombinedTypeHook":0,"AT_ATBox":0,"DaveBox":0,"Hammer of Thor":0,"Snake Skull":11,"Incense Burner":21,"testmod-NegativeEmotionEnhancer":21,"jedi:command_boss":36,"Sling":53,"Blood Vial":43,"jedi:firstaidkit":24,"testmod-TheFather":0,"reliquary:Buckler":23,"testmod-DeterminationOfClimber":36,"InkBottle":40,"Ring of the Snake":0,"reliquary:SharkskinSheath":8,"testmod-TestBox":0,"NeowsBlessing":0,"AT_GoldPhoenixTree":47,"Seething Fire":0,"reliquary:WeakTea":29,"reliquary:IridiumChain":44,"Akabeko":49,"jedi:fakemustache":42,"Runic Dome":34,"SynthV:TestCard":1,"reliquary:PorcupineQuills":9,"Anvil of the Gods":0,"AT_TheCollector":39,"SentryEyes":23,"infinitespire:EmpoweringShard":27,"reliquary:Knoch":6,"Ring of the Serpent":17,"infinitespire:PuzzleCube":46,"Toy Ornithopter":54,"REME_ComplimentaryCards":0,"jedi:sprinkler":38},{"CombinedTypeHook":0,"AT_ATBox":0,"DaveBox":0,"Hammer of Thor":0,"Snake Skull":8,"Incense Burner":13,"testmod-NegativeEmotionEnhancer":13,"jedi:command_boss":21,"Sling":27,"Blood Vial":23,"jedi:firstaidkit":15,"testmod-TheFather":0,"reliquary:Buckler":14,"testmod-DeterminationOfClimber":21,"InkBottle":23,"Ring of the Snake":0,"reliquary:SharkskinSheath":7,"testmod-TestBox":0,"NeowsBlessing":0,"AT_GoldPhoenixTree":25,"Seething Fire":0,"reliquary:WeakTea":17,"reliquary:IridiumChain":24,"Akabeko":26,"jedi:fakemustache":23,"Runic Dome":20,"SynthV:TestCard":1,"reliquary:PorcupineQuills":7,"Anvil of the Gods":0,"AT_TheCollector":22,"SentryEyes":14,"infinitespire:EmpoweringShard":16,"reliquary:Knoch":5,"Ring of the Serpent":11,"infinitespire:PuzzleCube":25,"Toy Ornithopter":28,"REME_ComplimentaryCards":0,"jedi:sprinkler":22},{"CombinedTypeHook":0,"AT_ATBox":0,"DaveBox":0,"Hammer of Thor":0,"Snake Skull":13,"Incense Burner":26,"testmod-NegativeEmotionEnhancer":26,"jedi:command_boss":48,"Sling":54,"Blood Vial":50,"jedi:firstaidkit":30,"testmod-TheFather":0,"reliquary:Buckler":27,"testmod-DeterminationOfClimber":48,"InkBottle":50,"Ring of the Snake":0,"reliquary:SharkskinSheath":11,"testmod-TestBox":0,"NeowsBlessing":0,"AT_GoldPhoenixTree":52,"Seething Fire":0,"reliquary:WeakTea":34,"reliquary:IridiumChain":51,"Akabeko":53,"jedi:fakemustache":50,"Runic Dome":46,"SynthV:TestCard":1,"reliquary:PorcupineQuills":11,"Anvil of the Gods":0,"AT_TheCollector":49,"SentryEyes":27,"infinitespire:EmpoweringShard":33,"reliquary:Knoch":8,"Ring of the Serpent":20,"infinitespire:PuzzleCube":52,"Toy Ornithopter":55,"REME_ComplimentaryCards":0,"jedi:sprinkler":49}],"InkBottle":[12],"Toy Ornithopter":10},"card_choices":[{"not_picked":["Prepared","Underhanded Strike","AT_WindRun"],"picked":"SKIP","floor":1},{"not_picked":["Poisoned Stab","Crippling Poison","Dodge and Roll","Catalyst"],"picked":"PiercingWail","floor":2},{"not_picked":["Deadly Poison","Sucker Punch","jedi:acidrain","Backflip","Bane"],"picked":"SKIP","floor":3},{"not_picked":["Underhanded Strike","Leg Sweep","Slice","Cloak And Dagger","Dodge and Roll"],"picked":"SKIP","floor":4},{"not_picked":["Wraith Form v2","Dagger Throw","jedi:acidrain","Quick Slash","Deadly Poison"],"picked":"SKIP","floor":6},{"not_picked":["Skewer","AT_Desolate","Poisoned Stab","Blade Dance","Slice"],"picked":"SKIP","floor":7},{"not_picked":["Flying Knee","MostiFishMod:InvigoratingSolution","Crippling Poison","REME_ShadowStrike","AT_WindFlip"],"picked":"SKIP","floor":8},{"not_picked":["Bouncing Flask","Setup","Dagger Spray","MostiFishMod:HiddenBlade"],"picked":"jedi:pocketpoison","floor":11},{"not_picked":["Dagger Throw","MostiFishMod:PoisonShield","Dagger Spray","Slice","Blade Dance"],"picked":"SKIP","floor":12},{"not_picked":["MostiFishMod:FrostNova","Distraction","Acrobatics","REME_GreenPollution","PiercingWail"],"picked":"SKIP","floor":14},{"not_picked":["Sucker Punch+1","AT_TinkerSharpsword","AT_FocusSwordFire","Catalyst","REME_ShadowStrike"],"picked":"SKIP","floor":18},{"not_picked":["Dagger Spray","Footwork+1","Dodge and Roll+1","AT_WindFlip","Outmaneuver"],"picked":"SKIP","floor":20},{"not_picked":["Bane","Sucker Punch","Poisoned Stab","MostiFishMod:FrostNova","MostiFishMod:VineMother"],"picked":"SKIP","floor":22},{"not_picked":["MostiFishMod:VineMother","Endless Agony","Dash","Skewer","AT_EssenceShift"],"picked":"SKIP","floor":24},{"not_picked":["Eviscerate+1","Reflex+1","Acrobatics","Blade Dance","Leg Sweep"],"picked":"SKIP","floor":27},{"not_picked":["MostiFishMod:PreservedThorns","Footwork+1","Sucker Punch","Bane","All Out Attack"],"picked":"SKIP","floor":28},{"not_picked":["REME_GreenPollution","Heel Hook","AT_WindRun+1","PiercingWail"],"picked":"Escape Plan","floor":30},{"not_picked":["Flying Knee+1","Terror","MostiFishMod:InvigoratingSolution","AT_WomanClash","Catalyst+1"],"picked":"SKIP","floor":31},{"not_picked":["Deadly Poison","Quick Slash","Reflex+1","AT_WindFlip+1","Distraction"],"picked":"SKIP","floor":35},{"not_picked":["Underhanded Strike+1","All Out Attack","MostiFishMod:ThornCasing+1","Cloak And Dagger+1","Acrobatics+1"],"picked":"SKIP","floor":37},{"not_picked":["Backflip","REME_ShadowStrike","MostiFishMod:PreservedThorns","Wraith Form v2","MostiFishMod:FrostNova"],"picked":"SKIP","floor":40},{"not_picked":["Footwork+1","Prepared","Deadly Poison","AT_ArcaneSupremacy+1","Setup"],"picked":"SKIP","floor":44},{"not_picked":["Expertise","Deadly Poison","Dagger Throw","Dodge and Roll+1","Bane+1"],"picked":"SKIP","floor":46},{"not_picked":["Finisher","Dash+1","Dagger Throw","Storm of Steel","Acrobatics"],"picked":"SKIP","floor":48},{"not_picked":["AT_WindFlip","Underhanded Strike","Quick Slash+1","Dagger Throw+1","AT_TwilightShroud"],"picked":"SKIP","floor":54}],"player_experience":161991,"relics_obtained":[{"floor":1,"key":"SynthV:TestCard"},{"floor":6,"key":"reliquary:Knoch"},{"floor":8,"key":"reliquary:SharkskinSheath"},{"floor":9,"key":"reliquary:PorcupineQuills"},{"floor":11,"key":"Snake Skull"},{"floor":24,"key":"jedi:firstaidkit"},{"floor":27,"key":"infinitespire:EmpoweringShard"},{"floor":38,"key":"jedi:sprinkler"},{"floor":40,"key":"InkBottle"},{"floor":43,"key":"Blood Vial"},{"floor":44,"key":"reliquary:IridiumChain"},{"floor":46,"key":"infinitespire:PuzzleCube"},{"floor":54,"key":"Toy Ornithopter"}],"event_choices":[{"damage_healed":0,"gold_gain":400,"player_choice":"Sell","damage_taken":0,"max_hp_gain":0,"max_hp_loss":0,"event_name":"¶÷ÂåË¹µÄÅÌ×Ó","floor":5,"relics_lost":["AT_ATBox"],"gold_loss":0},{"damage_healed":0,"gold_gain":0,"player_choice":"Bought 0 Potions","damage_taken":0,"max_hp_gain":0,"max_hp_loss":0,"event_name":"The Woman in Blue","floor":45,"gold_loss":0}],"is_beta":false,"boss_relics":[{"not_picked":["Velvet Choker","Ectoplasm"],"picked":"Ring of the Serpent"},{"not_picked":["Runic Pyramid","Transparent"],"picked":"Runic Dome"}],"items_purged_floors":[21,29,29,32,39,41],"is_endless":false,"potions_floor_spawned":[2,8,11,14,16,24,30,33,37,48,54],"ascension_level":6}}