{"host":"ctlqibkg0sskiu65","time":1613316518,"event":{"mods":["AchievementEnabler","Aspiration","Astrologer","BaseMod","Better Third Choice","BetterRewards","Colored Map","Colored Powertips","Conspire","Curses Come First","Fiend Mod","Infinite Spire","Minty Spire (QoL Compilation)","Potionbrewer","Quick Restart","Reliquary","Replay The Spire","Robot Space Explorer","Shade Mod","Shop Mod","StSLib","The Blackbeard","The Bladedancer","The Cursed","The Death Knight","The Hierophant","The Jungle","The Kombatant","The Necromancer","The Poker Player","The Servant 0.9.4","TheBandit","Wide Potions","thorton"],"gold_per_floor":[113,133,133,147,94,94,110,129,129,129,159,159,159,185,185,264,264,238,256,256,256,269,286,286,306,374,391,391,391,391],"floor_reached":29,"language":"ENG","playtime":1298,"items_purged":["Strike_G","Strike_G"],"score":674,"play_id":"0ab4f3ac-b3ed-4247-b28c-4f8ae82cf577","local_time":"20210214092838","is_ascension_mode":true,"campfire_choices":[{"data":"Poisoned Stab","floor":6.0,"key":"SMITH"},{"data":"Bane","floor":10.0,"key":"SMITH"},{"floor":13.0,"key":"REST"},{"floor":15.0,"key":"DIG"},{"floor":24.0,"key":"REST"}],"circlet_count":0,"master_deck":["AscendersBane","Strike_G","Strike_G","Strike_G","Defend_G","Defend_G","Defend_G","Defend_G","Defend_G","Survivor","Neutralize","Poisoned Stab+1","Deadly Poison","Footwork","Bouncing Flask","Backflip","Poisoned Stab+1","PiercingWail","Bane+1","Burst","After Image","AbeCurse","Poisoned Stab","Dagger Spray","infinitespire:Starlight","Replay:Poison Smokescreen"],"relics":["Ring of the Snake","Pantograph","Mummified Hand","reliquary:WeakTea","Abe\u0027s Treasure","Vampiric Spirits","reliquary:WritOfMandamus","Meat on the Bone"],"acts_visited":["Exordium","TheCity"],"potions_floor_usage":[29,29],"damage_taken":[{"damage":0.0,"enemies":"Cultist","floor":1.0,"turns":3.0},{"damage":8.0,"enemies":"Small Slimes","floor":2.0,"turns":4.0},{"damage":0.0,"enemies":"2 Louse","floor":4.0,"turns":2.0},{"damage":1.0,"enemies":"Blue Slaver","floor":7.0,"turns":3.0},{"damage":12.0,"enemies":"Exordium Wildlife","floor":8.0,"turns":4.0},{"damage":7.0,"enemies":"Replay:BlueRogue","floor":11.0,"turns":5.0},{"damage":22.0,"enemies":"Gremlin Nob","floor":14.0,"turns":4.0},{"damage":26.0,"enemies":"The Guardian","floor":16.0,"turns":10.0},{"damage":15.0,"enemies":"2 Thieves","floor":18.0,"turns":4.0},{"damage":4.0,"enemies":"3 Byrds","floor":19.0,"turns":6.0},{"damage":31.0,"enemies":"Snake Plant","floor":22.0,"turns":4.0},{"damage":22.0,"enemies":"Centurion and Healer","floor":23.0,"turns":8.0},{"damage":36,"enemies":"3 Cultists","floor":25,"turns":6},{"damage":26,"enemies":"Cultist and Chosen","floor":27,"turns":5},{"damage":49,"enemies":"Nightmare","floor":29,"turns":6}],"seed_played":"-3367752708795774499","potions_obtained":[{"floor":2.0,"key":"CultistPotion"},{"floor":4.0,"key":"SkillPotion"},{"floor":11.0,"key":"Weak Potion"},{"floor":25,"key":"potionbrewer:AcidPotion"},{"floor":27,"key":"Swift Potion"}],"is_trial":false,"path_per_floor":["M","M","?","M","$","R","M","M","T","R","E","?","R","E","R_BF","B",null,"M","M","AVR","?","M","M","R","M","T","M","?","NM"],"character_chosen":"THE_SILENT","items_purchased":["Poisoned Stab+1","Deadly Poison","Footwork","Poisoned Stab"],"campfire_rested":2,"item_purchase_floors":[0,0,0,5],"current_hp_per_floor":[59,51,56,56,56,56,55,43,43,43,36,36,57,35,35,34,62,47,43,43,33,14,9,30,10,10,13,13,0,0],"gold":391,"neow_bonus":"","is_daily":false,"chose_seed":false,"campfire_upgraded":2,"win_rate":0.0,"timestamp":1613316518,"path_taken":["M","M","?","M","$","R","M","M","T","R","E","?","R","E","R_BF","BOSS","M","M","AVR","?","M","M","R","?","T","M","?","NM"],"items_purchased_type":["Card","Card","Card","Card"],"build_version":"2020-12-22","purchased_purges":2,"victory":false,"max_hp_per_floor":[66,66,71,71,71,71,71,71,71,71,71,71,71,71,71,71,71,71,71,71,71,71,71,71,71,71,71,71,71,71],"card_choices":[{"not_picked":["Hidden Blade","Eviscerate"],"picked":"Bouncing Flask","floor":1.0},{"not_picked":["Predator","Hidden Blade","Cloak And Dagger"],"picked":"SKIP","floor":2.0},{"not_picked":["Hidden Blade","Quick Slash"],"picked":"Backflip","floor":4.0},{"not_picked":["Deflect","Slice"],"picked":"PiercingWail","floor":7.0},{"not_picked":["Blade Dance","Skewer"],"picked":"Bane","floor":8.0},{"not_picked":["Poisoned Stab","Bane"],"picked":"Burst","floor":11.0},{"not_picked":["Fluid Movement","Footwork","Cloak And Dagger"],"picked":"SKIP","floor":14.0},{"not_picked":["Grand Finale","Envenom"],"picked":"After Image","floor":16.0},{"not_picked":["Choke","Footwork"],"picked":"Poisoned Stab","floor":18.0},{"not_picked":["Quick Slash","Dagger Throw+1"],"picked":"Dagger Spray","floor":19.0},{"not_picked":["Fluid Movement","Atom Bomb","ReplayTheSpireMod:Tripwire+1"],"picked":"SKIP","floor":22.0},{"not_picked":["Dodge and Roll","Blur","Slice"],"picked":"SKIP","floor":23.0},{"not_picked":["Predator","Bane"],"picked":"Replay:Poison Smokescreen","floor":25},{"not_picked":["Deadly Poison","Bouncing Flask","Concentrate"],"picked":"SKIP","floor":27}],"player_experience":297501,"relics_obtained":[{"floor":9.0,"key":"Pantograph"},{"floor":11.0,"key":"Mummified Hand"},{"floor":15.0,"key":"reliquary:WeakTea"},{"floor":26,"key":"Meat on the Bone"},{"floor":28,"key":"reliquary:FerryPass"}],"event_choices":[{"damage_healed":0.0,"max_hp_gain":5.0,"max_hp_loss":0.0,"gold_gain":0.0,"event_name":"Big Fish","player_choice":"Donut","floor":3.0,"gold_loss":0.0,"damage_taken":0.0},{"damage_healed":0.0,"max_hp_gain":0.0,"max_hp_loss":0.0,"gold_gain":0.0,"event_name":"Golden Idol","player_choice":"Ignored","floor":12.0,"gold_loss":0.0,"damage_taken":0.0},{"damage_healed":0.0,"max_hp_gain":0.0,"max_hp_loss":0.0,"gold_gain":0.0,"event_name":"Wheel of Change","player_choice":"Damaged","floor":21.0,"gold_loss":0.0,"damage_taken":10.0},{"damage_healed":0,"gold_gain":0,"player_choice":"Relic","damage_taken":0,"max_hp_gain":0,"max_hp_loss":0,"event_name":"Wheel of Change","floor":28,"gold_loss":0}],"is_beta":false,"boss_relics":[{"not_picked":["Runic Pyramid","Ring of Chaos"],"picked":"Abe\u0027s Treasure"}],"items_purged_floors":[0,20],"is_endless":false,"potions_floor_spawned":[2,4,11,25,27],"killed_by":"Nightmare","ascension_level":20}}