{"host":"0mhttqdumuceah7q","time":1613284192,"event":{"mods":["AchievementEnabler","BaseMod","Colored Map","DeckTracker","Minty Spire (QoL Compilation)","Permanent Neow"],"gold_per_floor":[19,19,33,53,67,102,114,126,126,144,158,158,158,158],"floor_reached":13,"language":"KOR","playtime":709,"items_purged":[],"score":91,"play_id":"8b2f8028-cd31-4f53-8d33-9185bd38bac2","local_time":"20210214152952","is_ascension_mode":false,"campfire_choices":[{"data":"Crescendo","floor":12,"key":"SMITH"}],"circlet_count":0,"master_deck":["Strike_P","Strike_P","Strike_P","Strike_P","Defend_P","Defend_P","Defend_P","Defend_P","Eruption","Vigilance","PathToVictory","FlyingSleeves","BowlingBash","WheelKick","FlurryOfBlows","Crescendo+1","JustLucky","CrushJoints","FearNoEvil"],"relics":["PureWater","WingedGreaves","Lantern","Pear"],"acts_visited":["Exordium"],"potions_floor_usage":[6,6,6,10],"damage_taken":[{"damage":0,"enemies":"Small Slimes","floor":1,"turns":2},{"damage":0,"enemies":"Cultist","floor":3,"turns":2},{"damage":0,"enemies":"2 Louse","floor":4,"turns":2},{"damage":20,"enemies":"Exordium Thugs","floor":5,"turns":4},{"damage":25,"enemies":"3 Sentries","floor":6,"turns":10},{"damage":3,"enemies":"Exordium Wildlife","floor":7,"turns":3},{"damage":11,"enemies":"Blue Slaver","floor":8,"turns":4},{"damage":0,"enemies":"Lots of Slimes","floor":10,"turns":2},{"damage":0,"enemies":"Large Slime","floor":11,"turns":3},{"damage":29,"enemies":"Lagavulin","floor":13,"turns":2}],"seed_played":"2304495190558414562","potions_obtained":[{"floor":2,"key":"Dexterity Potion"},{"floor":2,"key":"LiquidBronze"},{"floor":2,"key":"LiquidMemories"},{"floor":3,"key":"Block Potion"},{"floor":5,"key":"Swift Potion"},{"floor":8,"key":"Explosive Potion"},{"floor":10,"key":"Explosive Potion"},{"floor":11,"key":"SteroidPotion"}],"is_trial":false,"path_per_floor":["M","?","M","M","M","E","M","M","T","M","M","R","E"],"character_chosen":"WATCHER","items_purchased":[],"campfire_rested":0,"item_purchase_floors":[],"current_hp_per_floor":[72,72,72,72,52,27,24,13,23,23,23,23,0,0],"gold":158,"neow_bonus":"ONE_RARE_RELIC","is_daily":false,"chose_seed":false,"campfire_upgraded":1,"win_rate":0.0,"timestamp":1613284192,"path_taken":["M","?","M","M","M","E","M","M","T","M","M","R","E"],"items_purchased_type":[],"build_version":"2020-12-22","purchased_purges":0,"victory":false,"max_hp_per_floor":[72,72,72,72,72,72,72,72,82,82,82,82,82,82],"card_choices":[{"not_picked":["EmptyFist","Nirvana"],"picked":"PathToVictory","floor":1},{"not_picked":["WreathOfFlame","Halt"],"picked":"FlyingSleeves","floor":3},{"not_picked":["Wallop","ThirdEye"],"picked":"BowlingBash","floor":4},{"not_picked":["WaveOfTheHand","Crescendo"],"picked":"WheelKick","floor":5},{"not_picked":["SandsOfTime","ClearTheMind"],"picked":"FlurryOfBlows","floor":6},{"not_picked":["SignatureMove","WaveOfTheHand"],"picked":"Crescendo","floor":7},{"not_picked":["ThirdEye","Blasphemy"],"picked":"JustLucky","floor":8},{"not_picked":["WindmillStrike","Weave"],"picked":"CrushJoints","floor":10},{"not_picked":["Halt","EmptyBody"],"picked":"FearNoEvil","floor":11}],"player_experience":60944,"relics_obtained":[{"floor":6,"key":"Lantern"},{"floor":9,"key":"Pear"}],"event_choices":[{"damage_healed":0,"gold_gain":0,"player_choice":"Got Potions","damage_taken":0,"max_hp_gain":0,"max_hp_loss":0,"event_name":"Lab","floor":2,"gold_loss":0}],"is_beta":false,"boss_relics":[],"items_purged_floors":[],"is_endless":false,"potions_floor_spawned":[3,5,8,10,11],"killed_by":"Lagavulin","ascension_level":0}}