{"host":"3mxu71uy664p0kso","time":1613314881,"event":{"mods":["AchievementEnabler","Act Like it!","Arknights","BaseMod","Colored Map","Lobotomy","Minty Spire (QoL Compilation)","StSLib"],"gold_per_floor":[118,136,154,167,179,179,192,192,192,192,46,46,56,56,68,80,80],"floor_reached":16,"language":"KOR","playtime":1083,"items_purged":[],"score":119,"play_id":"da387a8f-c1ff-4168-998c-b9e6f0467b21","local_time":"20210215000121","is_ascension_mode":false,"campfire_choices":[],"circlet_count":0,"master_deck":["SpecialBullet","SpecialBullet","SpecialBullet","SpecialBullet","SpecialBullet","SpecialBullet","SpecialBullet","SpecialBullet","InformationCode","CentralCode","SecurityCode","Woodsman","PunishingBird","Wellcheers","SpecialBullet","Yin","DisciplinaryCode","SpecialBullet"],"relics":["CogitoBucket","RabbitCall","ResearcherNote","Pocketwatch","Strawberry","Yang_Lob","MawBank"],"acts_visited":[],"potions_floor_usage":[7,7,16,16,16],"damage_taken":[{"damage":12,"enemies":"2 Louse","floor":1,"turns":2},{"damage":6,"enemies":"Cultist","floor":2,"turns":3},{"damage":13,"enemies":"Jaw Worm","floor":3,"turns":3},{"damage":22,"enemies":"Looter","floor":4,"turns":3},{"damage":18,"enemies":"3 Louse","floor":5,"turns":2},{"damage":22,"enemies":"Exordium Thugs","floor":7,"turns":7},{"damage":3,"enemies":"Blue Slaver","floor":13,"turns":5},{"damage":58,"enemies":"Hexaghost","floor":16,"turns":15}],"seed_played":"-2646207988746471206","potions_obtained":[{"floor":1,"key":"BlessingOfTheForge"},{"floor":4,"key":"LiquidMemories"},{"floor":5,"key":"Swift Potion"},{"floor":7,"key":"AttackPotion"},{"floor":10,"key":"BlessingOfTheForge"},{"floor":10,"key":"Fire Potion"}],"is_trial":false,"path_per_floor":["M","M","M","M","M","R","M","R","T","?","$","R","M","?","R","B"],"character_chosen":"Angela","items_purchased":["Strawberry"],"campfire_rested":0,"item_purchase_floors":[11],"current_hp_per_floor":[59,67,68,60,68,68,67,67,67,67,74,74,90,90,90,38,38],"gold":80,"neow_bonus":"TWENTY_PERCENT_HP_BONUS","is_daily":false,"chose_seed":false,"campfire_upgraded":0,"win_rate":0.0,"timestamp":1613314881,"path_taken":["M","M","M","M","M","R","M","R","T","?","?","R","M","?","R","BOSS"],"items_purchased_type":["Relic"],"build_version":"2020-12-22","purchased_purges":0,"victory":false,"max_hp_per_floor":[84,84,84,84,84,84,84,84,84,84,91,91,91,91,91,91,91],"card_choices":[{"not_picked":["PunishingBird","CrumblingArmor"],"picked":"Woodsman","floor":1},{"not_picked":["FrostShard","Wingbeat"],"picked":"SKIP","floor":1},{"not_picked":["QueenOfHatred","CrumblingArmor"],"picked":"PunishingBird","floor":2},{"not_picked":["Heaven","Horn"],"picked":"SKIP","floor":2},{"not_picked":["Tough","DaCapo"],"picked":"SKIP","floor":3},{"not_picked":["VoidDream","MHz"],"picked":"Wellcheers","floor":4},{"not_picked":["SolemnVow","Loneliness"],"picked":"SKIP","floor":4},{"not_picked":["FourthMatchFlame","Discord"],"picked":"SKIP","floor":5},{"not_picked":["WallGazer","FairyFestival"],"picked":"Yin","floor":7},{"not_picked":["GreenStem","Horn"],"picked":"SKIP","floor":7},{"not_picked":["Soda","Horn"],"picked":"SKIP","floor":13}],"player_experience":120668,"relics_obtained":[{"floor":9,"key":"Pocketwatch"}],"event_choices":[{"damage_healed":0,"gold_gain":0,"player_choice":"Got Potions","damage_taken":0,"max_hp_gain":0,"max_hp_loss":0,"event_name":"Lab","floor":10,"gold_loss":0},{"damage_healed":0,"gold_gain":0,"player_choice":"Searched \u00271\u0027 times","damage_taken":0,"relics_obtained":["MawBank"],"max_hp_gain":0,"max_hp_loss":0,"event_name":"Dead Adventurer","floor":14,"gold_loss":0}],"is_beta":false,"boss_relics":[],"items_purged_floors":[],"is_endless":false,"potions_floor_spawned":[1,4,5,7],"killed_by":"Hexaghost","ascension_level":0}}