{"host":"8e3sp1tozjyrh64l","time":1613268039,"event":{"mods":["BaseMod","Better Altar","Better Match","Better Note","Better Sensory Stone","Better Silent Start","Better Skull","Better Third Choice","BetterRewards","Curses Come First","Defuse TimeMaze Blight","Infinite Spire","Minty Spire (QoL Compilation)","Permanent Neow","Rare Cards Sparkle","Relic Sorter","Reliquary","Replay The Spire","Shop Mod","Spicy Shops","StSLib","SuperFastMode","Wandering Minibosses"],"gold_per_floor":[109,122,137,412,427,455,455,481,481,189,189,189,202,277,277,374,374,388,400,400,417,99,99,157,157,233,19,63,127,127,187,187,187,187],"floor_reached":33,"language":"ENG","playtime":831,"items_purged":["Regret"],"score":310,"play_id":"340fbeeb-4c27-4c2e-9202-0b3fed172d5e","local_time":"20210213190039","is_ascension_mode":true,"campfire_choices":[{"data":"Terror","floor":7,"key":"SMITH"},{"data":"Masterful Stab","floor":11,"key":"SMITH"},{"data":"Neutralize","floor":15,"key":"SMITH"},{"data":"HandOfGreed","floor":23,"key":"SMITH"},{"data":"Unload","floor":25,"key":"SMITH"},{"data":"Corpse Explosion","floor":32,"key":"SMITH"}],"circlet_count":0,"master_deck":["Strike_G","Strike_G","Strike_G","Strike_G","Defend_G","Defend_G","Defend_G","Defend_G","Survivor","Neutralize+1","Masterful Stab+1","Corpse Explosion+1","Terror+1","Unload+1","Masterful Stab+1","Blade Dance","HandOfGreed+1","Prepared+1","Sadistic Nature+1","Prepared+1","Crippling Poison+1"],"relics":["Ring of the Serpent","Bottled Flame","reliquary:Pushpin","Ancient Tea Set","MerchantsRug","infinitespire:CheckeredPen","Tiny Chest","reliquary:BoilingFlask","Kunai","infinitespire:FocusingShard"],"acts_visited":["Exordium","TheCity"],"potions_floor_usage":[5,5,6,8,24,31,33,33],"damage_taken":[{"damage":0,"enemies":"Jaw Worm","floor":1,"turns":5},{"damage":0,"enemies":"Cultist","floor":2,"turns":4},{"damage":0,"enemies":"Small Slimes","floor":3,"turns":3},{"damage":0,"enemies":"Looter","floor":5,"turns":2},{"damage":24,"enemies":"Lagavulin","floor":6,"turns":4},{"damage":9,"enemies":"Gremlin Nob","floor":8,"turns":4},{"damage":0,"enemies":"2 Fungi Beasts","floor":13,"turns":2},{"damage":23,"enemies":"Slime Boss","floor":16,"turns":10},{"damage":20,"enemies":"Spheric Guardian","floor":18,"turns":4},{"damage":10,"enemies":"Shell Parasite","floor":19,"turns":4},{"damage":2,"enemies":"Centurion and Healer","floor":21,"turns":4},{"damage":6,"enemies":"Book of Stabbing","floor":24,"turns":3},{"damage":0,"enemies":"Snake Plant","floor":28,"turns":2},{"damage":10,"enemies":"Sentry and Sphere","floor":29,"turns":5},{"damage":8,"enemies":"Slavers","floor":31,"turns":3},{"damage":14,"enemies":"Pondfish","floor":33,"turns":3}],"seed_played":"1886673040205196875","potions_obtained":[{"floor":0,"key":"CultistPotion"},{"floor":0,"key":"AttackPotion"},{"floor":0,"key":"AttackPotion"},{"floor":1,"key":"PowerPotion"},{"floor":5,"key":"Explosive Potion"},{"floor":8,"key":"LiquidBronze"},{"floor":28,"key":"Elixir"},{"floor":31,"key":"Fire Potion"}],"is_trial":false,"path_per_floor":["M","M","M","?","M","E","R","E","T","$","R","T","M","?","R","B",null,"M","M","?","M","$","R","E","R","T","$","M","M","?","E","R","B"],"character_chosen":"THE_SILENT","items_purchased":["Ancient Tea Set","MerchantsRug","Tiny Chest","HandOfGreed","Sadistic Nature"],"campfire_rested":0,"item_purchase_floors":[10,10,22,22,27],"current_hp_per_floor":[70,70,70,70,70,46,46,37,37,37,37,37,37,26,26,3,70,50,40,40,38,38,38,32,32,32,32,32,22,22,14,14,0,0],"gold":187,"neow_bonus":"THREE_SMALL_POTIONS","is_daily":false,"chose_seed":false,"campfire_upgraded":6,"win_rate":0.0,"timestamp":1613268039,"path_taken":["M","M","M","?","?","E","R","E","T","$","R","?","M","?","R","BOSS","M","M","?","M","$","R","E","R","T","$","M","M","?","E","R","BOSS"],"items_purchased_type":["Relic","Relic","Relic","Card","Card"],"build_version":"2020-12-22","purchased_purges":1,"victory":false,"max_hp_per_floor":[70,70,70,70,70,70,70,70,70,70,70,70,70,70,70,70,70,70,70,70,70,70,70,70,70,70,70,70,70,70,70,70,70,70],"card_choices":[{"not_picked":["ReplayTheSpireMod:Shiv Toss","Prepared"],"picked":"Masterful Stab","floor":1},{"not_picked":["Deflect","Slice","Toxin Wave"],"picked":"SKIP","floor":2},{"not_picked":["Concentrate","Dodge and Roll"],"picked":"Corpse Explosion","floor":3},{"not_picked":["Poisoned Stab","Quick Slash"],"picked":"Terror","floor":5},{"not_picked":["Dagger Throw","Wraith Form v2","Dodge and Roll"],"picked":"SKIP","floor":6},{"not_picked":["ReplayTheSpireMod:The Works","Deflect","Acrobatics"],"picked":"SKIP","floor":8},{"not_picked":["Flying Knee","Backflip","ReplayTheSpireMod:Shiv Toss"],"picked":"SKIP","floor":13},{"not_picked":["ReplayTheSpireMod:Necrosis","Atom Bomb"],"picked":"Unload","floor":16},{"not_picked":["Deadly Poison","Expertise+1","Bane"],"picked":"SKIP","floor":18},{"not_picked":["Dagger Throw","Prepared","Tactician"],"picked":"SKIP","floor":19},{"not_picked":["ReplayTheSpireMod:Tripwire+1","Deadly Poison"],"picked":"Blade Dance","floor":21},{"not_picked":["PiercingWail","Grand Finale"],"picked":"Prepared+1","floor":24},{"not_picked":["Prepared+1","Deadly Poison+1","Slice"],"picked":"SKIP","floor":28},{"not_picked":["Deadly Poison+1","Slice"],"picked":"Prepared+1","floor":28},{"not_picked":["Underhanded Strike","Cloak And Dagger","Eviscerate"],"picked":"SKIP","floor":29},{"not_picked":["Poison Darts","Draining Mist"],"picked":"Crippling Poison+1","floor":31}],"player_experience":932601,"relics_obtained":[{"floor":6,"key":"Bottled Flame"},{"floor":8,"key":"reliquary:QuartzCube"},{"floor":9,"key":"reliquary:Pushpin"},{"floor":12,"key":"infinitespire:CheckeredPen"},{"floor":24,"key":"reliquary:BoilingFlask"},{"floor":26,"key":"Kunai"},{"floor":31,"key":"infinitespire:FocusingShard"}],"event_choices":[{"damage_healed":0,"gold_gain":275,"player_choice":"Desecrate","damage_taken":0,"max_hp_gain":0,"max_hp_loss":0,"event_name":"Golden Shrine","floor":4,"gold_loss":0,"cards_obtained":["Regret"]},{"damage_healed":0,"gold_gain":75,"player_choice":"Gold","damage_taken":11,"max_hp_gain":0,"max_hp_loss":0,"event_name":"betterThird:BetterGoop","floor":14,"gold_loss":0},{"damage_healed":0,"gold_gain":0,"player_choice":"Copied","damage_taken":0,"max_hp_gain":0,"max_hp_loss":0,"event_name":"Duplicator","floor":20,"gold_loss":0,"cards_obtained":["Masterful Stab"]},{"damage_healed":0,"gold_gain":0,"player_choice":"Forge","damage_taken":0,"max_hp_gain":0,"max_hp_loss":0,"event_name":"Accursed Blacksmith","floor":30,"gold_loss":0,"cards_upgraded":["Sadistic Nature"]}],"is_beta":false,"boss_relics":[{"not_picked":["reliquary:Ember","Astrolabe"],"picked":"Ring of the Serpent"}],"items_purged_floors":[10],"is_endless":false,"potions_floor_spawned":[1,5,8,28,31],"killed_by":"Pondfish","ascension_level":1}}