{"host":"ow66nzv2xecjoor3","time":1613287108,"event":{"mods":["BaseMod","Bestiary","Block Reminder","Colored Powertips","Curses Come First","Highlight Path","Keyboard Shortcuts","Minty Spire (QoL Compilation)","Permanent Neow","Relic Stats","StSLib","UnlockEverythingMod"],"gold_per_floor":[114,133,148,167,186,186,198,273,273,293,92,103,68,68,68,143,143,99,118,118,118,132,132,132,132],"floor_reached":24,"language":"ENG","playtime":1002,"items_purged":["Strike_G"],"score":484,"play_id":"0ea409fc-46ff-461c-849d-46c37571ef6d","local_time":"20210214011828","is_ascension_mode":true,"campfire_choices":[{"floor":6,"key":"REST"},{"data":"Noxious Fumes","floor":15,"key":"SMITH"},{"floor":23,"key":"REST"}],"circlet_count":0,"master_deck":["AscendersBane","Strike_G","Strike_G+1","Strike_G","Strike_G","Defend_G","Defend_G","Defend_G","Defend_G","Defend_G+1","Survivor","Neutralize","Underhanded Strike","Dagger Throw","Leg Sweep","Phantasmal Killer","Calculated Gamble","Noxious Fumes+1","Blur","Unload","Malaise","Quick Slash+1","Decay","Ghostly","Ghostly","Ghostly"],"relics":["Snecko Eye","Toy Ornithopter","Membership Card","HoveringKite"],"acts_visited":["Exordium","TheCity"],"potions_floor_usage":[12,16,19,24,24],"damage_taken":[{"damage":1,"enemies":"Small Slimes","floor":1,"turns":6},{"damage":0,"enemies":"2 Louse","floor":2,"turns":2},{"damage":2,"enemies":"Jaw Worm","floor":3,"turns":3},{"damage":23,"enemies":"Exordium Thugs","floor":4,"turns":9},{"damage":20,"enemies":"Exordium Wildlife","floor":5,"turns":7},{"damage":10,"enemies":"Large Slime","floor":7,"turns":5},{"damage":1,"enemies":"3 Louse","floor":10,"turns":3},{"damage":0,"enemies":"Looter","floor":12,"turns":4},{"damage":0,"enemies":"Slime Boss","floor":16,"turns":7},{"damage":17,"enemies":"2 Thieves","floor":18,"turns":5},{"damage":24,"enemies":"Spheric Guardian","floor":19,"turns":7},{"damage":12,"enemies":"Snecko","floor":22,"turns":7},{"damage":8,"enemies":"Slavers","floor":24,"turns":5}],"seed_played":"8530887990707643977","potions_obtained":[{"floor":3,"key":"Energy Potion"},{"floor":10,"key":"Dexterity Potion"},{"floor":12,"key":"FearPotion"},{"floor":16,"key":"Energy Potion"},{"floor":19,"key":"ColorlessPotion"}],"is_trial":false,"path_per_floor":["M","M","M","M","M","R","M","?","T","M","$","M","?","?","R","B",null,"M","M","?","?","M","R","E"],"character_chosen":"THE_SILENT","items_purchased":["Membership Card"],"campfire_rested":2,"item_purchase_floors":[11],"current_hp_per_floor":[58,58,56,33,13,32,22,11,11,10,10,15,31,11,11,16,54,37,18,18,18,6,15,17,17],"gold":132,"neow_bonus":"BOSS_RELIC","is_daily":false,"chose_seed":false,"campfire_upgraded":1,"win_rate":0.0,"timestamp":1613287108,"path_taken":["M","M","M","M","M","R","M","?","T","M","$","M","?","?","R","BOSS","M","M","?","?","?","R","E"],"items_purchased_type":["Relic"],"build_version":"2020-12-22","purchased_purges":1,"victory":false,"max_hp_per_floor":[66,66,66,66,66,66,66,66,66,66,66,66,66,66,66,66,66,66,66,66,33,33,33,33,33],"relic_stats":{"counters":[13,70],"Snecko Eye":[118,119,145,128],"HoveringKite":[11],"obtain_stats":[{"Snecko Eye":0,"HoveringKite":17,"Membership Card":11,"Toy Ornithopter":9,"Ring of the Snake":0},{"Snecko Eye":0,"HoveringKite":9,"Membership Card":7,"Toy Ornithopter":6,"Ring of the Snake":0},{"Snecko Eye":0,"HoveringKite":46,"Membership Card":35,"Toy Ornithopter":32,"Ring of the Snake":0}],"Toy Ornithopter":25},"card_choices":[{"not_picked":["Reflex","Catalyst"],"picked":"Underhanded Strike","floor":1},{"not_picked":["Quick Slash","Expertise"],"picked":"Dagger Throw","floor":2},{"not_picked":["Cloak And Dagger","Escape Plan"],"picked":"Leg Sweep","floor":3},{"not_picked":["Footwork","Underhanded Strike"],"picked":"Phantasmal Killer","floor":4},{"not_picked":["Sucker Punch","Quick Slash"],"picked":"Calculated Gamble","floor":5},{"not_picked":["Dagger Spray","Bane"],"picked":"Noxious Fumes","floor":7},{"not_picked":["Concentrate","Setup"],"picked":"Blur","floor":10},{"not_picked":["Deadly Poison","Escape Plan"],"picked":"Unload","floor":12},{"not_picked":["Tools of the Trade","Burst"],"picked":"Malaise","floor":16},{"not_picked":["Quick Slash","Dagger Throw","Heel Hook+1"],"picked":"SKIP","floor":18},{"not_picked":["Prepared","Slice"],"picked":"Quick Slash+1","floor":19},{"not_picked":["Infinite Blades","Masterful Stab","Dodge and Roll"],"picked":"SKIP","floor":22}],"player_experience":2857484,"relics_obtained":[{"floor":9,"key":"Toy Ornithopter"}],"event_choices":[{"damage_healed":0,"gold_gain":75,"player_choice":"Gather Gold","damage_taken":11,"max_hp_gain":0,"max_hp_loss":0,"event_name":"World of Goop","floor":8,"gold_loss":0},{"damage_healed":16,"gold_gain":0,"player_choice":"Healed","damage_taken":0,"max_hp_gain":0,"max_hp_loss":0,"event_name":"The Cleric","floor":13,"gold_loss":35},{"damage_healed":0,"gold_gain":0,"player_choice":"Entered Light","damage_taken":20,"max_hp_gain":0,"max_hp_loss":0,"event_name":"Shining Light","floor":14,"gold_loss":0,"cards_upgraded":["Strike_G","Defend_G"]},{"damage_healed":0,"gold_gain":0,"player_choice":"Smashed Altar","damage_taken":0,"max_hp_gain":0,"max_hp_loss":0,"event_name":"Forgotten Altar","floor":20,"gold_loss":0,"cards_obtained":["Decay"]},{"damage_healed":0,"gold_gain":0,"player_choice":"Became a Ghost","damage_taken":0,"max_hp_gain":0,"max_hp_loss":33,"event_name":"Ghosts","floor":21,"gold_loss":0,"cards_obtained":["Ghostly","Ghostly","Ghostly"]}],"is_beta":false,"boss_relics":[{"not_picked":["Tiny House","Philosopher\u0027s Stone"],"picked":"HoveringKite"}],"items_purged_floors":[11],"is_endless":false,"potions_floor_spawned":[3,10,12,16,19],"killed_by":"Slavers","ascension_level":20}}