{"host":"4w9vompg42n13q24","time":1613340514,"event":{"mods":["Aspiration","BaseMod","Better Third Choice","Colored Map","Colored Powertips","DeckTracker","Downfall","GifTheSpireLib","Glutton Mod","Hermit","Highlight Path","Hubris","Minty Spire (QoL Compilation)","Relic Stats","StSLib","Stuff the Spire","The Druid","The Necromancer","Trackpad"],"gold_per_floor":[99,112,112,112,123,33,110,145,145,320,337,337,337,356,368,466,466,466,479,495,495,509,244,244,261,161,161,171,181,166,166,186,186,186,186],"floor_reached":33,"language":"ENG","playtime":2246,"items_purged":["downfall:Malfunctioning","Doubt","bronze:Strike"],"score":299,"play_id":"85c8f06f-c824-491f-acfa-9375f4641133","local_time":"20210214230834","is_ascension_mode":false,"campfire_choices":[{"data":"bronze:Replicate","floor":1,"key":"SMITH"},{"floor":9,"key":"REST"},{"floor":18,"key":"RECALL"},{"floor":26,"key":"REST"}],"circlet_count":0,"master_deck":["bronze:Strike+1","bronze:Strike","bronze:Defend","bronze:Defend+1","bronze:Defend+1","bronze:Replicate+1","bronze:Goto","bronze:Iterate","bronze:Boost","bronze:Philosophize","bronze:GetLatest","bronze:Iterate","bronze:BronzeArmor","bronze:CleanCode","bronze:FineTuning","Dramatic Entrance","bronze:Boost","bronze:BuggyMess+1","bronze:Break","bronze:Flail"],"relics":["bronze:PlatinumCore","trackpad:ZombieHeart","trackpad:DisasterInABottle","Shovel","Tiny Chest","Mango","Medical Kit","Mercury Hourglass","downfall:HeartBlessingRed","hubris:MedicalManual"],"acts_visited":["Exordium","TheCity"],"potions_floor_usage":[14,30],"damage_taken":[{"damage":0,"enemies":"Cultist","floor":2,"turns":2},{"damage":2,"enemies":"Small Slimes","floor":5,"turns":2},{"damage":10,"enemies":"downfall:FleeingMerchant","floor":6,"turns":4},{"damage":16,"enemies":"Lagavulin","floor":8,"turns":4},{"damage":6,"enemies":"Jaw Worm","floor":11,"turns":3},{"damage":2,"enemies":"2 Fungi Beasts","floor":14,"turns":2},{"damage":0,"enemies":"downfall:LooterAlt","floor":15,"turns":2},{"damage":15,"enemies":"IC_STATUS_ARCHETYPE","floor":16,"turns":5},{"damage":9,"enemies":"Shell Parasite","floor":19,"turns":4},{"damage":15,"enemies":"Spheric Guardian","floor":20,"turns":4},{"damage":36,"enemies":"Centurion and Healer","floor":22,"turns":5},{"damage":0,"enemies":"downfall:FleeingMerchant","floor":23,"turns":4},{"damage":16,"enemies":"Snecko","floor":25,"turns":5},{"damage":17,"enemies":"Cultist and Chosen","floor":28,"turns":6},{"damage":0,"enemies":"Sentry and Sphere","floor":29,"turns":3},{"damage":7,"enemies":"downfall:FleeingMerchant","floor":30,"turns":4},{"damage":2,"enemies":"Centurion and Healer","floor":32,"turns":2},{"damage":38,"enemies":"SI_MIRROR_ARCHETYPE","floor":33,"turns":4}],"seed_played":"1924662662035802911","potions_obtained":[{"floor":11,"key":"Swift Potion"},{"floor":14,"key":"Fruit Juice"},{"floor":22,"key":"SmokeBomb"},{"floor":25,"key":"Fire Potion"},{"floor":32,"key":"FearPotion"}],"is_trial":false,"path_per_floor":["R","M","T","?","M","$","T","E","R","?","M","?","$","M","M","B",null,"R","M","M","?","M","$","T","M","R","T","M","M","$","?","M","B"],"character_chosen":"THE_AUTOMATON","items_purchased":["Mango","Medical Kit"],"campfire_rested":2,"item_purchase_floors":[13,23],"current_hp_per_floor":[49,49,49,49,49,39,39,24,45,45,40,28,17,22,23,9,97,97,89,75,75,41,41,41,26,56,56,41,43,36,36,36,0,0,0],"gold":186,"neow_bonus":"REMOVE_TWO","is_daily":false,"chose_seed":false,"campfire_upgraded":1,"win_rate":0.0,"timestamp":1613340514,"path_taken":["R","M","?","?","M","$","T","E","R","?","M","?","?","M","M","BOSS","R","M","M","?","?","$","T","M","R","?","?","?","$","?","M","BOSS"],"items_purchased_type":["Relic","Relic"],"build_version":"2020-12-22","purchased_purges":3,"victory":false,"max_hp_per_floor":[70,70,70,70,72,72,72,73,73,73,74,74,88,95,96,97,97,97,98,99,99,101,101,101,102,102,102,104,106,106,106,108,108,108,108],"relic_stats":{"Shovel":0,"counters":[18,65],"Tiny Chest":1,"Medical Kit":[4],"obtain_stats":[{"bronze:PlatinumCore":17,"trackpad:ZombieHeart":3,"bronze:BronzeCore":0,"Shovel":8,"downfall:HeartBlessingRed":26,"Tiny Chest":12,"Mango":13,"hubris:MedicalManual":27,"trackpad:DisasterInABottle":7,"Medical Kit":23,"Mercury Hourglass":24},{"bronze:PlatinumCore":8,"trackpad:ZombieHeart":1,"bronze:BronzeCore":0,"Shovel":4,"downfall:HeartBlessingRed":13,"Tiny Chest":5,"Mango":5,"hubris:MedicalManual":13,"trackpad:DisasterInABottle":3,"Medical Kit":12,"Mercury Hourglass":12},{"bronze:PlatinumCore":24,"trackpad:ZombieHeart":2,"bronze:BronzeCore":0,"Shovel":12,"downfall:HeartBlessingRed":46,"Tiny Chest":15,"Mango":15,"hubris:MedicalManual":46,"trackpad:DisasterInABottle":8,"Medical Kit":41,"Mercury Hourglass":41}],"Mercury Hourglass":[64]},"card_choices":[{"not_picked":["bronze:Turbo","bronze:Invalidate"],"picked":"bronze:Iterate","floor":2},{"not_picked":["bronze:CutThrough","bronze:Overheat"],"picked":"bronze:Boost","floor":5},{"not_picked":["bronze:ShipIt","bronze:BuggyMess"],"picked":"bronze:Philosophize","floor":6},{"not_picked":["bronze:Separator","bronze:DelayedGuard","bronze:Deprecate"],"picked":"SKIP","floor":8},{"not_picked":["bronze:Deprecate","bronze:Philosophize"],"picked":"bronze:GetLatest","floor":11},{"not_picked":["bronze:OilSpill","bronze:WhirlingStrike"],"picked":"bronze:Iterate","floor":14},{"not_picked":["bronze:Overheat","bronze:BitShift"],"picked":"bronze:BronzeArmor","floor":15},{"not_picked":["bronze:Break","bronze:BurnOut"],"picked":"bronze:CleanCode","floor":16},{"not_picked":["bronze:BugBarrage","bronze:Separator","bronze:ForceShield"],"picked":"SKIP","floor":19},{"not_picked":["bronze:DelayedGuard+1","bronze:Frontload+1"],"picked":"bronze:FineTuning","floor":20},{"not_picked":["bronze:BuggyMess","bronze:InfiniteBeams"],"picked":"bronze:Boost","floor":22},{"not_picked":["bronze:WhirlingStrike+1","bronze:Allocate+1","bronze:Refactor"],"picked":"SKIP","floor":23},{"not_picked":["bronze:Overheat+1","bronze:CutThrough","bronze:Deprecate"],"picked":"SKIP","floor":25},{"not_picked":["bronze:WhirlingStrike","bronze:Invalidate+1","bronze:SpaghettiCode"],"picked":"SKIP","floor":28},{"not_picked":["bronze:Separator","bronze:FollowUp"],"picked":"bronze:BuggyMess","floor":29},{"not_picked":["bronze:Fortify","bronze:Turbo"],"picked":"bronze:Break","floor":30},{"not_picked":["bronze:WhirlingStrike+1","bronze:FollowUp"],"picked":"bronze:Flail","floor":32}],"player_experience":675617,"relics_obtained":[{"floor":3,"key":"trackpad:ZombieHeart"},{"floor":7,"key":"trackpad:DisasterInABottle"},{"floor":8,"key":"Shovel"},{"floor":24,"key":"Mercury Hourglass"},{"floor":27,"key":"hubris:MedicalManual"}],"event_choices":[{"damage_healed":0,"gold_gain":0,"player_choice":"Relic ","damage_taken":12,"max_hp_gain":0,"max_hp_loss":0,"event_name":"betterThird:BetterScrap","floor":12,"gold_loss":0,"cards_obtained":["Bloodletting"]}],"is_beta":false,"boss_relics":[{"not_picked":["aspiration:PoetsPen_weak","Cursed Key"],"picked":"bronze:PlatinumCore"}],"items_purged_floors":[6,13,23],"is_endless":false,"potions_floor_spawned":[11,14,22,25,28,29,32],"killed_by":"SI_MIRROR_ARCHETYPE","ascension_level":0}}