{"host":"cpsutu8lprjuipd6","time":1613281987,"event":{"mods":["BaseMod","Colored Map","Minty Spire (QoL Compilation)","Permanent Neow","StSLib","SuperFastMode","The Bug Knight","Together in Spire"],"gold_per_floor":[116,4,14,14,14,53,53,96,96,121,185,223,247,41,41,169,169,183,183,183,183,183,183,40,69,69,69,117,135,135,168,168,268,268,282,294,294,40,40,40,73,73,73,173,191,21,55,73,73,73,73],"floor_reached":50,"language":"KOR","playtime":1643,"items_purged":["Defend_P","Defend_P","Defend_P","Strike_P"],"score":680,"play_id":"34b627a3-08b3-404b-8179-c910cef6602e","local_time":"20210214145307","is_ascension_mode":false,"campfire_choices":[{"floor":15,"key":"REST"},{"data":"Tantrum","floor":23,"key":"SMITH"},{"data":"FollowUp","floor":27,"key":"SMITH"},{"data":"Consecrate","floor":30,"key":"SMITH"},{"data":"CutThroughFate","floor":32,"key":"SMITH"},{"floor":40,"key":"REST"},{"data":"LessonLearned","floor":42,"key":"SMITH"},{"data":"Consecrate","floor":49,"key":"SMITH"}],"circlet_count":0,"master_deck":["Defend_P+1","Eruption+1","Vigilance","CutThroughFate+1","Indignation","BowlingBash+1","Halt","Tantrum+1","ClearTheMind+1","EmptyBody+1","Consecrate+1","FollowUp+1","ConjureBlade+1","PathToVictory","Writhe","CarveReality+1","EmptyFist","CutThroughFate","LessonLearned+1","FearNoEvil+1","ForeignInfluence+1","LessonLearned+1","Consecrate","ClearTheMind+1","Consecrate","Adaptation+1","Parasite","SpiritShield","Consecrate+1","Indignation","Evaluate","FlyingSleeves+1"],"relics":["VioletLotus","Bloody Idol","HollowMod:LifeEnderRelic","Matryoshka","Smiling Mask","Shuriken","Sundial","Gremlin Horn","Blood Vial","SlaversCollar","Tiny Chest","Frozen Egg 2","Mummified Hand","MutagenicStrength","War Paint","Red Mask","Bottled Flame","Boot","Darkstone Periapt","Astrolabe","Chemical X","Pantograph","Damaru","Ornamental Fan","Kunai"],"acts_visited":["Exordium","TheCity","TheBeyond"],"potions_floor_usage":[16,16,25,35,47,50],"damage_taken":[{"damage":0,"enemies":"Cultist","floor":1,"turns":1},{"damage":0,"enemies":"Small Slimes","floor":3,"turns":1},{"damage":0,"enemies":"Gremlin Nob","floor":6,"turns":1},{"damage":15,"enemies":"Lagavulin","floor":8,"turns":3},{"damage":3,"enemies":"Jaw Worm","floor":10,"turns":2},{"damage":0,"enemies":"Gremlin Nob","floor":11,"turns":2},{"damage":0,"enemies":"Gremlin Nob","floor":12,"turns":2},{"damage":0,"enemies":"Looter","floor":13,"turns":1},{"damage":29,"enemies":"The Guardian","floor":16,"turns":3},{"damage":8,"enemies":"Shell Parasite","floor":18,"turns":2},{"damage":13,"enemies":"Masked Bandits","floor":25,"turns":3},{"damage":0,"enemies":"Spheric Guardian","floor":29,"turns":2},{"damage":8,"enemies":"Gremlin Leader","floor":31,"turns":2},{"damage":0,"enemies":"Collector","floor":33,"turns":2},{"damage":0,"enemies":"3 Darklings","floor":35,"turns":1},{"damage":51,"enemies":"3 Shapes","floor":36,"turns":3},{"damage":0,"enemies":"Giant Head","floor":41,"turns":2},{"damage":11,"enemies":"Writhing Mass","floor":45,"turns":4},{"damage":28,"enemies":"Nemesis","floor":47,"turns":4},{"damage":0,"enemies":"Jaw Worm Horde","floor":48,"turns":1},{"damage":119,"enemies":"Donu and Deca","floor":50,"turns":5}],"seed_played":"6761336758067399857","potions_obtained":[{"floor":3,"key":"LiquidBronze"},{"floor":8,"key":"Strength Potion"},{"floor":11,"key":"Explosive Potion"},{"floor":12,"key":"DistilledChaos"},{"floor":25,"key":"FairyPotion"},{"floor":33,"key":"Swift Potion"},{"floor":36,"key":"Fire Potion"},{"floor":37,"key":"SteroidPotion"},{"floor":48,"key":"Energy Potion"}],"is_trial":false,"path_per_floor":["M","$","M","$","?","E","?","E","T","M","?","E","M","$","R","B",null,"M","?","T","?","?","R","$","?","T","R","T","M","R","E","R","B",null,"M","M","?","$","T","R","E","R","T","?","M","$","E","M","R","B"],"character_chosen":"WATCHER","items_purchased":["Indignation","Blood Vial","War Paint","Chemical X","Consecrate","Consecrate","Indignation"],"campfire_rested":2,"item_purchase_floors":[2,14,24,38,38,46,46],"current_hp_per_floor":[72,72,72,72,54,54,54,39,39,36,36,36,36,36,57,30,72,64,64,64,64,64,64,64,58,58,58,63,70,70,69,69,72,72,72,26,26,26,26,47,54,54,54,59,61,61,40,47,47,0,0],"gold":73,"neow_bonus":"BOSS_RELIC","is_daily":false,"chose_seed":false,"campfire_upgraded":6,"win_rate":0.0,"timestamp":1613281987,"path_taken":["M","$","M","$","?","E","?","E","T","?","?","E","M","?","R","BOSS","M","?","?","?","?","R","$","?","T","R","?","M","R","E","R","BOSS","M","?","?","?","?","R","E","R","T","?","?","$","E","M","R","BOSS"],"items_purchased_type":["Card","Relic","Relic","Relic","Card","Card","Card"],"build_version":"2020-12-22","purchased_purges":4,"victory":false,"max_hp_per_floor":[72,72,72,72,72,72,72,72,72,72,72,72,72,72,72,72,72,72,72,72,72,72,72,72,72,72,72,72,72,72,72,72,72,72,72,72,72,72,72,72,72,72,72,72,78,78,78,78,78,78,78],"card_choices":[{"not_picked":["Wallop","Halt"],"picked":"CutThroughFate","floor":1},{"not_picked":["SashWhip","BattleHymn"],"picked":"BowlingBash","floor":3},{"not_picked":["WreathOfFlame","LikeWater"],"picked":"Halt","floor":6},{"not_picked":["EmptyFist","ForeignInfluence"],"picked":"Tantrum","floor":8},{"not_picked":["Perseverance","ThirdEye"],"picked":"ClearTheMind","floor":10},{"not_picked":["Prostrate","DevaForm"],"picked":"EmptyBody","floor":11},{"not_picked":["Wallop","CutThroughFate"],"picked":"Consecrate","floor":12},{"not_picked":["InnerPeace","ClearTheMind"],"picked":"FollowUp","floor":13},{"not_picked":["Establishment","Brilliance"],"picked":"ConjureBlade","floor":16},{"not_picked":["EmptyBody","Prostrate+1"],"picked":"PathToVictory","floor":18},{"not_picked":["ClearTheMind","PathToVictory"],"picked":"CarveReality+1","floor":25},{"not_picked":["ThirdEye","BowlingBash"],"picked":"EmptyFist","floor":29},{"not_picked":["Devotion+1","Protect"],"picked":"CutThroughFate","floor":31},{"not_picked":["Scrawl","DevaForm+1"],"picked":"LessonLearned","floor":33},{"not_picked":["Worship","EmptyBody+1"],"picked":"Consecrate","floor":35},{"not_picked":["EmptyBody","Nirvana+1"],"picked":"ClearTheMind+1","floor":36},{"not_picked":["CrushJoints","Wallop"],"picked":"Adaptation+1","floor":41},{"not_picked":["ClearTheMind+1","Pray"],"picked":"SpiritShield","floor":45},{"not_picked":["EmptyBody","Meditate+1"],"picked":"Evaluate","floor":47},{"not_picked":["ThirdEye","FlurryOfBlows"],"picked":"FlyingSleeves+1","floor":48}],"player_experience":44951,"relics_obtained":[{"floor":6,"key":"HollowMod:LifeEnderRelic"},{"floor":8,"key":"Matryoshka"},{"floor":9,"key":"Smiling Mask"},{"floor":9,"key":"Shuriken"},{"floor":12,"key":"Gremlin Horn"},{"floor":20,"key":"Tiny Chest"},{"floor":20,"key":"Frozen Egg 2"},{"floor":25,"key":"Red Mask"},{"floor":26,"key":"Bottled Flame"},{"floor":28,"key":"Boot"},{"floor":31,"key":"Darkstone Periapt"},{"floor":39,"key":"Pantograph"},{"floor":41,"key":"Damaru"},{"floor":43,"key":"Ornamental Fan"},{"floor":47,"key":"Kunai"}],"event_choices":[{"damage_healed":0,"gold_gain":0,"player_choice":"Take Damage","damage_taken":18,"relics_obtained":["Golden Idol"],"max_hp_gain":0,"max_hp_loss":0,"event_name":"Golden Idol","floor":5,"gold_loss":0},{"damage_healed":0,"gold_gain":0,"player_choice":"Upgraded","damage_taken":0,"max_hp_gain":0,"max_hp_loss":0,"event_name":"Upgrade Shrine","floor":7,"gold_loss":0,"cards_upgraded":["Eruption"]},{"damage_healed":0,"gold_gain":30,"player_choice":"Searched \u00273\u0027 times","damage_taken":0,"relics_obtained":["Sundial"],"max_hp_gain":0,"max_hp_loss":0,"event_name":"Dead Adventurer","floor":11,"gold_loss":0},{"damage_healed":0,"gold_gain":0,"player_choice":"Gave Idol","damage_taken":0,"relics_obtained":["Bloody Idol"],"max_hp_gain":0,"max_hp_loss":0,"event_name":"Forgotten Altar","floor":19,"relics_lost":["Golden Idol"],"gold_loss":0},{"damage_healed":0,"gold_gain":0,"player_choice":"Opened","damage_taken":0,"relics_obtained":["Mummified Hand"],"max_hp_gain":0,"max_hp_loss":0,"event_name":"The Mausoleum","floor":21,"gold_loss":0,"cards_obtained":["Writhe"]},{"damage_healed":0,"gold_gain":0,"player_choice":"Inject Mutagens","damage_taken":0,"relics_obtained":["MutagenicStrength"],"max_hp_gain":0,"max_hp_loss":0,"event_name":"Drug Dealer","floor":22,"gold_loss":0},{"damage_healed":0,"gold_gain":0,"player_choice":"Fought Bandits","damage_taken":0,"max_hp_gain":0,"max_hp_loss":0,"event_name":"Masked Bandits","floor":25,"gold_loss":0},{"damage_healed":0,"gold_gain":0,"player_choice":"Got Potions","damage_taken":0,"max_hp_gain":0,"max_hp_loss":0,"event_name":"Lab","floor":37,"gold_loss":0},{"damage_healed":0,"gold_gain":100,"player_choice":"Pray","damage_taken":0,"max_hp_gain":0,"max_hp_loss":0,"event_name":"Golden Shrine","floor":44,"gold_loss":0}],"is_beta":false,"boss_relics":[{"not_picked":["Empty Cage","Philosopher\u0027s Stone"],"picked":"SlaversCollar"},{"not_picked":["Tiny House","Coffee Dripper"],"picked":"Astrolabe"}],"items_purged_floors":[2,14,38,46],"is_endless":false,"potions_floor_spawned":[3,8,11,12,25,33,36,41,48],"killed_by":"Donu and Deca","ascension_level":0}}