{"host":"qtghpvxzmfg9vxeq","time":1613341148,"event":{"mods":["BaseMod","BetterRewards","Hermit","Marisa（霧雨　魔理沙）","Minty Spire (QoL Compilation)","Rare Cards Sparkle","Robot Space Explorer","StSLib","The Animator","The Construct","The Cursed","The Dragon Tamer","The Marked","The Necromancer","The Servant 0.9.4"],"gold_per_floor":[119,199,199,212,227,227,253,253,253,263,273,303,320,353,353,450,450,465,306,323,25,25,53,53,88,88,104,184,198,216,228,228,324,324,339,350,114,114,125,125,138,138,138,138,138,149,161,177,177,177],"floor_reached":51,"language":"ENG","playtime":8127,"items_purged":[],"score":878,"play_id":"b76f10cc-3586-408f-8ad9-8c8f348fe95c","local_time":"20210214171908","is_ascension_mode":false,"campfire_choices":[{"floor":6.0,"key":"REST"},{"floor":8.0,"key":"REST"},{"floor":15.0,"key":"REST"},{"floor":24.0,"key":"REST"},{"floor":32.0,"key":"REST"},{"floor":40,"key":"REST"},{"floor":42,"key":"REST"},{"floor":44,"key":"REST"},{"floor":49,"key":"REST"}],"circlet_count":0,"master_deck":["Strike_MRS","Strike_MRS","Defend_MRS","Defend_MRS","Defend_MRS","MasterSpark","UpSweep","GrandCross","EventHorizon","DeepEcoloBomb","DoubleSpark","DeepEcoloBomb","LuminesStrike+1","BlazeAway","WitchLeyline","UltimateShortwave","Parasite","Parasite","GrandCross","GrandCross","EnergyFlow","UltimateShortwave","SprinkleStarSeal","MaximisePower+1","MilkyWay","EnergyFlow","PowerUp","MagicAbsorber","PowerUp","GravityBeat+1","DoubleSpark","SatelliteIllusion","MysteriousBeam+1","EnergyFlow+1","EarthLightRay+1","EnergyRecoil","OpenUniverse","6A","GalacticHalo","GalacticHalo+1","DarkMatter","6A+1","EnergyRecoil","GalacticHalo+1","DoubleSpark+1","FairyDestructionRay+1","MaximisePower","DarkMatter+1"],"relics":["MiniHakkero","Lizard Tail","construct:FoamFinger","ShroomBag","Whetstone","ExperimentalFamiliar","StoneCalendar","Orichalcum","Boot","Matryoshka","Bag of Preparation","Shuriken","Astrolabe","Dream Catcher","Gremlin Horn","Ancient Tea Set"],"acts_visited":["Exordium","TheCity","TheBeyond"],"potions_floor_usage":[48,50,50],"damage_taken":[{"damage":0.0,"enemies":"Small Slimes","floor":1.0,"turns":2.0},{"damage":2.0,"enemies":"Jaw Worm","floor":4.0,"turns":2.0},{"damage":0.0,"enemies":"2 Louse","floor":5.0,"turns":2.0},{"damage":30.0,"enemies":"Lagavulin","floor":7.0,"turns":6.0},{"damage":2.0,"enemies":"Looter","floor":10.0,"turns":2.0},{"damage":4.0,"enemies":"Exordium Wildlife","floor":11.0,"turns":4.0},{"damage":16.0,"enemies":"The Mushroom Lair","floor":12.0,"turns":3.0},{"damage":12.0,"enemies":"Lots of Slimes","floor":13.0,"turns":3.0},{"damage":2.0,"enemies":"Gremlin Nob","floor":14.0,"turns":3.0},{"damage":25.0,"enemies":"Slime Boss","floor":16.0,"turns":6.0},{"damage":32.0,"enemies":"Shell Parasite","floor":18.0,"turns":4.0},{"damage":5.0,"enemies":"Spheric Guardian","floor":20.0,"turns":3.0},{"damage":34.0,"enemies":"Slavers","floor":23.0,"turns":4.0},{"damage":28.0,"enemies":"Gremlin Leader","floor":25.0,"turns":7.0},{"damage":3.0,"enemies":"Snake Plant","floor":27.0,"turns":3.0},{"damage":0.0,"enemies":"Cultist and Chosen","floor":29.0,"turns":2.0},{"damage":15.0,"enemies":"Centurion and Healer","floor":30.0,"turns":5.0},{"damage":14.0,"enemies":"Shelled Parasite and Fungi","floor":31.0,"turns":3.0},{"damage":42.0,"enemies":"Champ","floor":33.0,"turns":9.0},{"damage":19,"enemies":"3 Darklings","floor":35,"turns":3},{"damage":32,"enemies":"3 Shapes","floor":36,"turns":3},{"damage":26,"enemies":"Maw","floor":39,"turns":7},{"damage":12,"enemies":"Sphere and 2 Shapes","floor":41,"turns":2},{"damage":0,"enemies":"3 Darklings","floor":46,"turns":2},{"damage":0,"enemies":"Transient","floor":47,"turns":5},{"damage":26,"enemies":"Writhing Mass","floor":48,"turns":4},{"damage":71,"enemies":"Time Eater","floor":50,"turns":7}],"seed_played":"7650642120259912093","potions_obtained":[{"floor":1.0,"key":"SpeedPotion"},{"floor":4.0,"key":"SmokeBomb"},{"floor":10.0,"key":"FearPotion"},{"floor":11.0,"key":"BlessingOfTheForge"},{"floor":18.0,"key":"Fire Potion"},{"floor":20.0,"key":"Dexterity Potion"},{"floor":23.0,"key":"SneckoOil"},{"floor":31.0,"key":"Fire Potion"},{"floor":39,"key":"SpeedPotion"},{"floor":41,"key":"FearPotion"},{"floor":47,"key":"Fire Potion"},{"floor":48,"key":"BottledSpark"}],"is_trial":false,"path_per_floor":["M","?","?","M","M","R","E","R","T","M","M","?","M","E","R","B",null,"M","$","M","$","?","E","R","E","T","M","T","M","M","M","R","B",null,"M","M","$","?","M","R","M","R","T","R","?","M","M","M","R","B",null],"character_chosen":"MARISA","items_purchased":["GrandCross","EventHorizon","DeepEcoloBomb","MaximisePower","StoneCalendar","6A","GalacticHalo","Dream Catcher"],"campfire_rested":9,"item_purchase_floors":[0,0,0,19,21,37,37,37],"current_hp_per_floor":[51,51,56,54,54,78,48,72,72,70,66,50,42,42,66,45,80,48,48,45,45,71,39,63,39,39,38,38,38,27,15,39,1,80,63,33,33,33,17,41,33,57,57,80,80,80,80,56,80,19],"gold":177,"neow_bonus":"","is_daily":false,"chose_seed":false,"campfire_upgraded":0,"win_rate":0.0,"timestamp":1613341148,"path_taken":["M","?","?","M","M","R","E","R","T","M","M","?","M","E","R","BOSS","M","$","M","$","?","E","R","E","T","M","?","?","M","M","R","BOSS","M","M","$","?","M","R","M","R","T","R","?","?","M","M","R","BOSS"],"items_purchased_type":["Card","Card","Card","Card","Relic","Card","Card","Relic"],"build_version":"2020-12-22","purchased_purges":0,"victory":true,"max_hp_per_floor":[75,75,80,80,80,80,80,80,80,80,80,80,80,80,80,80,80,80,80,80,80,80,80,80,80,80,80,80,80,80,80,80,80,80,80,80,80,80,80,80,80,80,80,80,80,80,80,80,80,80],"card_choices":[{"not_picked":["GravityBeat","6A"],"picked":"DoubleSpark","floor":1.0},{"not_picked":["MilkyWay","Robbery"],"picked":"DeepEcoloBomb","floor":4.0},{"not_picked":["GasGiant","AsteroidBelt"],"picked":"LuminesStrike","floor":5.0},{"not_picked":["WitchOfGreed","Acceleration"],"picked":"BlazeAway","floor":7.0},{"not_picked":["DoubleSpark","LuminesStrike"],"picked":"WitchLeyline","floor":10.0},{"not_picked":["BlazeAway","WitchLeyline"],"picked":"UltimateShortwave","floor":11.0},{"not_picked":["SporeBomb","DarkSpark"],"picked":"GrandCross","floor":12.0},{"not_picked":["RefractionSpark","UnstableBomb"],"picked":"GrandCross","floor":13.0},{"not_picked":["GravityBeat","WitchLeyline"],"picked":"EnergyFlow","floor":14.0},{"not_picked":["CasketOfStar","StarDustReverie"],"picked":"UltimateShortwave","floor":16.0},{"not_picked":["LuminesStrike","EarthLightRay"],"picked":"SprinkleStarSeal","floor":18.0},{"not_picked":["Occultation+1","DoubleSpark"],"picked":"MilkyWay","floor":20.0},{"not_picked":["MachineGunSpark","FairyDestructionRay"],"picked":"EnergyFlow","floor":23.0},{"not_picked":["GravityBeat+1","CasketOfStar"],"picked":"PowerUp","floor":25.0},{"not_picked":["NonDirectionalLaser","GravityBeat"],"picked":"MagicAbsorber","floor":27.0},{"not_picked":["EarthLightRay+1","MachineGunSpark"],"picked":"PowerUp","floor":29.0},{"not_picked":["DC","IllusionStar"],"picked":"GravityBeat+1","floor":30.0},{"not_picked":["6A","IllusionStar"],"picked":"DoubleSpark","floor":31.0},{"not_picked":["TreasureHunter","BinaryStars"],"picked":"SatelliteIllusion","floor":33.0},{"not_picked":["SprinkleStarSeal+1","Acceleration"],"picked":"EnergyRecoil","floor":35},{"not_picked":["ChargeUpSpray+1","SporeBomb"],"picked":"OpenUniverse","floor":36},{"not_picked":["DoubleSpark+1","SporeBomb+1"],"picked":"GalacticHalo+1","floor":39},{"not_picked":["WitchOfGreed+1","MysteriousBeam"],"picked":"DarkMatter","floor":40},{"not_picked":["ShootingEcho+1","BigCrunch"],"picked":"6A+1","floor":41},{"not_picked":["ManaConvection+1","ShootingEcho"],"picked":"EnergyRecoil","floor":42},{"not_picked":["GravityBeat+1","ShootingEcho"],"picked":"GalacticHalo+1","floor":44},{"not_picked":["WitchLeyline+1","Acceleration+1"],"picked":"DoubleSpark+1","floor":46},{"not_picked":["OneTimeOff","Orbital+1"],"picked":"FairyDestructionRay+1","floor":47},{"not_picked":["LuminesStrike+1","DarkMatter"],"picked":"MaximisePower","floor":48},{"not_picked":["LuminesStrike+1","RefractionSpark+1"],"picked":"DarkMatter+1","floor":49}],"player_experience":81904,"relics_obtained":[{"floor":7.0,"key":"Lizard Tail"},{"floor":9.0,"key":"construct:FoamFinger"},{"floor":12.0,"key":"ShroomBag"},{"floor":14.0,"key":"Whetstone"},{"floor":23.0,"key":"Orichalcum"},{"floor":25.0,"key":"Boot"},{"floor":26.0,"key":"Matryoshka"},{"floor":28.0,"key":"Bag of Preparation"},{"floor":28.0,"key":"Shuriken"},{"floor":43,"key":"Gremlin Horn"},{"floor":43,"key":"Ancient Tea Set"}],"event_choices":[{"damage_healed":0.0,"max_hp_gain":0.0,"max_hp_loss":0.0,"gold_gain":80.0,"event_name":"Golden Wing","player_choice":"Gained Gold","floor":2.0,"gold_loss":0.0,"damage_taken":0.0},{"damage_healed":0.0,"max_hp_gain":5.0,"max_hp_loss":0.0,"gold_gain":0.0,"event_name":"Big Fish","player_choice":"Donut","floor":3.0,"gold_loss":0.0,"damage_taken":0.0},{"damage_healed":0.0,"max_hp_gain":0.0,"max_hp_loss":0.0,"gold_gain":0.0,"event_name":"Mushrooms_MRS","player_choice":"Fought Mushrooms","floor":12.0,"gold_loss":0.0,"damage_taken":0.0},{"damage_healed":26.0,"max_hp_gain":0.0,"max_hp_loss":0.0,"gold_gain":0.0,"event_name":"The Library","player_choice":"Heal","floor":22.0,"gold_loss":0.0,"damage_taken":0.0},{"damage_healed":0,"gold_gain":0,"player_choice":"Ignored","damage_taken":0,"max_hp_gain":0,"max_hp_loss":0,"event_name":"The Moai Head","floor":38,"gold_loss":0},{"damage_healed":0,"gold_gain":0,"player_choice":"Upgraded","damage_taken":0,"max_hp_gain":0,"max_hp_loss":0,"event_name":"Upgrade Shrine","floor":45,"gold_loss":0,"cards_upgraded":["MaximisePower"]}],"is_beta":false,"boss_relics":[{"not_picked":["Snecko Eye","construct:WeddingRing"],"picked":"ExperimentalFamiliar"},{"not_picked":["Runic Pyramid","Coffee Dripper"],"picked":"Astrolabe"}],"items_purged_floors":[],"is_endless":false,"potions_floor_spawned":[1,4,10,11,18,20,23,31,39,41,47,48],"ascension_level":0}}