{"host":"a3gu5zu37ht99mpa","time":1613344730,"event":{"mods":["100% Spire Juice","Act Like it!","Arknights","BaseMod","Better Silent Start","BetterRewards","Conspire","Downfall","Energized Spire","GifTheSpireLib","Gold Saver","Halation","Minty Spire (QoL Compilation)","Prisma Mod","Robot Space Explorer","Shop Mod","StSLib","Stuff the Spire","The Animator","The Servant 0.9.4","Virulent Crown","Wandering Minibosses","yUi"],"gold_per_floor":[619,634,634,644,664,674,721,731,760,806,806,833,818,833,853,853,853],"floor_reached":16,"language":"ENG","playtime":925,"items_purged":[],"score":139,"play_id":"b7b47d7c-06d8-4e89-94a7-904ae75a5060","local_time":"20210214181850","is_ascension_mode":false,"campfire_choices":[{"floor":1.0,"key":"RECALL"},{"data":"RobotSpaceExplorer:Discharger","floor":11.0,"key":"SMITH"}],"circlet_count":0,"master_deck":["RobotSpaceExplorer:Strike","RobotSpaceExplorer:Strike","RobotSpaceExplorer:Strike","RobotSpaceExplorer:Strike","RobotSpaceExplorer:Defend","RobotSpaceExplorer:Defend","RobotSpaceExplorer:Defend","RobotSpaceExplorer:Defend","RobotSpaceExplorer:Scan","RobotSpaceExplorer:MiniLasers","RobotSpaceExplorer:MiniDrones","RobotSpaceExplorer:MiniLasers","RobotSpaceExplorer:Scan","Decay","RobotSpaceExplorer:SurgingStrike","RobotSpaceExplorer:SurgingStrike","RobotSpaceExplorer:Pulsar","RobotSpaceExplorer:Discharger+1","RobotSpaceExplorer:Comet","RobotSpaceExplorer:FrostMissile","RobotSpaceExplorer:Autoloader","RobotSpaceExplorer:StunGrenade","RobotSpaceExplorer:ImprovisedAttack"],"relics":["RobotSpaceExplorer:RoboCore","Lantern","StuffTheSpire:Gunfinga","Blood Vial"],"acts_visited":["Exordium"],"potions_floor_usage":[12,12],"damage_taken":[{"damage":4.0,"enemies":"ats:Genji","floor":2.0,"turns":4.0},{"damage":0.0,"enemies":"Cultist","floor":4.0,"turns":3.0},{"damage":0.0,"enemies":"2 Louse","floor":5.0,"turns":2.0},{"damage":14.0,"enemies":"Exordium Thugs","floor":6.0,"turns":4.0},{"damage":9.0,"enemies":"Large Slime","floor":8.0,"turns":2.0},{"damage":21.0,"enemies":"Gremlin Nob","floor":9.0,"turns":4.0},{"damage":0,"enemies":"Lagavulin","floor":12,"turns":2},{"damage":2,"enemies":"downfall:FleeingMerchant","floor":13,"turns":4},{"damage":0,"enemies":"3 Louse","floor":14,"turns":2},{"damage":14,"enemies":"Red Slaver","floor":15,"turns":3},{"damage":29,"enemies":"IC_STATUS_ARCHETYPE","floor":16,"turns":8}],"seed_played":"-7013637062440791944","potions_obtained":[{"floor":2.0,"key":"SteroidPotion"},{"floor":4.0,"key":"ColorlessPotion"},{"floor":6.0,"key":"AttackPotion"},{"floor":12,"key":"DuplicationPotion"}],"is_trial":false,"path_per_floor":["R","M","?","M","M","M","T","M","E","T","R","E","$","M","M","B"],"character_chosen":"RobotSpaceExplorer","items_purchased":[],"campfire_rested":0,"item_purchase_floors":[],"current_hp_per_floor":[82,78,78,78,78,64,64,55,34,34,34,34,34,36,24,0,0],"gold":853,"neow_bonus":"TEN_PERCENT_HP_BONUS","is_daily":false,"chose_seed":false,"campfire_upgraded":1,"win_rate":0.0,"timestamp":1613344730,"path_taken":["R","M","?","?","?","M","T","M","E","?","R","E","$","M","M","BOSS"],"items_purchased_type":[],"build_version":"2020-12-22","purchased_purges":0,"victory":false,"max_hp_per_floor":[82,82,82,82,82,82,82,82,82,82,82,82,82,82,82,82,82],"card_choices":[{"not_picked":["RobotSpaceExplorer:PowerCollector","RobotSpaceExplorer:TurboDodge"],"picked":"RobotSpaceExplorer:MiniDrones","floor":2.0},{"not_picked":["RobotSpaceExplorer:RigExplosive","RobotSpaceExplorer:Smokescreen"],"picked":"RobotSpaceExplorer:SurgingStrike","floor":4.0},{"not_picked":["RobotSpaceExplorer:ScrapMissile","RobotSpaceExplorer:SlimeMissile"],"picked":"RobotSpaceExplorer:SurgingStrike","floor":5.0},{"not_picked":["RobotSpaceExplorer:Calculate","RobotSpaceExplorer:Ammunition"],"picked":"RobotSpaceExplorer:Pulsar","floor":6.0},{"not_picked":["RobotSpaceExplorer:FrostMissile","RobotSpaceExplorer:FranticSearch"],"picked":"RobotSpaceExplorer:Discharger","floor":8.0},{"not_picked":["RobotSpaceExplorer:Reload","RobotSpaceExplorer:ScrapShield"],"picked":"RobotSpaceExplorer:Comet","floor":9.0},{"not_picked":["RobotSpaceExplorer:JunkDive","RobotSpaceExplorer:DualCore"],"picked":"RobotSpaceExplorer:FrostMissile","floor":12},{"not_picked":["RobotSpaceExplorer:GlueShot","RobotSpaceExplorer:MiniDrones"],"picked":"RobotSpaceExplorer:Autoloader","floor":13},{"not_picked":["RobotSpaceExplorer:MiniDrones","RobotSpaceExplorer:Counterblock"],"picked":"RobotSpaceExplorer:StunGrenade","floor":14},{"not_picked":["RobotSpaceExplorer:LaserBurst","RobotSpaceExplorer:StunGrenade"],"picked":"RobotSpaceExplorer:ImprovisedAttack","floor":15}],"player_experience":73513,"relics_obtained":[{"floor":9.0,"key":"Lantern"},{"floor":10.0,"key":"StuffTheSpire:Gunfinga"},{"floor":12,"key":"Blood Vial"}],"event_choices":[],"is_beta":false,"boss_relics":[],"items_purged_floors":[],"is_endless":false,"potions_floor_spawned":[2,4,6,12],"killed_by":"IC_STATUS_ARCHETYPE","ascension_level":0}}