{"host":"v2b7co6515hwzfig","time":1613282647,"event":{"mods":["BaseMod","Colored Powertips","Downfall","KinomotoSakuraMod(????)","Marisa????????","Minty Spire (QoL Compilation)","Quick Restart","Rare Cards Sparkle","StSLib","The Bug Knight","The Senshi"],"gold_per_floor":[215,290,290,305,5,37,37,52,52,62,92,109,123,141,141,141,141],"floor_reached":16,"language":"ENG","playtime":1047,"items_purged":[],"score":114,"play_id":"a25ab726-8962-4bec-b539-1f33765a9ac7","local_time":"20210214070407","is_ascension_mode":false,"campfire_choices":[{"floor":7,"key":"REST"},{"floor":15,"key":"REST"}],"circlet_count":0,"master_deck":["Strike_R","Strike_R","Strike_R","Strike_R","Strike_R","Defend_R","Defend_R","Defend_R","Defend_R","Bash","Headbutt","Rage","Feed","Anger","Flex","Barricade","Sentinel","Thunderclap","Rampage"],"relics":["Burning Blood","Juzu Bracelet","Sling","Peace Pipe","Incense Burner","Pen Nib"],"acts_visited":["Exordium"],"potions_floor_usage":[6,12,14],"damage_taken":[{"damage":12,"enemies":"2 Louse","floor":1,"turns":3},{"damage":10,"enemies":"Small Slimes","floor":4,"turns":4},{"damage":34,"enemies":"Lagavulin","floor":6,"turns":6},{"damage":1,"enemies":"Cultist","floor":8,"turns":3},{"damage":6,"enemies":"Exordium Thugs","floor":10,"turns":6},{"damage":12,"enemies":"3 Sentries","floor":11,"turns":8},{"damage":1,"enemies":"Exordium Wildlife","floor":12,"turns":4},{"damage":28,"enemies":"Large Slime","floor":13,"turns":8},{"damage":6,"enemies":"Looter","floor":14,"turns":4},{"damage":80,"enemies":"Hexaghost","floor":16,"turns":10}],"seed_played":"-6781037596531339278","potions_obtained":[{"floor":4,"key":"Ancient Potion"},{"floor":8,"key":"Swift Potion"},{"floor":13,"key":"SteroidPotion"}],"is_trial":false,"path_per_floor":["M","?","?","M","$","E","R","M","T","M","E","M","M","M","R","B"],"character_chosen":"IRONCLAD","items_purchased":["Juzu Bracelet","Sling"],"campfire_rested":2,"item_purchase_floors":[5,5],"current_hp_per_floor":[74,63,63,59,59,31,55,60,60,63,60,65,46,49,76,0,0],"gold":141,"neow_bonus":"HUNDRED_GOLD","is_daily":false,"chose_seed":false,"campfire_upgraded":0,"win_rate":0.0,"timestamp":1613282647,"path_taken":["M","?","?","?","$","E","R","M","T","M","E","M","M","M","R","BOSS"],"items_purchased_type":["Relic","Relic"],"build_version":"2020-12-13","purchased_purges":0,"victory":false,"max_hp_per_floor":[80,80,80,80,80,80,80,80,80,83,86,86,89,92,92,92,92],"card_choices":[{"not_picked":["Perfected Strike","Havoc"],"picked":"Headbutt","floor":1},{"not_picked":["Pommel Strike","Clash"],"picked":"Rage","floor":4},{"not_picked":["Havoc","Shockwave"],"picked":"Feed","floor":6},{"not_picked":["Power Through","Thunderclap"],"picked":"Anger","floor":8},{"not_picked":["Clash","Iron Wave"],"picked":"Flex","floor":10},{"not_picked":["Carnage","Infernal Blade"],"picked":"Barricade","floor":11},{"not_picked":["Battle Trance","Pummel"],"picked":"Sentinel","floor":12},{"not_picked":["Wild Strike","Evolve"],"picked":"Thunderclap","floor":13},{"not_picked":["Thunderclap","Clash"],"picked":"Rampage","floor":14}],"player_experience":18611,"relics_obtained":[{"floor":6,"key":"Peace Pipe"},{"floor":9,"key":"Incense Burner"},{"floor":11,"key":"Pen Nib"}],"event_choices":[{"damage_healed":0,"gold_gain":75,"player_choice":"Gather Gold","damage_taken":11,"max_hp_gain":0,"max_hp_loss":0,"event_name":"World of Goop","floor":2,"gold_loss":0},{"damage_healed":0,"gold_gain":0,"player_choice":"Ignored","damage_taken":0,"max_hp_gain":0,"max_hp_loss":0,"event_name":"Purifier","floor":3,"gold_loss":0}],"is_beta":false,"boss_relics":[],"items_purged_floors":[],"is_endless":false,"potions_floor_spawned":[4,8,13],"killed_by":"Hexaghost","ascension_level":0}}