{"host":"l9d4bclu8pwa3q15","time":1613297328,"event":{"mods":["Act Like it!","Arknights","BaseMod","Better Altar","Better Match","Better Note","Better Sensory Stone","Better Skull","BetterRewards","Colored Map","Colored Powertips","Downfall","Emptier Cage","Gensokyo","GifTheSpireLib","Keyboard Shortcuts","Koishi","KomeijiMod","Lobotomy","LobotomyExtend","Minty Spire (QoL Compilation)","Quick Restart","Rare Cards Sparkle","Relic Sorter","Remilia_Scarlet Moed（蕾米莉亚・斯卡雷特）3.3.5","Replay The Spire","Spicy Shops","StSLib","UnlockEverythingMod","Waifu the Spire","WarShipGirlsR/战舰少女R mod","Yakumo Yukari mod","Youmu（魂魄妖梦）","Yuyuko"],"gold_per_floor":[100,115,115,115,135,150,150,150,160,160,172,172,199,27,46,144,144,144,144,144],"floor_reached":19,"language":"ZHS","playtime":1051,"items_purged":[],"score":165,"play_id":"8f830fcc-c7ee-4817-88ed-ff365a2feec4","local_time":"20210214180848","is_ascension_mode":true,"campfire_choices":[],"circlet_count":0,"master_deck":["SpecialBullet","SpecialBullet","SpecialBullet","SpecialBullet","SpecialBullet","SpecialBullet","SpecialBullet","SpecialBullet","SecurityCode","ControlCode","CentralCode","CUTE","VoidDream","Dark Wind","FieryBird","bronze:Frontload","QueenOfHatred","Run Through","OSAHOGD","Koishi:SubconsciousSweep","Freischutz","LaLuna","City of Death","Ticket to Heaven","BlueStar","MiserableFate_Remiria+1","Laetitia"],"relics":["CogitoBucket","RabbitCall","LetterFromLob","PrismaticShard","WarpedTongs","Frozen Egg 2","ReplayFunnel","Tiny Chest","SkinProphecy","Painkiller Herb"],"acts_visited":["Exordium","TheCity"],"potions_floor_usage":[6,14,16,16],"damage_taken":[{"damage":18,"enemies":"Jaw Worm","floor":2,"turns":3},{"damage":11,"enemies":"2 Louse","floor":5,"turns":2},{"damage":8,"enemies":"Cultist","floor":6,"turns":3},{"damage":27,"enemies":"Exordium Thugs","floor":9,"turns":7},{"damage":4,"enemies":"downfall:LooterAlt","floor":11,"turns":3},{"damage":19,"enemies":"downfall:FleeingMerchant","floor":14,"turns":4},{"damage":36,"enemies":"Large Slime","floor":15,"turns":3},{"damage":43,"enemies":"IC_STATUS_ARCHETYPE","floor":16,"turns":5},{"damage":0,"enemies":"3 Byrds","floor":19,"turns":1}],"seed_played":"1774287617628747513","potions_obtained":[{"floor":2,"key":"Regen Potion"},{"floor":5,"key":"CultistPotion"},{"floor":6,"key":"Energy Potion"},{"floor":9,"key":"AttackPotion"},{"floor":16,"key":"ColorlessPotion"}],"is_trial":false,"path_per_floor":["R","M","?","?","M","M","T","R","M","R","M","R","T","$","M","B",null,"T","?"],"character_chosen":"Angela","items_purchased":["Tiny Chest"],"campfire_rested":0,"item_purchase_floors":[14],"current_hp_per_floor":[77,67,67,67,64,73,73,73,66,66,76,76,76,75,41,1,79,79,75,75],"gold":144,"neow_bonus":"TEN_PERCENT_HP_BONUS","is_daily":false,"chose_seed":false,"campfire_upgraded":0,"win_rate":0.0,"timestamp":1613297328,"path_taken":["R","M","?","?","M","M","T","R","?","R","M","R","?","?","M","BOSS","T","?"],"items_purchased_type":["Relic"],"build_version":"2020-12-22","purchased_purges":0,"victory":false,"max_hp_per_floor":[77,77,77,77,77,77,77,77,77,77,77,77,77,77,77,79,79,79,81,81],"card_choices":[{"not_picked":["Hornet"],"picked":"CUTE","floor":2},{"not_picked":["UniverseFragment","OSAHOGD"],"picked":"VoidDream","floor":2},{"not_picked":["Slimebound:HauntingLick"],"picked":"Dark Wind","floor":5},{"not_picked":["Scorched","MeatLantern"],"picked":"FieryBird","floor":5},{"not_picked":["PreThought"],"picked":"bronze:Frontload","floor":6},{"not_picked":["OldLady","SpiderBud"],"picked":"QueenOfHatred","floor":6},{"not_picked":["rmod:unsinkable"],"picked":"Run Through","floor":9},{"not_picked":["SpiderBud","Murderer"],"picked":"OSAHOGD","floor":9},{"not_picked":["rmod:wolves"],"picked":"Koishi:SubconsciousSweep","floor":11},{"not_picked":["PunishingBird","LittlePrince"],"picked":"Freischutz","floor":11},{"not_picked":["Funeral","Wellcheers"],"picked":"LaLuna","floor":14},{"not_picked":["Slimebound:SplitMire"],"picked":"City of Death","floor":14},{"not_picked":["ats:Shell Defense"],"picked":"Ticket to Heaven","floor":15},{"not_picked":["GalaxyChild","Porccubus"],"picked":"BlueStar","floor":15},{"not_picked":["Hemogenesis"],"picked":"MiserableFate_Remiria+1","floor":16},{"not_picked":["BeautyBeast","ShyLook"],"picked":"Laetitia","floor":16}],"player_experience":128063,"relics_obtained":[{"floor":2,"key":"LetterFromLob"},{"floor":7,"key":"Frozen Egg 2"},{"floor":13,"key":"ReplayFunnel"}],"event_choices":[{"damage_healed":0,"gold_gain":0,"player_choice":"Rummage","damage_taken":0,"relics_obtained":["WarpedTongs"],"max_hp_gain":0,"max_hp_loss":0,"event_name":"Accursed Blacksmith","floor":4,"gold_loss":0,"cards_obtained":["Pain"]}],"is_beta":false,"boss_relics":[{"not_picked":["Busted Crown","Tiny House"],"picked":"Painkiller Herb"}],"items_purged_floors":[],"is_endless":false,"potions_floor_spawned":[2,5,6,9,16],"killed_by":"3 Byrds","ascension_level":1}}