{"host":"qgrlfjrqk9z96gfi","time":1613328637,"event":{"mods":["BaseMod","Block Reminder","Colored Map","Custom Start","DeckTracker","Minty Spire (QoL Compilation)"],"gold_per_floor":[361,361,376,194,212,240,240,240,240],"floor_reached":8,"language":"ENG","playtime":323,"items_purged":["Strike_G"],"score":112,"play_id":"d655fa7e-3745-430b-b758-4489226cb6aa","local_time":"20210214085037","is_ascension_mode":true,"campfire_choices":[{"floor":7,"key":"REST"}],"circlet_count":0,"master_deck":["AscendersBane","Strike_G","Strike_G","Strike_G","Strike_G","Defend_G","Defend_G","Defend_G","Defend_G","Defend_G","Survivor","Neutralize","Choke","Flechettes","Quick Slash","Leg Sweep","Dagger Throw","Dagger Spray"],"relics":["Ring of the Snake","Calipers"],"acts_visited":["Exordium"],"potions_floor_usage":[6,6],"damage_taken":[{"damage":16,"enemies":"Jaw Worm","floor":1,"turns":8},{"damage":4,"enemies":"Small Slimes","floor":3,"turns":4},{"damage":4,"enemies":"Cultist","floor":5,"turns":4},{"damage":26,"enemies":"3 Sentries","floor":6,"turns":11},{"damage":37,"enemies":"Lagavulin","floor":8,"turns":6}],"seed_played":"-63679467264458999","potions_obtained":[{"floor":1,"key":"DistilledChaos"},{"floor":5,"key":"LiquidMemories"}],"is_trial":false,"path_per_floor":["M","?","M","$","M","E","R","E"],"character_chosen":"THE_SILENT","items_purchased":["Quick Slash","Leg Sweep"],"campfire_rested":1,"item_purchase_floors":[4,4],"current_hp_per_floor":[43,48,44,44,40,14,33,0,0],"gold":240,"neow_bonus":"TWO_FIFTY_GOLD","is_daily":false,"chose_seed":false,"campfire_upgraded":0,"win_rate":0.0,"timestamp":1613328637,"path_taken":["M","?","M","$","M","E","R","E"],"items_purchased_type":["Card","Card"],"build_version":"2020-12-22","purchased_purges":1,"victory":false,"max_hp_per_floor":[60,65,65,65,65,65,65,65,65],"card_choices":[{"not_picked":["Poisoned Stab","Cloak And Dagger"],"picked":"Choke","floor":1},{"not_picked":["Prepared","Dodge and Roll"],"picked":"Flechettes","floor":3},{"not_picked":["PiercingWail","Underhanded Strike"],"picked":"Dagger Throw","floor":5},{"not_picked":["Accuracy","Underhanded Strike"],"picked":"Dagger Spray","floor":6}],"player_experience":1143037,"relics_obtained":[{"floor":6,"key":"Calipers"}],"event_choices":[{"damage_healed":0,"gold_gain":0,"player_choice":"Donut","damage_taken":0,"max_hp_gain":5,"max_hp_loss":0,"event_name":"Big Fish","floor":2,"gold_loss":0}],"is_beta":false,"boss_relics":[],"items_purged_floors":[4],"is_endless":false,"potions_floor_spawned":[1,5],"killed_by":"Lagavulin","ascension_level":20}}