{"host":"kfzb6d1vwx0oeud7","time":1613338330,"event":{"mods":["BaseMod","Colored Map","Colored Powertips","Infinite Spire","Marisa????????","Minty Spire (QoL Compilation)","Remilia??????","StSLib","The Cursed","The Disciple","The Servant 0.9.4"],"gold_per_floor":[368,106,123,133,133,133,143,180,204,24,51,51,71,80,80,186,186,215,224,314,339,339,339,366,12,35,75,103,103,130,156,156,261,261,288,308,308,19,48,48,73,97,150,73,73,73,82,116,116,116,116],"floor_reached":50,"language":"ENG","playtime":7393,"items_purged":["Regret"],"score":514,"play_id":"b15db9cf-271b-4999-ae78-8440d59d807e","local_time":"20210214163210","is_ascension_mode":false,"campfire_choices":[{"floor":6,"key":"REST"},{"data":"Wallop","floor":12,"key":"SMITH"},{"floor":15,"key":"REST"},{"floor":23,"key":"REST"},{"floor":29,"key":"REST"},{"floor":32,"key":"REST"},{"floor":40,"key":"REST"},{"floor":46,"key":"REST"},{"floor":49,"key":"RECALL"}],"circlet_count":0,"master_deck":["Strike_P","Strike_P","Strike_P","Strike_P","Defend_P","Defend_P","Defend_P","Defend_P","Eruption","Vigilance","InnerPeace","InnerPeace","Adaptation","Consecrate","EmptyFist","Crescendo","SashWhip","Wallop+1","ReachHeaven","Tantrum","Devotion","CrushJoints","infinitespire:Gouge","LikeWater","EmptyBody","Blasphemy","Ragnarok","Prostrate","Consecrate","Devotion","Protect","Omniscience","Prostrate+1","FlyingSleeves+1","EmptyBody","Prostrate","ThirdEye+1","SashWhip","infinitespire:DeathsTouch","Halt+1","Establishment"],"relics":["PureWater","Anchor","CeramicFish","Blood Vial","Strawberry","VioletLotus","Ice Cream","Membership Card","Omamori","infinitespire:Beetle Shell","Lizard Tail","SlaversCollar","Bottled Flame","HandDrill","Ancient Tea Set","infinitespire:PuzzleCube","Pen Nib","Question Card","Prayer Wheel"],"acts_visited":["Exordium","TheCity","TheBeyond"],"potions_floor_usage":[8,16,18,21,28,30,39,50,50],"damage_taken":[{"damage":2,"enemies":"Small Slimes","floor":1,"turns":4},{"damage":0,"enemies":"2 Louse","floor":3,"turns":3},{"damage":0,"enemies":"Cultist","floor":4,"turns":2},{"damage":1,"enemies":"Large Slime","floor":7,"turns":3},{"damage":18,"enemies":"Gremlin Nob","floor":8,"turns":4},{"damage":3,"enemies":"3 Louse","floor":11,"turns":4},{"damage":12,"enemies":"Exordium Thugs","floor":13,"turns":3},{"damage":50,"enemies":"The Guardian","floor":16,"turns":10},{"damage":26,"enemies":"Shell Parasite","floor":18,"turns":4},{"damage":6,"enemies":"2 Thieves","floor":21,"turns":4},{"damage":24,"enemies":"Snake Plant","floor":24,"turns":4},{"damage":2,"enemies":"Book of Stabbing","floor":27,"turns":2},{"damage":22,"enemies":"Snecko","floor":28,"turns":4},{"damage":4,"enemies":"Centurion and Healer","floor":30,"turns":2},{"damage":9,"enemies":"Snake Plant","floor":31,"turns":4},{"damage":4,"enemies":"Champ","floor":33,"turns":8},{"damage":0,"enemies":"Orb Walker","floor":35,"turns":3},{"damage":56,"enemies":"3 Shapes","floor":36,"turns":4},{"damage":20,"enemies":"3 Darklings","floor":39,"turns":6},{"damage":46,"enemies":"Spire Growth","floor":41,"turns":6},{"damage":4,"enemies":"Jaw Worm Horde","floor":48,"turns":3},{"damage":69,"enemies":"Donu and Deca","floor":50,"turns":6}],"seed_played":"-291506250541800359","potions_obtained":[{"floor":1,"key":"DistilledChaos"},{"floor":3,"key":"ColorlessPotion"},{"floor":16,"key":"BottledMiracle"},{"floor":18,"key":"Fruit Juice"},{"floor":21,"key":"SteroidPotion"},{"floor":24,"key":"Energy Potion"},{"floor":33,"key":"ColorlessPotion"},{"floor":39,"key":"Energy Potion"},{"floor":41,"key":"Ancient Potion"}],"is_trial":false,"path_per_floor":["M","$","M","M","?","R","M","E","T","$","M","R","M","?","R","B",null,"M","AVR","?","M","?","R","M","$","T","E","M","R","M","M","R","B",null,"M","M","?","$","M","R","M","T","T","$","?","R","AVR","M","R","B"],"character_chosen":"WATCHER","items_purchased":["Anchor","InnerPeace","Adaptation","Blood Vial","Wallop","Membership Card","Omamori","Blasphemy","Ragnarok","Bottled Flame","HandDrill","Energy Potion","EmptyBody","Prostrate","Pen Nib"],"campfire_rested":7,"item_purchase_floors":[2,2,2,10,10,25,25,25,25,38,38,38,38,38,44],"current_hp_per_floor":[49,49,49,49,49,70,69,51,51,51,50,50,40,47,70,22,79,58,58,46,42,70,84,60,60,60,60,40,65,63,56,81,79,84,84,28,28,28,10,35,42,42,42,42,42,67,67,65,65,0,0],"gold":116,"neow_bonus":"TWO_FIFTY_GOLD","is_daily":false,"chose_seed":false,"campfire_upgraded":1,"win_rate":0.0,"timestamp":1613338330,"path_taken":["M","$","M","M","?","R","M","E","T","$","M","R","M","?","R","BOSS","M","AVR","?","?","?","R","M","$","T","E","M","R","M","M","R","BOSS","M","M","?","$","M","R","M","?","T","?","?","R","AVR","M","R","BOSS"],"items_purchased_type":["Relic","Card","Card","Relic","Card","Relic","Relic","Card","Card","Relic","Relic","Potion","Card","Card","Relic"],"build_version":"2020-12-22","purchased_purges":1,"victory":false,"max_hp_per_floor":[72,72,72,72,72,72,72,72,72,72,72,72,72,79,79,79,79,84,84,84,84,84,84,84,84,84,84,84,84,84,84,84,84,84,84,84,84,84,84,84,84,84,84,84,84,84,84,84,84,84,84],"card_choices":[{"not_picked":["CutThroughFate","Sanctity"],"picked":"InnerPeace","floor":1},{"not_picked":["Pray","ForeignInfluence"],"picked":"Consecrate","floor":3},{"not_picked":["EmptyMind","DeceiveReality"],"picked":"EmptyFist","floor":4},{"not_picked":["CrushJoints","BowlingBash"],"picked":"Crescendo","floor":7},{"not_picked":["Study","FollowUp"],"picked":"SashWhip","floor":8},{"not_picked":["PathToVictory","SashWhip"],"picked":"ReachHeaven","floor":11},{"not_picked":["Conclude","BowlingBash"],"picked":"Tantrum","floor":13},{"not_picked":["LessonLearned","Alpha"],"picked":"Devotion","floor":16},{"not_picked":["FollowUp","Consecrate"],"picked":"CrushJoints","floor":18},{"not_picked":["ThirdEye+1","CrushJoints"],"picked":"LikeWater","floor":21},{"not_picked":["BattleHymn","Nirvana+1"],"picked":"EmptyBody","floor":24},{"not_picked":["FlyingSleeves","ForeignInfluence+1"],"picked":"Prostrate","floor":27},{"not_picked":["Worship+1","SashWhip"],"picked":"Consecrate","floor":28},{"not_picked":["ForeignInfluence","CutThroughFate"],"picked":"Devotion","floor":30},{"not_picked":["JustLucky","EmptyFist"],"picked":"Protect","floor":31},{"not_picked":["Establishment","DeusExMachina"],"picked":"Omniscience","floor":33},{"not_picked":["CutThroughFate","PathToVictory"],"picked":"Prostrate+1","floor":35},{"not_picked":["EmptyFist","Consecrate"],"picked":"FlyingSleeves+1","floor":36},{"not_picked":["MasterReality","Crescendo"],"picked":"ThirdEye+1","floor":39},{"not_picked":["EmptyFist","Adaptation+1"],"picked":"SashWhip","floor":41},{"not_picked":["SandsOfTime","FlurryOfBlows","PathToVictory+1"],"picked":"Halt+1","floor":48},{"not_picked":["Weave","CrushJoints+1","ThirdEye+1"],"picked":"Establishment","floor":48}],"player_experience":416807,"relics_obtained":[{"floor":8,"key":"CeramicFish"},{"floor":26,"key":"infinitespire:Beetle Shell"},{"floor":27,"key":"Lizard Tail"},{"floor":42,"key":"Ancient Tea Set"},{"floor":43,"key":"infinitespire:PuzzleCube"}],"event_choices":[{"damage_healed":0,"gold_gain":0,"player_choice":"Ignored","damage_taken":0,"max_hp_gain":0,"max_hp_loss":0,"event_name":"Golden Wing","floor":5,"gold_loss":0},{"damage_healed":0,"gold_gain":0,"player_choice":"Box","damage_taken":0,"relics_obtained":["Strawberry"],"max_hp_gain":0,"max_hp_loss":0,"event_name":"Big Fish","floor":14,"gold_loss":0,"cards_obtained":["Regret"]},{"damage_healed":0,"gold_gain":90,"player_choice":"GOLD ","damage_taken":12,"max_hp_gain":0,"max_hp_loss":0,"event_name":"Knowing Skull","floor":20,"potions_obtained":[],"gold_loss":0,"cards_obtained":[]},{"damage_healed":28,"gold_gain":0,"player_choice":"Heal","damage_taken":0,"max_hp_gain":0,"max_hp_loss":0,"event_name":"The Library","floor":22,"gold_loss":0},{"damage_healed":0,"gold_gain":0,"player_choice":"Ignored","damage_taken":0,"max_hp_gain":0,"max_hp_loss":0,"event_name":"Mysterious Sphere","floor":37,"gold_loss":0},{"damage_healed":0,"gold_gain":0,"player_choice":"Gave Potion","damage_taken":0,"relics_obtained":["Question Card"],"max_hp_gain":0,"max_hp_loss":0,"event_name":"WeMeetAgain","floor":45,"gold_loss":0}],"is_beta":false,"boss_relics":[{"not_picked":["Black Star","Calling Bell"],"picked":"VioletLotus"},{"not_picked":["Fusion Hammer","Runic Pyramid"],"picked":"SlaversCollar"}],"items_purged_floors":[38],"is_endless":false,"potions_floor_spawned":[1,3,16,18,21,24,33,39,41],"killed_by":"Donu and Deca","ascension_level":0}}