{"host":"oknzaotplmnl5xaf","time":1613334121,"event":{"mods":["BaseMod","Colored Map","Highlight Path","Minty Spire (QoL Compilation)","Permanent Neow","Quick Restart","Relic Stats"],"gold_per_floor":[113,113,113,5,17,17,50,50,50,67,67,86,113,113,113,190,190,150,164,214,224,17,50,69,84,131,131,56,26,26,39,39,118,118,129,175,185,197,197,232,232,247,247,247,272,272,8,8,8,8,8,8,8,8,38,38],"floor_reached":57,"language":"ENG","playtime":4709,"items_purged":["Strike_G"],"score":2826,"play_id":"df9ac287-0aca-43db-9250-7f07f0a23c7a","local_time":"20210214152201","is_ascension_mode":true,"campfire_choices":[{"data":"Poisoned Stab","floor":6,"key":"SMITH"},{"data":"Discovery","floor":8,"key":"SMITH"},{"data":"Neutralize","floor":11,"key":"SMITH"},{"floor":15,"key":"REST"},{"floor":30,"key":"REST"},{"floor":32,"key":"REST"},{"floor":41,"key":"REST"},{"floor":46,"key":"REST"},{"floor":49,"key":"RECALL"},{"data":"Footwork","floor":53,"key":"SMITH"}],"circlet_count":0,"master_deck":["AscendersBane","Survivor","Neutralize+1","Discovery+1","Predator","Poisoned Stab+1","Deadly Poison+1","PiercingWail+1","Crippling Poison+1","Poisoned Stab+1","Blur+1","Burst+1","Deadly Poison+1","Deflect+1","Distraction+1","Noxious Fumes","Distraction+1","Footwork+1","Outmaneuver+1","Distraction+1","Adrenaline+1","Tactician+1","Eviscerate","Distraction+1","Backstab","Prepared+1","Storm of Steel+1","Dodge and Roll+1","Backflip+1","PiercingWail+1","Secret Technique+1","Transmutation+1","Burst+1","Backflip+1","Crippling Poison+1","Madness+1","Madness+1","Backflip+1","Venomology+1"],"relics":["Ring of the Snake","Toxic Egg 2","Juzu Bracelet","InkBottle","Snake Skull","SlaversCollar","Blood Vial","Bag of Preparation","Pandora\u0027s Box","Thread and Needle","Prayer Wheel","MealTicket","Pen Nib"],"acts_visited":["Exordium","TheCity","TheBeyond","TheEnding"],"potions_floor_usage":[12,16,21,23,25,33,36,42,50,50,55,56,56],"damage_taken":[{"damage":0,"enemies":"2 Louse","floor":1,"turns":3},{"damage":2,"enemies":"Jaw Worm","floor":5,"turns":4},{"damage":3,"enemies":"Gremlin Nob","floor":7,"turns":3},{"damage":0,"enemies":"Cultist","floor":10,"turns":3},{"damage":8,"enemies":"Large Slime","floor":12,"turns":8},{"damage":19,"enemies":"3 Sentries","floor":13,"turns":8},{"damage":24,"enemies":"Hexaghost","floor":16,"turns":8},{"damage":5,"enemies":"2 Thieves","floor":18,"turns":5},{"damage":0,"enemies":"3 Byrds","floor":19,"turns":2},{"damage":6,"enemies":"Centurion and Healer","floor":21,"turns":5},{"damage":8,"enemies":"Gremlin Leader","floor":23,"turns":5},{"damage":9,"enemies":"Chosen and Byrds","floor":24,"turns":5},{"damage":14,"enemies":"Snecko","floor":25,"turns":5},{"damage":15,"enemies":"Centurion and Healer","floor":31,"turns":7},{"damage":32,"enemies":"Collector","floor":33,"turns":7},{"damage":0,"enemies":"Orb Walker","floor":35,"turns":2},{"damage":17,"enemies":"2 Orb Walkers","floor":36,"turns":5},{"damage":0,"enemies":"3 Darklings","floor":37,"turns":1},{"damage":0,"enemies":"4 Shapes","floor":38,"turns":5},{"damage":0,"enemies":"Giant Head","floor":40,"turns":4},{"damage":0,"enemies":"Transient","floor":42,"turns":6},{"damage":37,"enemies":"Nemesis","floor":45,"turns":7},{"damage":4,"enemies":"Time Eater","floor":50,"turns":6},{"damage":12,"enemies":"Donu and Deca","floor":51,"turns":10},{"damage":0,"enemies":"Shield and Spear","floor":55,"turns":5},{"damage":25,"enemies":"The Heart","floor":56,"turns":11}],"seed_played":"-6222225547568290628","potions_obtained":[{"floor":5,"key":"PowerPotion"},{"floor":13,"key":"CultistPotion"},{"floor":23,"key":"Energy Potion"},{"floor":24,"key":"CultistPotion"},{"floor":25,"key":"LiquidBronze"},{"floor":31,"key":"Strength Potion"},{"floor":35,"key":"LiquidMemories"},{"floor":36,"key":"GamblersBrew"}],"is_trial":false,"path_per_floor":["M","?","?","$","M","R","E","R","T","M","R","M","E","?","R","B",null,"M","M","?","M","$","E","M","M","T","?","?","$","R","M","R","B",null,"M","?","M","M","?","E","R","M","T","?","E","R","$","?","R","B","B",null,"R","$","E","B",null],"character_chosen":"THE_SILENT","items_purchased":["AttackPotion","Poisoned Stab","Noxious Fumes","Energy Potion","Outmaneuver+1","FairyPotion","Venomology+1"],"campfire_rested":5,"item_purchase_floors":[4,4,22,22,29,47,47],"current_hp_per_floor":[59,59,52,52,50,50,47,47,47,47,47,39,20,20,39,15,53,48,48,48,42,42,34,27,15,15,15,15,15,34,21,40,10,52,54,39,41,43,33,35,54,56,56,44,9,28,43,43,43,41,31,57,57,66,66,41],"gold":38,"neow_bonus":"RANDOM_COLORLESS","is_daily":false,"chose_seed":false,"campfire_upgraded":4,"win_rate":0.0,"timestamp":1613334121,"path_taken":["M","?","?","$","M","R","E","R","T","M","R","M","E","?","R","BOSS","M","M","?","M","$","E","M","M","T","?","?","$","R","M","R","BOSS","M","?","M","M","?","E","R","M","T","?","E","R","?","?","R","BOSS","BOSS","R","$","E","BOSS"],"items_purchased_type":["Potion","Card","Card","Potion","Card","Potion","Card"],"build_version":"2020-12-22","purchased_purges":1,"victory":true,"max_hp_per_floor":[66,66,66,66,66,66,66,66,66,66,66,66,66,66,66,66,66,66,66,66,66,66,66,66,66,66,66,66,66,66,66,66,66,66,66,66,66,66,66,66,66,66,66,66,66,66,66,66,66,66,66,66,66,66,66,66],"relic_stats":{"Blood Vial":26,"counters":[26,140],"Pandora\u0027s Box":["Tactician","Die Die Die","Eviscerate","Distraction","Backstab","Prepared","Storm of Steel","Dodge and Roll"],"Prayer Wheel":1,"MealTicket":24,"Snake Skull":[242],"Pen Nib":[1],"Juzu Bracelet":2,"Bag of Preparation":[26],"obtain_stats":[{"Thread and Needle":36,"Snake Skull":13,"Pen Nib":55,"Juzu Bracelet":7,"Bag of Preparation":26,"Blood Vial":23,"SlaversCollar":17,"Pandora\u0027s Box":34,"Prayer Wheel":40,"MealTicket":45,"Toxic Egg 2":2,"InkBottle":9,"Ring of the Snake":0},{"Thread and Needle":17,"Snake Skull":6,"Pen Nib":25,"Juzu Bracelet":3,"Bag of Preparation":13,"Blood Vial":11,"SlaversCollar":7,"Pandora\u0027s Box":15,"Prayer Wheel":20,"MealTicket":22,"Toxic Egg 2":1,"InkBottle":3,"Ring of the Snake":0},{"Thread and Needle":85,"Snake Skull":29,"Pen Nib":129,"Juzu Bracelet":10,"Bag of Preparation":64,"Blood Vial":54,"SlaversCollar":37,"Pandora\u0027s Box":78,"Prayer Wheel":95,"MealTicket":108,"Toxic Egg 2":3,"InkBottle":10,"Ring of the Snake":0}],"InkBottle":[92],"Ring of the Snake":[52]},"card_choices":[{"not_picked":["Trip","Good Instincts"],"picked":"Discovery","floor":0},{"not_picked":["Sucker Punch","Blade Dance"],"picked":"Predator","floor":1},{"not_picked":["Dagger Spray","Prepared+1"],"picked":"Deadly Poison+1","floor":5},{"not_picked":["Underhanded Strike","Outmaneuver+1"],"picked":"PiercingWail+1","floor":7},{"not_picked":["Backstab","Flying Knee"],"picked":"Crippling Poison+1","floor":10},{"not_picked":["Expertise+1","Quick Slash"],"picked":"Poisoned Stab","floor":12},{"not_picked":["Acrobatics+1","Caltrops"],"picked":"Blur+1","floor":13},{"not_picked":["Glass Knife","Bullet Time+1"],"picked":"Burst+1","floor":16},{"not_picked":["Skewer","Dagger Throw"],"picked":"Deadly Poison+1","floor":18},{"not_picked":["PiercingWail+1","Slice"],"picked":"Deflect+1","floor":19},{"not_picked":["Poisoned Stab","Heel Hook"],"picked":"Distraction+1","floor":21},{"not_picked":["Poisoned Stab","Deadly Poison+1"],"picked":"Distraction+1","floor":23},{"not_picked":["Cloak And Dagger+1","Skewer"],"picked":"Footwork","floor":24},{"not_picked":["Dagger Spray","Flechettes","Sucker Punch"],"picked":"SKIP","floor":25},{"not_picked":["Leg Sweep+1","Acrobatics+1"],"picked":"Distraction+1","floor":31},{"not_picked":["Envenom","A Thousand Cuts"],"picked":"Adrenaline+1","floor":33},{"not_picked":["Choke","Caltrops","Dash"],"picked":"SKIP","floor":35},{"not_picked":["Noxious Fumes+1","Slice+1"],"picked":"Backflip+1","floor":36},{"not_picked":["Poisoned Stab","Dodge and Roll+1"],"picked":"PiercingWail+1","floor":37},{"not_picked":["Flechettes","Dodge and Roll+1","Dash"],"picked":"SKIP","floor":38},{"not_picked":["Good Instincts+1","Trip+1"],"picked":"Secret Technique+1","floor":39},{"not_picked":["Flash of Steel","Violence+1"],"picked":"Transmutation+1","floor":39},{"not_picked":["Dagger Throw","Quick Slash"],"picked":"Burst+1","floor":40},{"not_picked":["Bane","Dagger Spray"],"picked":"Backflip+1","floor":42},{"not_picked":["Noxious Fumes","Flechettes"],"picked":"Crippling Poison+1","floor":42},{"not_picked":["Flechettes+1","Endless Agony"],"picked":"Backflip+1","floor":45},{"not_picked":["Quick Slash","Flying Knee","All Out Attack+1"],"picked":"SKIP","floor":55}],"player_experience":1538693,"relics_obtained":[{"floor":7,"key":"Juzu Bracelet"},{"floor":9,"key":"InkBottle"},{"floor":13,"key":"Snake Skull"},{"floor":23,"key":"Blood Vial"},{"floor":26,"key":"Bag of Preparation"},{"floor":36,"key":"Thread and Needle"},{"floor":40,"key":"Prayer Wheel"},{"floor":45,"key":"MealTicket"},{"floor":55,"key":"Pen Nib"}],"event_choices":[{"damage_healed":0,"gold_gain":0,"player_choice":"Box","damage_taken":0,"relics_obtained":["Toxic Egg 2"],"max_hp_gain":0,"max_hp_loss":0,"event_name":"Big Fish","floor":2,"gold_loss":0,"cards_obtained":["Regret"]},{"cards_removed":["Regret"],"damage_healed":0,"gold_gain":0,"player_choice":"Card Removal","damage_taken":7,"max_hp_gain":0,"max_hp_loss":0,"event_name":"Golden Wing","floor":3,"gold_loss":0},{"damage_healed":0,"gold_gain":0,"player_choice":"Forge","damage_taken":0,"max_hp_gain":0,"max_hp_loss":0,"event_name":"Accursed Blacksmith","floor":14,"gold_loss":0,"cards_upgraded":["Poisoned Stab"]},{"damage_healed":0,"gold_gain":50,"player_choice":"Stole From Cult","damage_taken":0,"max_hp_gain":0,"max_hp_loss":0,"event_name":"Nest","floor":20,"gold_loss":0},{"damage_healed":0,"gold_gain":0,"player_choice":"Ignored","damage_taken":0,"max_hp_gain":0,"max_hp_loss":0,"event_name":"Cursed Tome","floor":27,"gold_loss":0},{"cards_removed":["Strike_G"],"damage_healed":0,"gold_gain":0,"player_choice":"Gave Gold","damage_taken":0,"max_hp_gain":0,"max_hp_loss":0,"event_name":"Beggar","floor":28,"gold_loss":75},{"damage_healed":0,"gold_gain":0,"player_choice":"Fight","damage_taken":0,"max_hp_gain":0,"max_hp_loss":0,"event_name":"Mysterious Sphere","floor":36,"gold_loss":0},{"damage_healed":0,"gold_gain":0,"player_choice":"Memory 3","damage_taken":10,"max_hp_gain":0,"max_hp_loss":0,"event_name":"SensoryStone","floor":39,"gold_loss":0},{"damage_healed":0,"gold_gain":0,"player_choice":"Embrace Madness","damage_taken":12,"max_hp_gain":0,"max_hp_loss":0,"event_name":"Winding Halls","floor":44,"gold_loss":0,"cards_obtained":["Madness","Madness"]},{"cards_removed":["Die Die Die"],"damage_healed":0,"gold_gain":0,"player_choice":"Removed Attack","damage_taken":0,"max_hp_gain":0,"max_hp_loss":0,"event_name":"Falling","floor":48,"gold_loss":0}],"is_beta":false,"boss_relics":[{"not_picked":["Runic Dome","Ectoplasm"],"picked":"SlaversCollar"},{"not_picked":["Philosopher\u0027s Stone","Runic Pyramid"],"picked":"Pandora\u0027s Box"}],"items_purged_floors":[22],"is_endless":false,"potions_floor_spawned":[5,7,13,23,24,25,31,35,36,40],"ascension_level":20}}