{"host":"0qlrtuw7bw78ucw4","time":1613307527,"event":{"mods":["BaseMod","Downfall","Minty Spire (QoL Compilation)","StSLib"],"gold_per_floor":[99,114,114,114,124,34,34,34,62,62,62,81,81,101,111,111,111,111],"floor_reached":16,"language":"ENG","playtime":630,"items_purged":["bronze:Defend"],"score":120,"play_id":"36d55d41-70be-4001-b554-487ec0271c51","local_time":"20210214235847","is_ascension_mode":true,"campfire_choices":[{"data":"bronze:BronzeOrb","floor":1,"key":"SMITH"},{"data":"bronze:Frontload","floor":8,"key":"SMITH"},{"data":"bronze:Flail","floor":11,"key":"SMITH"},{"data":"bronze:Goto","floor":13,"key":"SMITH"}],"circlet_count":0,"master_deck":["bronze:Strike","bronze:Strike","bronze:Strike","bronze:Defend","bronze:Defend","bronze:Defend","bronze:Replicate","bronze:Goto+1","bronze:BronzeOrb+1","bronze:Branch","bronze:AlphaBuild","bronze:Frontload+1","bronze:Boost","bronze:FollowUp","bronze:Flail+1","bronze:Library","bronze:Boost","bronze:TinkerersToolbox"],"relics":["bronze:BronzeCore","Mercury Hourglass","bronze:Mallet"],"acts_visited":["Exordium"],"potions_floor_usage":[],"damage_taken":[{"damage":3,"enemies":"Small Slimes","floor":2,"turns":3},{"damage":0,"enemies":"Jaw Worm","floor":5,"turns":2},{"damage":2,"enemies":"downfall:FleeingMerchant","floor":6,"turns":4},{"damage":38,"enemies":"Lagavulin","floor":9,"turns":8},{"damage":0,"enemies":"Cultist","floor":10,"turns":1},{"damage":2,"enemies":"Exordium Thugs","floor":12,"turns":2},{"damage":0,"enemies":"3 Louse","floor":14,"turns":1},{"damage":0,"enemies":"Large Slime","floor":15,"turns":4},{"damage":30,"enemies":"DF_ARCHETYPE_STREAMLINE","floor":16,"turns":4}],"seed_played":"2054247992536374096","potions_obtained":[{"floor":2,"key":"Strength Potion"},{"floor":9,"key":"Ancient Potion"},{"floor":12,"key":"PowerPotion"}],"is_trial":false,"path_per_floor":["R","M","?","?","M","$","T","R","E","M","R","M","R","M","M","B"],"character_chosen":"THE_AUTOMATON","items_purchased":[],"campfire_rested":0,"item_purchase_floors":[],"current_hp_per_floor":[70,67,67,67,67,65,65,65,27,27,27,25,25,25,25,0,0,0],"gold":111,"neow_bonus":"THREE_CARDS","is_daily":false,"chose_seed":false,"campfire_upgraded":4,"win_rate":0.0,"timestamp":1613307527,"path_taken":["R","M","?","?","M","$","T","R","E","M","R","M","R","M","M","BOSS"],"items_purchased_type":[],"build_version":"2020-12-22","purchased_purges":1,"victory":false,"max_hp_per_floor":[70,70,70,70,70,70,70,70,70,70,70,70,70,70,70,70,70,70],"card_choices":[{"not_picked":["bronze:Invalidate","bronze:Frontload"],"picked":"bronze:BronzeOrb","floor":0},{"not_picked":["bronze:BitShift","bronze:WhirlingStrike"],"picked":"bronze:Branch","floor":2},{"not_picked":["bronze:MaxOutput","bronze:Deprecate"],"picked":"bronze:Frontload","floor":5},{"not_picked":["bronze:Deprecate","bronze:Philosophize"],"picked":"bronze:Boost","floor":6},{"not_picked":["bronze:OilSpill","bronze:Separator"],"picked":"bronze:FollowUp","floor":9},{"not_picked":["bronze:Frontload","bronze:Backtrace"],"picked":"bronze:Flail","floor":10},{"not_picked":["bronze:BronzeOrb","bronze:WildBeam"],"picked":"bronze:Library","floor":12},{"not_picked":["bronze:Turbo","bronze:Overheat"],"picked":"bronze:Boost","floor":14},{"not_picked":["bronze:BitShift","bronze:DigitalCarnage"],"picked":"bronze:TinkerersToolbox","floor":15}],"player_experience":1016619,"relics_obtained":[{"floor":7,"key":"Mercury Hourglass"},{"floor":9,"key":"bronze:Mallet"}],"event_choices":[],"is_beta":false,"boss_relics":[],"items_purged_floors":[6],"is_endless":false,"potions_floor_spawned":[2,9,12,14],"killed_by":"DF_ARCHETYPE_STREAMLINE","ascension_level":4}}