{"host":"08xvxt5w1s7zc7e5","time":1613291625,"event":{"mods":["AchievementEnabler","BaseMod","DeckTracker","Minty Spire (QoL Compilation)","Quick Restart","StSLib","SuperFastMode"],"gold_per_floor":[362,377,153,153,153,153,167,225,225,225,225,245,28,45,45,45,45],"floor_reached":16,"language":"KOR","playtime":478,"items_purged":["Strike_G"],"score":113,"play_id":"ac211465-1692-4f0e-b96e-9d197ee8bf84","local_time":"20210214173345","is_ascension_mode":true,"campfire_choices":[{"data":"Grand Finale","floor":6,"key":"SMITH"},{"data":"Acrobatics","floor":10,"key":"SMITH"},{"data":"Tactician","floor":15,"key":"SMITH"}],"circlet_count":0,"master_deck":["Strike_G","Strike_G","Strike_G","Defend_G","Defend_G","Defend_G","Defend_G","Defend_G","Survivor","Neutralize+1","Cloak And Dagger","Dagger Throw","Grand Finale+1","Acrobatics+1","Bane","PiercingWail","Tactician+1","Tactician"],"relics":["Ring of the Snake","Mercury Hourglass","Mummified Hand","Pantograph","Omamori"],"acts_visited":["Exordium"],"potions_floor_usage":[8,8,16],"damage_taken":[{"damage":0,"enemies":"Small Slimes","floor":1,"turns":3},{"damage":0,"enemies":"Jaw Worm","floor":2,"turns":5},{"damage":0,"enemies":"Cultist","floor":7,"turns":3},{"damage":14,"enemies":"3 Sentries","floor":8,"turns":6},{"damage":1,"enemies":"3 Louse","floor":12,"turns":3},{"damage":0,"enemies":"Looter","floor":14,"turns":3},{"damage":64,"enemies":"Hexaghost","floor":16,"turns":16}],"seed_played":"8558008743597863639","potions_obtained":[{"floor":1,"key":"Dexterity Potion"},{"floor":7,"key":"Explosive Potion"},{"floor":8,"key":"Swift Potion"},{"floor":14,"key":"GamblersBrew"}],"is_trial":false,"path_per_floor":["M","M","$","?","?","R","M","?","T","R","?","M","$","M","R","B"],"character_chosen":"THE_SILENT","items_purchased":["Grand Finale","Tactician","Omamori"],"campfire_rested":0,"item_purchase_floors":[3,13,13],"current_hp_per_floor":[63,63,63,56,56,56,56,42,42,42,42,41,41,41,41,0,0],"gold":45,"neow_bonus":"TWO_FIFTY_GOLD","is_daily":false,"chose_seed":false,"campfire_upgraded":3,"win_rate":0.0,"timestamp":1613291625,"path_taken":["M","M","$","?","?","R","?","?","T","R","?","M","$","M","R","BOSS"],"items_purchased_type":["Card","Card","Relic"],"build_version":"2020-12-22","purchased_purges":1,"victory":false,"max_hp_per_floor":[63,63,63,63,63,63,63,63,63,63,63,63,63,63,63,63,63],"card_choices":[{"not_picked":["Terror","Quick Slash"],"picked":"Cloak And Dagger","floor":1},{"not_picked":["Catalyst","Endless Agony"],"picked":"Dagger Throw","floor":2},{"not_picked":["Distraction","Slice"],"picked":"Acrobatics","floor":7},{"not_picked":["Acrobatics","Blade Dance"],"picked":"PiercingWail","floor":12},{"not_picked":["Blur","Quick Slash"],"picked":"Tactician","floor":14}],"player_experience":364915,"relics_obtained":[{"floor":8,"key":"Mummified Hand"},{"floor":9,"key":"Pantograph"}],"event_choices":[{"damage_healed":0,"gold_gain":0,"player_choice":"Success","damage_taken":7,"relics_obtained":["Mercury Hourglass"],"max_hp_gain":0,"max_hp_loss":0,"event_name":"Scrap Ooze","floor":4,"gold_loss":0},{"damage_healed":0,"gold_gain":0,"player_choice":"Upgraded","damage_taken":0,"max_hp_gain":0,"max_hp_loss":0,"event_name":"Upgrade Shrine","floor":5,"gold_loss":0,"cards_upgraded":["Neutralize"]},{"damage_healed":0,"gold_gain":0,"player_choice":"Searched \u00271\u0027 times","damage_taken":0,"max_hp_gain":0,"max_hp_loss":0,"event_name":"Dead Adventurer","floor":8,"gold_loss":0},{"damage_healed":0,"gold_gain":0,"cards_transformed":["Strike_G"],"player_choice":"Change","damage_taken":0,"max_hp_gain":0,"max_hp_loss":0,"event_name":"Living Wall","floor":11,"gold_loss":0,"cards_obtained":["Bane"]}],"is_beta":false,"boss_relics":[],"items_purged_floors":[3],"is_endless":false,"potions_floor_spawned":[1,7,8,14],"killed_by":"Hexaghost","ascension_level":5}}