{"host":"4qkvkh7pd9qr2mca","time":1613308477,"event":{"mods":["AchievementEnabler","Act Like it!","BaseMod","Colored Map","Colored Powertips","Highlight Path","Minty Spire (QoL Compilation)","Pale of the Ancients","Permanent Neow","Quick Restart","Relic Stats","StSLib","SuperFastMode"],"gold_per_floor":[113,128,138,213,230,230,264,264,264,17,17,17,43,63,63,142,142,152,172,172,191,202,202,202,202],"floor_reached":24,"language":"ENG","playtime":749,"items_purged":["Strike_G"],"score":416,"play_id":"0cc122fe-fe1d-478e-a8c2-d3a2d05c3fc7","local_time":"20210214141437","is_ascension_mode":true,"campfire_choices":[{"floor":6,"key":"REST"},{"data":"Catalyst","floor":12,"key":"SMITH"},{"data":"Bouncing Flask","floor":15,"key":"SMITH"},{"floor":23,"key":"REST"}],"circlet_count":0,"master_deck":["AscendersBane","Strike_G","Strike_G","Strike_G","Strike_G","Defend_G","Defend_G","Defend_G","Defend_G","Defend_G","Survivor","Neutralize","Bouncing Flask+1","Cloak And Dagger","Catalyst+1","Dagger Spray","Well Laid Plans","Deadly Poison","Night Terror+1","PiercingWail","Acrobatics","Escape Plan+1","Dodge and Roll"],"relics":["Ring of the Snake","Torii","Dream Catcher","Art of War","TwistedFunnel","Blue Candle","Cursed Key"],"acts_visited":["Exordium","TheCity"],"potions_floor_usage":[5,5,5,13],"damage_taken":[{"damage":0,"enemies":"Jaw Worm","floor":1,"turns":5},{"damage":1,"enemies":"2 Louse","floor":2,"turns":4},{"damage":1,"enemies":"Small Slimes","floor":3,"turns":3},{"damage":1,"enemies":"Exordium Thugs","floor":5,"turns":5},{"damage":16,"enemies":"Lagavulin","floor":7,"turns":7},{"damage":20,"enemies":"3 Sentries","floor":13,"turns":5},{"damage":0,"enemies":"Lots of Slimes","floor":14,"turns":2},{"damage":10,"enemies":"The Guardian","floor":16,"turns":5},{"damage":1,"enemies":"Spheric Guardian","floor":18,"turns":3},{"damage":16,"enemies":"Shell Parasite","floor":19,"turns":2},{"damage":25,"enemies":"Snecko","floor":21,"turns":6},{"damage":8,"enemies":"3 Cultists","floor":22,"turns":5},{"damage":18,"enemies":"Cultist and Chosen","floor":24,"turns":4}],"seed_played":"6818980263221464249","potions_obtained":[{"floor":2,"key":"DuplicationPotion"},{"floor":3,"key":"EntropicBrew"},{"floor":7,"key":"BlessingOfTheForge"},{"floor":11,"key":"Regen Potion"},{"floor":11,"key":"Regen Potion"},{"floor":13,"key":"FearPotion"},{"floor":16,"key":"CultistPotion"}],"is_trial":false,"path_per_floor":["M","M","M","?","M","R","E","?","T","$","?","R","E","M","R","B",null,"M","M","?","M","M","R","M"],"character_chosen":"THE_SILENT","items_purchased":["TwistedFunnel"],"campfire_rested":2,"item_purchase_floors":[10],"current_hp_per_floor":[44,43,42,31,30,49,33,55,55,55,55,55,47,47,47,37,59,58,42,42,17,9,28,10,10],"gold":202,"neow_bonus":"ONE_RARE_RELIC","is_daily":false,"chose_seed":false,"campfire_upgraded":2,"win_rate":0.0,"timestamp":1613308477,"path_taken":["M","M","M","?","M","R","E","?","T","$","?","R","E","M","R","BOSS","M","M","?","M","?","R","M"],"items_purchased_type":["Relic"],"build_version":"2020-12-22","purchased_purges":1,"victory":false,"max_hp_per_floor":[66,66,66,66,66,66,66,66,66,66,66,66,66,66,66,66,66,66,66,66,66,66,66,66,66],"relic_stats":{"Dream Catcher":1,"Torii":20,"counters":[13,56],"Blue Candle":[0],"Art of War":[7],"Cursed Key":0,"obtain_stats":[{"TwistedFunnel":10,"Dream Catcher":7,"Torii":0,"Blue Candle":13,"Art of War":9,"Cursed Key":17,"Ring of the Snake":0},{"TwistedFunnel":5,"Dream Catcher":5,"Torii":0,"Blue Candle":6,"Art of War":5,"Cursed Key":8,"Ring of the Snake":0},{"TwistedFunnel":24,"Dream Catcher":24,"Torii":0,"Blue Candle":29,"Art of War":24,"Cursed Key":36,"Ring of the Snake":0}],"Ring of the Snake":[26]},"card_choices":[{"not_picked":["Sucker Punch","Poisoned Stab"],"picked":"Bouncing Flask","floor":1},{"not_picked":["Acrobatics","Slice"],"picked":"Cloak And Dagger","floor":2},{"not_picked":["Reflex","Glass Knife"],"picked":"Catalyst","floor":3},{"not_picked":["Prepared","Terror"],"picked":"Dagger Spray","floor":5},{"not_picked":["Tools of the Trade","Slice","Outmaneuver"],"picked":"SKIP","floor":7},{"not_picked":["Deadly Poison","Dodge and Roll"],"picked":"Well Laid Plans","floor":13},{"not_picked":["Setup","Blade Dance"],"picked":"Deadly Poison","floor":14},{"not_picked":["Glass Knife","After Image"],"picked":"Night Terror","floor":16},{"not_picked":["Prepared","Predator"],"picked":"PiercingWail","floor":18},{"not_picked":["All Out Attack","Outmaneuver"],"picked":"Acrobatics","floor":19},{"not_picked":["Setup","Sucker Punch+1"],"picked":"Escape Plan+1","floor":21},{"not_picked":["Caltrops","Outmaneuver+1"],"picked":"Dodge and Roll","floor":22}],"player_experience":628324,"relics_obtained":[{"floor":7,"key":"Dream Catcher"},{"floor":9,"key":"Art of War"},{"floor":13,"key":"Blue Candle"}],"event_choices":[{"damage_healed":0,"gold_gain":75,"player_choice":"Gather Gold","damage_taken":11,"max_hp_gain":0,"max_hp_loss":0,"event_name":"World of Goop","floor":4,"gold_loss":0},{"damage_healed":22,"gold_gain":0,"player_choice":"Banana","damage_taken":0,"max_hp_gain":0,"max_hp_loss":0,"event_name":"Big Fish","floor":8,"gold_loss":0},{"damage_healed":0,"gold_gain":0,"player_choice":"Got Potions","damage_taken":0,"max_hp_gain":0,"max_hp_loss":0,"event_name":"Lab","floor":11,"gold_loss":0},{"damage_healed":0,"gold_gain":0,"player_choice":"Upgraded","damage_taken":0,"max_hp_gain":0,"max_hp_loss":0,"event_name":"Upgrade Shrine","floor":20,"gold_loss":0,"cards_upgraded":["Night Terror"]}],"is_beta":false,"boss_relics":[{"not_picked":["Snecko Eye","Runic Pyramid"],"picked":"Cursed Key"}],"items_purged_floors":[10],"is_endless":false,"potions_floor_spawned":[2,3,7,13,16,19],"killed_by":"Cultist and Chosen","ascension_level":20}}