{"host":"oigynbtg272c19pw","time":1613314621,"event":{"mods":["BaseMod","Colored Map","Minty Spire (QoL Compilation)","Relic Stats","Slay the Relics Exporter","StSLib"],"gold_per_floor":[111,121,121,196,196,228,228,262,262,277,2,62,62,62,62,144,171,182,49,127,87,137,137,137],"floor_reached":23,"playtime":824,"items_purged":["Strike_R","Regret"],"score":460,"play_id":"e75739ea-272a-4866-8c01-1ac77b2a1ffa","local_time":"20210214155701","is_ascension_mode":true,"campfire_choices":[{"data":"True Grit","floor":7.0,"key":"SMITH"},{"data":"Disarm","floor":13.0,"key":"SMITH"},{"floor":15.0,"key":"REST"}],"circlet_count":0,"master_deck":["AscendersBane","Strike_R+1","Strike_R","Defend_R","Defend_R","Defend_R","Bash+1","Pommel Strike","True Grit+1","Barricade","Blood for Blood","Headbutt","HandOfGreed","Disarm+1","Offering","Brutality+1","Combust+1","Juggernaut+1","Flame Barrier","Shrug It Off"],"relics":["Burning Blood","NeowsBlessing","Mercury Hourglass","Ancient Tea Set","Potion Belt","CeramicFish","Astrolabe","Red Mask"],"acts_visited":["Exordium","TheCity"],"potions_floor_usage":[],"damage_taken":[{"damage":0.0,"enemies":"Jaw Worm","floor":1.0,"turns":1.0},{"damage":0.0,"enemies":"2 Louse","floor":2.0,"turns":1.0},{"damage":0.0,"enemies":"Lagavulin","floor":6.0,"turns":1.0},{"damage":31.0,"enemies":"3 Sentries","floor":8.0,"turns":8.0},{"damage":5.0,"enemies":"Small Slimes","floor":10.0,"turns":3.0},{"damage":26.0,"enemies":"Lagavulin","floor":12.0,"turns":8.0},{"damage":20.0,"enemies":"Hexaghost","floor":16.0,"turns":13.0},{"damage":29.0,"enemies":"Spheric Guardian","floor":18.0,"turns":4.0},{"damage":27.0,"enemies":"Masked Bandits","floor":20.0,"turns":3.0},{"damage":0.0,"enemies":"2 Thieves","floor":21.0,"turns":2.0},{"damage":7,"enemies":"Slavers","floor":23,"turns":2}],"seed_played":"-8647626477256894677","potions_obtained":[{"floor":6.0,"key":"EssenceOfSteel"},{"floor":10.0,"key":"SmokeBomb"},{"floor":12.0,"key":"HeartOfIron"}],"is_trial":false,"path_per_floor":["M","M","?","?","?","E","R","E","T","M","$","E","R","?","R","B",null,"M","$","?","M","?","E"],"character_chosen":"IRONCLAD","items_purchased":["HandOfGreed","Flame Barrier"],"campfire_rested":1,"item_purchase_floors":[11,19],"current_hp_per_floor":[74,75,75,64,64,70,70,45,45,46,46,26,26,3,25,11,59,36,36,15,21,21,14,14],"gold":137,"neow_bonus":"THREE_ENEMY_KILL","is_daily":false,"chose_seed":false,"campfire_upgraded":2,"win_rate":0.0,"timestamp":1613314621,"path_taken":["M","M","?","?","?","E","R","E","T","?","$","E","R","?","R","BOSS","M","$","?","M","?","E"],"items_purchased_type":["Card","Card"],"build_version":"2020-12-13","purchased_purges":2,"victory":false,"max_hp_per_floor":[75,75,75,75,75,75,75,75,75,75,75,75,75,75,75,75,75,75,75,75,75,75,75,75],"relic_stats":{"counters":[11,45],"CeramicFish":63,"Astrolabe":["Brutality","Combust","Juggernaut"],"obtain_stats":[{"Potion Belt":8,"NeowsBlessing":0,"CeramicFish":12,"Astrolabe":17,"Red Mask":20,"Ancient Tea Set":6,"Burning Blood":0,"Mercury Hourglass":3},{"Potion Belt":4,"NeowsBlessing":0,"CeramicFish":6,"Astrolabe":7,"Red Mask":9,"Ancient Tea Set":3,"Burning Blood":0,"Mercury Hourglass":2},{"Potion Belt":11,"NeowsBlessing":0,"CeramicFish":22,"Astrolabe":34,"Red Mask":41,"Ancient Tea Set":3,"Burning Blood":0,"Mercury Hourglass":2}],"Burning Blood":55,"Mercury Hourglass":[169]},"card_choices":[{"not_picked":["Shrug It Off","Dual Wield"],"picked":"Pommel Strike","floor":1.0},{"not_picked":["Heavy Blade","Warcry"],"picked":"True Grit","floor":2.0},{"not_picked":["Anger","Sword Boomerang"],"picked":"Barricade","floor":6.0},{"not_picked":["Armaments","Double Tap"],"picked":"Blood for Blood","floor":8.0},{"not_picked":["Sword Boomerang","Carnage"],"picked":"Headbutt","floor":10.0},{"not_picked":["Sever Soul","True Grit"],"picked":"Disarm","floor":12.0},{"not_picked":["Brutality","Exhume"],"picked":"Offering","floor":16.0},{"not_picked":["Headbutt","Wild Strike","Heavy Blade"],"picked":"SKIP","floor":18.0},{"not_picked":["Pummel","Ghostly Armor"],"picked":"Shrug It Off","floor":20.0}],"player_experience":1603772,"relics_obtained":[{"floor":6.0,"key":"Ancient Tea Set"},{"floor":8.0,"key":"Potion Belt"},{"floor":12.0,"key":"CeramicFish"},{"floor":20.0,"key":"Red Mask"}],"event_choices":[{"damage_healed":0.0,"max_hp_gain":0.0,"max_hp_loss":0.0,"gold_gain":0.0,"event_name":"Big Fish","player_choice":"Box","floor":3.0,"gold_loss":0.0,"damage_taken":0.0,"relics_obtained":["Mercury Hourglass"],"cards_obtained":["Regret"]},{"damage_healed":0.0,"max_hp_gain":0.0,"max_hp_loss":0.0,"gold_gain":75.0,"event_name":"World of Goop","player_choice":"Gather Gold","floor":4.0,"gold_loss":0.0,"damage_taken":11.0},{"damage_healed":0.0,"max_hp_gain":0.0,"max_hp_loss":0.0,"gold_gain":0.0,"event_name":"Liars Game","player_choice":"Ignored","floor":5.0,"gold_loss":0.0,"damage_taken":0.0},{"damage_healed":0.0,"max_hp_gain":0.0,"max_hp_loss":0.0,"gold_gain":0.0,"event_name":"Shining Light","player_choice":"Entered Light","floor":14.0,"gold_loss":0.0,"damage_taken":23.0,"cards_upgraded":["Strike_R","Bash"]},{"damage_healed":0.0,"max_hp_gain":0.0,"max_hp_loss":0.0,"gold_gain":0.0,"event_name":"Masked Bandits","player_choice":"Fought Bandits","floor":20.0,"gold_loss":0.0,"damage_taken":0.0},{"damage_healed":0,"gold_gain":100,"player_choice":"Bet on Murderer","damage_taken":0,"max_hp_gain":0,"max_hp_loss":0,"event_name":"The Joust","floor":22,"gold_loss":50}],"is_beta":false,"boss_relics":[{"not_picked":["Runic Pyramid","Black Star"],"picked":"Astrolabe"}],"items_purged_floors":[11,19],"is_endless":false,"potions_floor_spawned":[6,10,12],"killed_by":"Slavers","ascension_level":20}}