{"host":"phniwng9zo19jwdb","time":1613331727,"event":{"mods":["AchievementEnabler","BaseMod","Colored Powertips","Dark Map","Faster Ascension Climbing","GifTheSpireLib","Minty Spire (QoL Compilation)","Permanent Neow","Rare Cards Sparkle","Relic Filter Mod","StSLib","Weighted Paths"],"gold_per_floor":[118,135,147,165,178,178,178],"floor_reached":6,"language":"ENG","playtime":212,"items_purged":[],"score":80,"play_id":"9626e713-5e0c-460e-aa04-d18f730c3155","local_time":"20210214204207","is_ascension_mode":true,"campfire_choices":[],"circlet_count":0,"master_deck":["AscendersBane","Strike_G","Strike_G","Strike_G","Strike_G","Strike_G","Defend_G","Defend_G","Defend_G","Defend_G","Defend_G","Survivor","Neutralize","CurseOfTheBell","Skewer","Endless Agony","Backstab","Backflip","Acrobatics"],"relics":["Calling Bell","Boot","Meat on the Bone","Tough Bandages"],"acts_visited":["Exordium"],"potions_floor_usage":[],"damage_taken":[{"damage":8.0,"enemies":"Jaw Worm","floor":1.0,"turns":8.0},{"damage":6.0,"enemies":"Small Slimes","floor":2.0,"turns":5.0},{"damage":0.0,"enemies":"Cultist","floor":3.0,"turns":3.0},{"damage":0.0,"enemies":"Large Slime","floor":4.0,"turns":6.0},{"damage":1.0,"enemies":"Looter","floor":5.0,"turns":3.0},{"damage":0,"enemies":"Lagavulin","floor":6,"turns":1}],"seed_played":"-6592238063366974234","potions_obtained":[{"floor":1.0,"key":"GhostInAJar"},{"floor":4.0,"key":"GamblersBrew"},{"floor":5,"key":"EssenceOfSteel"}],"is_trial":false,"path_per_floor":["M","M","M","M","M","E"],"character_chosen":"THE_SILENT","items_purchased":[],"campfire_rested":0,"item_purchase_floors":[],"current_hp_per_floor":[51,45,45,45,44,44,44],"gold":178,"neow_bonus":"BOSS_RELIC","is_daily":false,"chose_seed":false,"campfire_upgraded":0,"win_rate":0.0,"timestamp":1613331727,"path_taken":["M","M","M","M","M","E"],"items_purchased_type":[],"build_version":"2020-12-22","purchased_purges":0,"victory":false,"max_hp_per_floor":[66,66,66,66,66,66,66],"card_choices":[{"not_picked":["Underhanded Strike","Slice"],"picked":"Skewer","floor":1.0},{"not_picked":["Bouncing Flask","Leg Sweep"],"picked":"Endless Agony","floor":2.0},{"not_picked":["Grand Finale","Choke"],"picked":"Backstab","floor":3.0},{"not_picked":["Expertise","Deflect"],"picked":"Backflip","floor":4.0},{"not_picked":["Dodge and Roll","Prepared"],"picked":"Acrobatics","floor":5}],"player_experience":133283,"relics_obtained":[{"floor":0.0,"key":"Boot"},{"floor":0.0,"key":"Meat on the Bone"},{"floor":0.0,"key":"Tough Bandages"}],"event_choices":[],"is_beta":false,"boss_relics":[],"items_purged_floors":[],"is_endless":false,"potions_floor_spawned":[1,4,5],"killed_by":"Lagavulin","ascension_level":20}}