{"host":"9k1ekd5e3lrdz5qp","time":1613342475,"event":{"mods":["Act Like it!","Bard","BaseMod","Beaked The Cultist","Better Altar","Better Skull","Better Third Choice","BetterRewards","Conspire","Downfall","Elementarium","Hubris","Infinite Spire","Minty Spire (QoL Compilation)","Replay The Spire","StSLib"],"gold_per_floor":[0,17,29,29,29,29,53,63,63,78,96,96,160,160,178,281,281,281,291,291,131,148,148,148,167,52,52,52,52,52],"floor_reached":28,"language":"ENG","playtime":2031,"items_purged":["Slimebound:Split","Slimebound:Tackle"],"score":229,"play_id":"1fabc08c-c6d6-4c4e-890c-4fe86fd6b3fd","local_time":"20210214154115","is_ascension_mode":true,"campfire_choices":[{"data":"Slimebound:MinionMaster","floor":1,"key":"SMITH"},{"data":"Slimebound:SplitMire","floor":6,"key":"SMITH"},{"data":"Slimebound:Teamwork","floor":18,"key":"SMITH"}],"circlet_count":0,"master_deck":["Slimebound:Strike_Slimebound","Slimebound:Strike_Slimebound","Slimebound:Defend_Slimebound","Slimebound:Defend_Slimebound","Slimebound:Defend_Slimebound","Slimebound:Defend_Slimebound","Slimebound:CorrosiveSpit","Slimebound:MinionMaster+1","Slimebound:SplitMire+1","Slimebound:Gluttony","Slimebound:SamplingLick+1","Slimebound:SplitLeeching","Slimebound:Teamwork+1","Slimebound:MegaLick","Slimebound:SplitSpecialist","Slimebound:SlimeSpikes"],"relics":["Slimebound:AbsorbEndCombatUpgraded","Akabeko","hubris:Towel","Replay:PocketPolymizer","Blood Vial","hubris:MysteriousPyramids"],"acts_visited":["Exordium","TheCity"],"potions_floor_usage":[19,28],"damage_taken":[{"damage":14,"enemies":"Jaw Worm","floor":2,"turns":4},{"damage":7,"enemies":"2 Louse","floor":3,"turns":3},{"damage":1,"enemies":"conspire:RoseBush","floor":8,"turns":2},{"damage":1,"enemies":"conspire:2 RoseBushes","floor":10,"turns":6},{"damage":11,"enemies":"Blue Slaver","floor":11,"turns":4},{"damage":52,"enemies":"Lagavulin Event","floor":13,"turns":7},{"damage":5,"enemies":"3 Louse","floor":15,"turns":3},{"damage":8,"enemies":"SI_SHIV_ARCHETYPE","floor":16,"turns":19},{"damage":13,"enemies":"Spheric Guardian","floor":19,"turns":5},{"damage":0,"enemies":"downfall:FleeingMerchant","floor":21,"turns":4},{"damage":11,"enemies":"Shell Parasite","floor":22,"turns":6},{"damage":44,"enemies":"3 Cultists","floor":25,"turns":6},{"damage":1,"enemies":"downfall:FleeingMerchant","floor":26,"turns":4},{"damage":53,"enemies":"Gremlin Leader","floor":28,"turns":9}],"seed_played":"-9107615360505237393","potions_obtained":[{"floor":3,"key":"SpeedPotion"},{"floor":13,"key":"bronze:BurnAndBuffPotion"},{"floor":15,"key":"SkillPotion"},{"floor":16,"key":"PowerPotion"},{"floor":22,"key":"Weak Potion"}],"is_trial":false,"path_per_floor":["R","M","M","?","?","R","T","M","?","M","M","?","?","?","M","B",null,"R","M","?","$","M","?","T","M","$","?","E"],"character_chosen":"SLIMEBOUND","items_purchased":["Slimebound:SplitSpecialist"],"campfire_rested":0,"item_purchase_floors":[21],"current_hp_per_floor":[65,55,52,52,52,52,52,53,53,56,51,51,9,9,10,12,65,65,61,50,61,61,61,61,31,41,41,2,2,2],"gold":52,"neow_bonus":"THREE_RARE_CARDS","is_daily":false,"chose_seed":false,"campfire_upgraded":3,"win_rate":0.0,"timestamp":1613342475,"path_taken":["R","M","M","?","?","R","T","M","?","?","M","?","?","?","M","BOSS","R","M","?","$","M","?","T","M","?","?","E"],"items_purchased_type":["Card"],"build_version":"2020-12-22","purchased_purges":2,"victory":false,"max_hp_per_floor":[65,65,65,65,65,65,65,65,65,65,65,65,65,65,65,65,65,65,65,70,70,70,70,70,70,70,70,70,70,70],"card_choices":[{"not_picked":["Slimebound:OozeBath","Slimebound:SlimeSlap"],"picked":"Slimebound:MinionMaster","floor":0},{"not_picked":["Slimebound:ComboTackle","Slimebound:Grow"],"picked":"Slimebound:SplitMire","floor":2},{"not_picked":["Slimebound:LeechingTouch","Slimebound:DivideAndConquer","Slimebound:RollThrough"],"picked":"SKIP","floor":3},{"not_picked":["Slimebound:FormOfPuddle","Slimebound:SplitMire","Slimebound:SplitAcid"],"picked":"SKIP","floor":8},{"not_picked":["Slimebound:Schlurp","Slimebound:LeechEnergy"],"picked":"Slimebound:Gluttony","floor":10},{"not_picked":["Slimebound:RejuvenatingLick","Slimebound:ComboTackle","Slimebound:GoopTackle"],"picked":"SKIP","floor":11},{"not_picked":["Slimebound:SplitAcid","Slimebound:BestDefense"],"picked":"Slimebound:SamplingLick","floor":13},{"not_picked":["Slimebound:MegaLick","Slimebound:Prepare"],"picked":"Slimebound:SplitLeeching","floor":15},{"not_picked":["Slimebound:CheckThePlaybook","Slimebound:DouseInSlime"],"picked":"Slimebound:Teamwork","floor":16},{"not_picked":["Slimebound:SplitMire","Slimebound:Schlurp"],"picked":"Slimebound:MegaLick","floor":19},{"not_picked":["Slimebound:SplitAcid","Slimebound:PrepareCrush","Slimebound:ViciousTackle"],"picked":"SKIP","floor":21},{"not_picked":["Slimebound:LivingWall+1","Slimebound:ItLooksTasty","Slimebound:FinishingTackle"],"picked":"SKIP","floor":22},{"not_picked":["Slimebound:SplitLeeching+1","Slimebound:LeechingTouch"],"picked":"Slimebound:SlimeSpikes","floor":25},{"not_picked":["Slimebound:ComboTackle","Slimebound:SplitAcid","Slimebound:SlimeSpikes+1"],"picked":"SKIP","floor":26}],"player_experience":1302146,"relics_obtained":[{"floor":7,"key":"Akabeko"},{"floor":12,"key":"Replay:PocketPolymizer"},{"floor":24,"key":"hubris:MysteriousPyramids"}],"event_choices":[],"is_beta":false,"boss_relics":[{"not_picked":["ChewingGum","Runic Dome"],"picked":"Slimebound:AbsorbEndCombatUpgraded"}],"items_purged_floors":[21,26],"is_endless":false,"potions_floor_spawned":[3,13,15,16,22,25],"killed_by":"Gremlin Leader","ascension_level":2}}