{"host":"mu5qkq7030l6349q","time":1613329396,"event":{"mods":["AchievementEnabler","BaseMod","Colored Powertips","Downfall","Highlight Path","Minty Spire (QoL Compilation)","Permanent Neow","Rare Cards Sparkle","StSLib"],"gold_per_floor":[116,66,66,85,99,131,131,146,222,252,252,29,49,63,63,162,162,181,198,297,297,313,313,339,339,364,146,166,200,125,150,150,246,246,259,269,279,293,309,338,338,363,363,373,373,373,404,404,404,404],"floor_reached":51,"language":"ENG","playtime":6139,"items_purged":["Doubt"],"score":757,"play_id":"9e292536-b9d2-4174-a000-34d94f324a22","local_time":"20210214200316","is_ascension_mode":false,"campfire_choices":[{"data":"1","floor":7.0,"key":"LIFT"},{"data":"2","floor":11.0,"key":"LIFT"},{"data":"3","floor":15.0,"key":"LIFT"},{"data":"Dagger Spray","floor":23.0,"key":"SMITH"},{"data":"Eviscerate","floor":25.0,"key":"SMITH"},{"floor":32.0,"key":"REST"},{"floor":41.0,"key":"REST"},{"floor":46,"key":"REST"},{"floor":49,"key":"REST"}],"circlet_count":0,"master_deck":["Strike_G","Strike_G","Strike_G","Strike_G","Defend_G","Defend_G","Defend_G","Defend_G","Defend_G","Survivor","Neutralize","Mayhem+1","Acrobatics","Eviscerate+1","Predator","Flying Knee","Footwork+1","Dagger Spray+1","Dash","Terror","A Thousand Cuts+1","A Thousand Cuts+1","Blur+1","Parasite","Adrenaline","Prepared+1","Tools of the Trade+1","Backstab+1","Shame","Dagger Spray","Madness","Madness","Prepared+1"],"relics":["Ring of the Snake","Girya","Frozen Egg 2","Bag of Preparation","Cursed Key","Bird Faced Urn","Centennial Puzzle","Pen Nib","Ice Cream","Bottled Flame","Fusion Hammer","WingedGreaves","Vajra","Anchor","Kunai","Tingsha"],"acts_visited":["Exordium","TheCity","TheBeyond"],"potions_floor_usage":[50,50,50],"damage_taken":[{"damage":2.0,"enemies":"2 Louse","floor":1.0,"turns":5.0},{"damage":0.0,"enemies":"Cultist","floor":4.0,"turns":4.0},{"damage":6.0,"enemies":"Jaw Worm","floor":5.0,"turns":6.0},{"damage":4.0,"enemies":"Gremlin Nob","floor":6.0,"turns":4.0},{"damage":15.0,"enemies":"Large Slime","floor":8.0,"turns":6.0},{"damage":5.0,"enemies":"Lagavulin","floor":10.0,"turns":5.0},{"damage":0.0,"enemies":"Exordium Thugs","floor":13.0,"turns":2.0},{"damage":0.0,"enemies":"3 Louse","floor":14.0,"turns":3.0},{"damage":7.0,"enemies":"Hexaghost","floor":16.0,"turns":6.0},{"damage":0.0,"enemies":"Chosen","floor":18.0,"turns":3.0},{"damage":0.0,"enemies":"Spheric Guardian","floor":19.0,"turns":3.0},{"damage":14.0,"enemies":"Chosen and Byrds","floor":22.0,"turns":6.0},{"damage":19.0,"enemies":"Gremlin Leader","floor":24.0,"turns":5.0},{"damage":2.0,"enemies":"Cultist and Chosen","floor":28.0,"turns":4.0},{"damage":30.0,"enemies":"Slavers","floor":29.0,"turns":4.0},{"damage":19.0,"enemies":"Book of Stabbing","floor":31.0,"turns":4.0},{"damage":48.0,"enemies":"Automaton","floor":33.0,"turns":8.0},{"damage":5.0,"enemies":"3 Darklings","floor":35.0,"turns":3.0},{"damage":21.0,"enemies":"3 Shapes","floor":36.0,"turns":2.0},{"damage":3.0,"enemies":"Spire Growth","floor":37.0,"turns":4.0},{"damage":21.0,"enemies":"Writhing Mass","floor":38.0,"turns":5.0},{"damage":12.0,"enemies":"4 Shapes","floor":39.0,"turns":2.0},{"damage":4.0,"enemies":"Giant Head","floor":40.0,"turns":6.0},{"damage":23,"enemies":"Nemesis","floor":42,"turns":5},{"damage":0,"enemies":"Transient","floor":44,"turns":5},{"damage":6,"enemies":"Giant Head","floor":47,"turns":6},{"damage":27,"enemies":"Donu and Deca","floor":50,"turns":5}],"seed_played":"-6960119959314204746","potions_obtained":[{"floor":4.0,"key":"Explosive Potion"},{"floor":5.0,"key":"Regen Potion"},{"floor":29.0,"key":"CunningPotion"},{"floor":35.0,"key":"AttackPotion"},{"floor":36.0,"key":"Ancient Potion"}],"is_trial":false,"path_per_floor":["M","?","?","M","M","E","R","M","T","E","R","$","M","M","R","B",null,"M","M","?","?","M","R","E","R","T","$","M","E","?","E","R","B",null,"M","M","M","M","M","E","R","E","T","M","?","R","E","?","R","B",null],"character_chosen":"THE_SILENT","items_purchased":["FairyPotion","EntropicBrew","Dagger Spray","Pen Nib"],"campfire_rested":4,"item_purchase_floors":[12,12,12,27],"current_hp_per_floor":[61,61,61,61,55,51,51,36,36,31,31,31,31,31,31,24,63,63,63,63,63,49,49,30,30,30,30,32,18,18,5,23,18,63,62,42,45,32,24,28,46,33,33,43,35,53,57,57,63,40],"gold":404,"neow_bonus":"RANDOM_COLORLESS_2","is_daily":false,"chose_seed":false,"campfire_upgraded":2,"win_rate":0.0,"timestamp":1613329396,"path_taken":["M","?","?","M","?","E","R","M","T","E","R","$","M","M","R","BOSS","M","M","?","?","M","R","E","R","T","$","?","E","?","E","R","BOSS","M","M","M","M","M","E","R","E","T","M","?","R","E","?","R","BOSS"],"items_purchased_type":["Potion","Potion","Card","Relic"],"build_version":"2020-12-22","purchased_purges":1,"victory":true,"max_hp_per_floor":[63,63,63,63,63,63,63,63,63,63,63,63,63,63,63,63,63,63,63,63,63,63,63,63,63,63,63,63,63,63,63,63,63,63,63,63,63,63,63,63,63,63,63,63,63,63,63,63,63,63],"card_choices":[{"not_picked":["Secret Weapon","Panache"],"picked":"Mayhem","floor":0.0},{"not_picked":["Calculated Gamble","Prepared"],"picked":"Acrobatics","floor":1.0},{"not_picked":["Acrobatics","Sucker Punch"],"picked":"Eviscerate","floor":4.0},{"not_picked":["Slice","Reflex"],"picked":"Predator","floor":5.0},{"not_picked":["Poisoned Stab","Slice"],"picked":"Quick Slash","floor":6.0},{"not_picked":["Well Laid Plans","Underhanded Strike"],"picked":"Flying Knee","floor":8.0},{"not_picked":["Envenom+1","Well Laid Plans+1"],"picked":"Footwork+1","floor":10.0},{"not_picked":["Quick Slash","Deflect"],"picked":"Dash","floor":13.0},{"not_picked":["Dagger Throw","Acrobatics"],"picked":"Terror","floor":14.0},{"not_picked":["Footwork+1","Sucker Punch","Deadly Poison"],"picked":"SKIP","floor":18.0},{"not_picked":["Backflip","Acrobatics+1","Footwork+1"],"picked":"SKIP","floor":19.0},{"not_picked":["Prepared","Tactician+1","Outmaneuver"],"picked":"SKIP","floor":22.0},{"not_picked":["Heel Hook","Deflect+1","Skewer+1"],"picked":"SKIP","floor":24.0},{"not_picked":["Deadly Poison","Quick Slash","Eviscerate"],"picked":"SKIP","floor":28.0},{"not_picked":["Noxious Fumes+1","Blade Dance"],"picked":"A Thousand Cuts+1","floor":29.0},{"not_picked":["Predator","Dagger Throw","Dash+1"],"picked":"SKIP","floor":31.0},{"not_picked":["Doppelganger","Unload"],"picked":"A Thousand Cuts+1","floor":33.0},{"not_picked":["Outmaneuver","Underhanded Strike+1"],"picked":"Blur+1","floor":35.0},{"not_picked":["Backflip","Dodge and Roll+1","Escape Plan"],"picked":"SKIP","floor":36.0},{"not_picked":["Deflect+1","Sucker Punch+1","PiercingWail"],"picked":"SKIP","floor":37.0},{"not_picked":["Tactician+1","Outmaneuver+1"],"picked":"Adrenaline","floor":38.0},{"not_picked":["Poisoned Stab+1","Slice+1"],"picked":"Prepared+1","floor":39.0},{"not_picked":["Acrobatics+1","Well Laid Plans+1"],"picked":"Tools of the Trade+1","floor":40.0},{"not_picked":["Leg Sweep+1","Quick Slash"],"picked":"Backstab+1","floor":42},{"not_picked":["Calculated Gamble","Dodge and Roll"],"picked":"Dagger Spray","floor":44},{"not_picked":["Dodge and Roll+1","Dash+1"],"picked":"Prepared+1","floor":47}],"player_experience":2989,"relics_obtained":[{"floor":6.0,"key":"Girya"},{"floor":9.0,"key":"Frozen Egg 2"},{"floor":10.0,"key":"Bag of Preparation"},{"floor":24.0,"key":"Bird Faced Urn"},{"floor":26.0,"key":"Centennial Puzzle"},{"floor":29.0,"key":"Ice Cream"},{"floor":31.0,"key":"Bottled Flame"},{"floor":40.0,"key":"WingedGreaves"},{"floor":42,"key":"Vajra"},{"floor":43,"key":"Anchor"},{"floor":47,"key":"Kunai"},{"floor":48,"key":"Tingsha"}],"event_choices":[{"cards_removed":["Strike_G"],"damage_healed":0.0,"max_hp_gain":0.0,"max_hp_loss":0.0,"gold_gain":0.0,"event_name":"The Cleric","player_choice":"Card Removal","floor":2.0,"gold_loss":50.0,"damage_taken":0.0},{"damage_healed":0.0,"max_hp_gain":0.0,"max_hp_loss":0.0,"gold_gain":0.0,"event_name":"Accursed Blacksmith","player_choice":"Forge","floor":3.0,"gold_loss":0.0,"damage_taken":0.0,"cards_upgraded":["Mayhem"]},{"damage_healed":0.0,"max_hp_gain":0.0,"max_hp_loss":0.0,"gold_gain":99.0,"event_name":"Nest","player_choice":"Stole From Cult","floor":20.0,"gold_loss":0.0,"damage_taken":0.0},{"damage_healed":0.0,"max_hp_gain":0.0,"max_hp_loss":0.0,"gold_gain":0.0,"event_name":"Ghosts","player_choice":"Ignored","floor":21.0,"gold_loss":0.0,"damage_taken":0.0},{"cards_removed":["Quick Slash"],"damage_healed":0.0,"max_hp_gain":0.0,"max_hp_loss":0.0,"gold_gain":0.0,"event_name":"Beggar","player_choice":"Gave Gold","floor":30.0,"gold_loss":75.0,"damage_taken":0.0},{"damage_healed":0,"gold_gain":0,"player_choice":"Embrace Madness","damage_taken":8,"max_hp_gain":0,"max_hp_loss":0,"event_name":"Winding Halls","floor":45,"gold_loss":0,"cards_obtained":["Madness","Madness"]},{"damage_healed":0,"gold_gain":0,"player_choice":"Relic","damage_taken":0,"max_hp_gain":0,"max_hp_loss":0,"event_name":"Wheel of Change","floor":48,"gold_loss":0}],"is_beta":false,"boss_relics":[{"not_picked":["Velvet Choker","Tiny House"],"picked":"Cursed Key"},{"not_picked":["Empty Cage","Black Star"],"picked":"Fusion Hammer"}],"items_purged_floors":[27],"is_endless":false,"potions_floor_spawned":[4,5,13,14,16,19,28,29,35,36,38,40,44],"ascension_level":0}}