{"host":"2m6tiise24ys9klz","time":1613272514,"event":{"mods":["BaseMod","Better Third Choice","Colored Map","Downfall","Highlight Path","Minty Spire (QoL Compilation)","StSLib"],"gold_per_floor":[99,112,112,124,6,36,36,36,49,82,40,57,83,111,131,231,231,131,131,144,32,32,32,32,32,32,60,36,36,136,136,153,250,250,150,165,176,101,101,132,132,132,232,232,244,244,295,295,307,307],"floor_reached":51,"language":"ENG","playtime":2740,"items_purged":["Pain"],"score":831,"play_id":"9c2b33f6-315a-4b8e-bdf9-37a00da31e5c","local_time":"20210213191514","is_ascension_mode":true,"campfire_choices":[{"data":"bronze:HyperBeam","floor":1,"key":"SMITH"},{"data":"bronze:Break","floor":8,"key":"SMITH"},{"data":"bronze:ItsAFeature","floor":18,"key":"SMITH"},{"data":"bronze:ClassDefault","floor":23,"key":"SMITH"},{"floor":29,"key":"RECALL"},{"data":"bronze:AlphaBuild","floor":35,"key":"SMITH"}],"circlet_count":0,"master_deck":["bronze:Strike","bronze:Strike","bronze:Defend","bronze:Defend","bronze:Defend","bronze:Defend","bronze:Replicate","bronze:Goto","bronze:HyperBeam+1","bronze:BugBarrage","bronze:OilSpill","bronze:Break+1","bronze:ItsAFeature+1","bronze:WildBeam","bronze:BugBarrage","bronze:Break","bronze:OilSpill","bronze:BugBarrage","bronze:Branch","bronze:Separator","bronze:ChosenStrike","bronze:MaxOutput","bronze:ShipIt","bronze:DarkDash","bronze:BugBarrage","bronze:ClassDefault+1","bronze:FineTuning","Panache","bronze:FollowUp","bronze:BugBarrage","bronze:OilSpill","J.A.X.","bronze:AlphaBuild+1","bronze:BronzeArmor","bronze:ChildClass+1","bronze:HardenedForm","bronze:Virus+1","bronze:Virus","bronze:WhirlingStrike+1","bronze:ForceShield+1","bronze:Format","Injury","Shame","expansioncontent:Hexaburn","bronze:OilSpill+1"],"relics":["bronze:BronzeCore","WarpedTongs","Omamori","Matryoshka","Odd Mushroom","bronze:CableSpool","Philosopher\u0027s Stone","downfall:HeartBlessingGreen","Lee\u0027s Waffle","Nloth\u0027s Gift","Eternal Feather","Prayer Wheel","Guardian:PocketSentry","MutagenicStrength","bronze:MakeshiftBattery","downfall:HeartBlessingRed","Mercury Hourglass","Gremlin Horn","downfall:ExtraCursedBell","hexamod:BolsterEngine","HornCleat","Pocketwatch","Peace Pipe"],"acts_visited":["Exordium","TheCity","TheBeyond"],"potions_floor_usage":[14,15,16,19,21,33,33,40,50,50],"damage_taken":[{"damage":4,"enemies":"Cultist","floor":2,"turns":4},{"damage":4,"enemies":"Small Slimes","floor":4,"turns":3},{"damage":4,"enemies":"downfall:FleeingMerchant","floor":5,"turns":4},{"damage":7,"enemies":"Jaw Worm","floor":9,"turns":3},{"damage":12,"enemies":"Gremlin Nob","floor":10,"turns":3},{"damage":7,"enemies":"downfall:FleeingMerchant","floor":11,"turns":4},{"damage":3,"enemies":"2 Fungi Beasts","floor":12,"turns":2},{"damage":1,"enemies":"The Mushroom Lair","floor":13,"turns":3},{"damage":10,"enemies":"3 Sentries","floor":14,"turns":4},{"damage":0,"enemies":"3 Louse","floor":15,"turns":2},{"damage":22,"enemies":"WA_ARCHETYPE_RETAIN","floor":16,"turns":4},{"damage":0,"enemies":"Shell Parasite","floor":19,"turns":1},{"damage":0,"enemies":"Spheric Guardian","floor":20,"turns":3},{"damage":11,"enemies":"downfall:FleeingMerchant","floor":21,"turns":4},{"damage":20,"enemies":"Book of Stabbing","floor":27,"turns":3},{"damage":16,"enemies":"downfall:Augmenter","floor":30,"turns":4},{"damage":0,"enemies":"Snake Plant","floor":32,"turns":1},{"damage":48,"enemies":"DF_ARCHETYPE_CLAW","floor":33,"turns":6},{"damage":1,"enemies":"Orb Walker","floor":36,"turns":2},{"damage":9,"enemies":"3 Shapes","floor":37,"turns":2},{"damage":13,"enemies":"Reptomancer","floor":40,"turns":4},{"damage":2,"enemies":"Sphere and 2 Shapes","floor":45,"turns":3},{"damage":0,"enemies":"2 Orb Walkers","floor":47,"turns":3},{"damage":2,"enemies":"4 Shapes","floor":49,"turns":2},{"damage":17,"enemies":"IC_BLOCK_ARCHETYPE","floor":50,"turns":7}],"seed_played":"-6339985433708777893","potions_obtained":[{"floor":10,"key":"FairyPotion"},{"floor":12,"key":"BlessingOfTheForge"},{"floor":13,"key":"ColorlessPotion"},{"floor":14,"key":"SmokeBomb"},{"floor":15,"key":"bronze:CleanCodePotion"},{"floor":20,"key":"Energy Potion"},{"floor":31,"key":"CultistPotion"},{"floor":32,"key":"LiquidBronze"},{"floor":33,"key":"Strength Potion"},{"floor":36,"key":"ColorlessPotion"},{"floor":45,"key":"Regen Potion"}],"is_trial":false,"path_per_floor":["R","M","?","M","$","?","T","R","M","E","$","M","?","E","M","B",null,"R","M","M","$","?","R","T","$","?","E","$","R","?","?","M","B",null,"R","M","M","$","?","E","T","$","?","?","M","$","?","$","M","B",null],"character_chosen":"THE_AUTOMATON","items_purchased":["bronze:ItsAFeature","bronze:WildBeam","bronze:BugBarrage","bronze:ClassDefault","bronze:FineTuning","Lee\u0027s Waffle","Panache","bronze:BugBarrage"],"campfire_rested":0,"item_purchase_floors":[5,5,11,21,21,21,21,28],"current_hp_per_floor":[63,59,59,55,51,51,51,51,44,32,25,22,21,11,11,10,63,63,63,63,70,70,70,70,70,70,50,50,68,52,52,52,4,70,70,69,60,60,60,47,47,47,52,52,50,50,50,50,48,46],"gold":307,"neow_bonus":"THREE_RARE_CARDS","is_daily":false,"chose_seed":false,"campfire_upgraded":5,"win_rate":0.0,"timestamp":1613272514,"path_taken":["R","M","?","M","?","?","T","R","M","E","$","M","?","E","M","BOSS","R","M","M","$","?","R","T","?","?","E","?","R","?","?","M","BOSS","R","M","M","$","?","E","T","?","?","?","M","$","?","?","M","BOSS"],"items_purchased_type":["Card","Card","Card","Card","Card","Relic","Card","Card"],"build_version":"2020-12-22","purchased_purges":1,"victory":true,"max_hp_per_floor":[63,63,63,63,63,63,63,63,63,63,63,63,63,63,63,63,63,63,63,63,70,70,70,70,70,70,70,70,70,70,70,70,70,70,70,70,70,70,70,70,70,70,75,75,75,75,75,75,75,75],"card_choices":[{"not_picked":["bronze:ThunderWave","bronze:Mutator"],"picked":"bronze:HyperBeam","floor":0},{"not_picked":["bronze:FineTuning","bronze:WildBeam"],"picked":"bronze:BugBarrage","floor":2},{"not_picked":["bronze:BitShift","bronze:Iterate"],"picked":"bronze:OilSpill","floor":4},{"not_picked":["bronze:DarkDash","bronze:Shell"],"picked":"bronze:Break","floor":5},{"not_picked":["bronze:BuggyMess","bronze:Return"],"picked":"bronze:BugBarrage","floor":9},{"not_picked":["bronze:Allocate","bronze:ForLoop"],"picked":"bronze:Break","floor":10},{"not_picked":["bronze:Frontload","bronze:Deprecate"],"picked":"bronze:OilSpill","floor":11},{"not_picked":["bronze:Boost","bronze:ChildClass"],"picked":"bronze:Branch","floor":12},{"not_picked":["bronze:Frontload","bronze:BitShift"],"picked":"bronze:Separator","floor":13},{"not_picked":["bronze:FollowUp","bronze:BronzeOrb"],"picked":"bronze:ChosenStrike","floor":14},{"not_picked":["bronze:Boost","bronze:Separator"],"picked":"bronze:MaxOutput","floor":15},{"not_picked":["bronze:Virus","bronze:Assembly"],"picked":"bronze:ShipIt","floor":16},{"not_picked":["bronze:Philosophize","bronze:BronzeOrb"],"picked":"bronze:DarkDash","floor":20},{"not_picked":["bronze:BitShift","bronze:Separator+1"],"picked":"bronze:BugBarrage","floor":21},{"not_picked":["bronze:Shell+1","bronze:FineTuning"],"picked":"bronze:FollowUp","floor":27},{"not_picked":["bronze:DelayedSlice","bronze:Deprecate"],"picked":"bronze:OilSpill","floor":30},{"not_picked":[],"picked":"J.A.X.","floor":30},{"not_picked":["bronze:Optimize","bronze:Frontload"],"picked":"bronze:ChildClass+1","floor":32},{"not_picked":["bronze:DigitalCarnage","bronze:Separator"],"picked":"bronze:HardenedForm","floor":32},{"not_picked":["bronze:RecursiveStrike","bronze:HyperBeam"],"picked":"bronze:Virus","floor":33},{"not_picked":["bronze:DigitalCarnage+1","bronze:WildBeam+1"],"picked":"bronze:Virus","floor":36},{"not_picked":["bronze:Iterate+1","bronze:Backtrace"],"picked":"bronze:WhirlingStrike+1","floor":36},{"not_picked":["bronze:ChosenStrike","bronze:BugBarrage"],"picked":"bronze:ForceShield+1","floor":37},{"not_picked":["bronze:Branch","bronze:Iterate","bronze:WildBeam+1"],"picked":"SKIP","floor":37},{"not_picked":["bronze:ForLoop","bronze:Shield"],"picked":"bronze:Format","floor":40},{"not_picked":["expansioncontent:LastStand","expansioncontent:YouAreMine"],"picked":"expansioncontent:Hexaburn","floor":44},{"not_picked":["bronze:BitShift+1","bronze:Invalidate+1"],"picked":"bronze:OilSpill+1","floor":45},{"not_picked":["bronze:OilSpill+1","bronze:Boost","bronze:Fortify+1"],"picked":"SKIP","floor":45},{"not_picked":["bronze:DelayedGuard+1","bronze:Iterate","bronze:Branch+1"],"picked":"SKIP","floor":49},{"not_picked":["bronze:Philosophize","bronze:Turbo","bronze:Repulsor"],"picked":"SKIP","floor":49}],"player_experience":819607,"relics_obtained":[{"floor":7,"key":"Matryoshka"},{"floor":10,"key":"hexamod:CandleOfCauterizing"},{"floor":13,"key":"Odd Mushroom"},{"floor":14,"key":"bronze:CableSpool"},{"floor":24,"key":"Eternal Feather"},{"floor":24,"key":"Prayer Wheel"},{"floor":27,"key":"Guardian:PocketSentry"},{"floor":30,"key":"MutagenicStrength"},{"floor":40,"key":"Mercury Hourglass"},{"floor":41,"key":"Gremlin Horn"},{"floor":43,"key":"hexamod:BolsterEngine"},{"floor":43,"key":"HornCleat"},{"floor":43,"key":"Pocketwatch"},{"floor":47,"key":"Peace Pipe"}],"event_choices":[{"damage_healed":0,"gold_gain":0,"player_choice":"Fought Mushrooms","damage_taken":0,"max_hp_gain":0,"max_hp_loss":0,"event_name":"Mushrooms","floor":13,"gold_loss":0},{"damage_healed":0,"gold_gain":0,"player_choice":"Fight","damage_taken":0,"max_hp_gain":0,"max_hp_loss":0,"event_name":"Mysterious Sphere","floor":47,"gold_loss":0}],"is_beta":false,"boss_relics":[{"not_picked":["Tiny House","SacredBark"],"picked":"Philosopher\u0027s Stone"},{"not_picked":["Runic Pyramid","Busted Crown"],"picked":"bronze:MakeshiftBattery"}],"items_purged_floors":[38],"is_endless":false,"potions_floor_spawned":[10,12,13,14,15,19,20,32,33,36,45],"ascension_level":1}}