{"host":"t5vp0whyqzs05fb6","time":1613287991,"event":{"mods":["AchievementEnabler","BaseMod","Colored Map","Minty Spire (QoL Compilation)","Rare Cards Sparkle","SuperFastMode","everything is the same but u backflip on backflip"],"gold_per_floor":[113,2,2,2,77,106,126,143,143,162,162,173,173,183,183,282,282,298,397,380,380,101,101,115,115,115,131,166,81,81,81],"floor_reached":30,"language":"KOR","playtime":931,"items_purged":["Strike_G"],"score":275,"play_id":"4e4ec79a-f3e1-4b01-94fd-16daaf963ebb","local_time":"20210214163311","is_ascension_mode":false,"campfire_choices":[{"data":"Quick Slash","floor":13,"key":"SMITH"},{"data":"Cloak And Dagger","floor":15,"key":"SMITH"},{"data":"Madness","floor":23,"key":"SMITH"},{"data":"Acrobatics","floor":25,"key":"SMITH"}],"circlet_count":0,"master_deck":["Survivor","Neutralize","Well Laid Plans","After Image","Quick Slash+1","Leg Sweep","PiercingWail","Cloak And Dagger+1","Grand Finale","Adrenaline","Dash","Crippling Poison","Unload","Escape Plan","Die Die Die","Dodge and Roll","Acrobatics+1","Terror","Dodge and Roll","Madness+1"],"relics":["Ring of the Snake","NeowsBlessing","The Courier","Blue Candle","Pandora\u0027s Box","Membership Card","Calipers","Singing Bowl","Potion Belt","Question Card"],"acts_visited":["Exordium","TheCity"],"potions_floor_usage":[16,28,28],"damage_taken":[{"damage":0,"enemies":"Jaw Worm","floor":1,"turns":1},{"damage":0,"enemies":"3 Sentries","floor":6,"turns":1},{"damage":0,"enemies":"Small Slimes","floor":7,"turns":1},{"damage":5,"enemies":"2 Louse","floor":8,"turns":4},{"damage":0,"enemies":"Large Slime","floor":10,"turns":8},{"damage":0,"enemies":"Blue Slaver","floor":12,"turns":5},{"damage":0,"enemies":"Red Slaver","floor":14,"turns":4},{"damage":20,"enemies":"Slime Boss","floor":16,"turns":17},{"damage":5,"enemies":"Shell Parasite","floor":18,"turns":2},{"damage":19,"enemies":"2 Thieves","floor":20,"turns":4},{"damage":0,"enemies":"Snecko","floor":24,"turns":5},{"damage":8,"enemies":"Snake Plant","floor":27,"turns":3},{"damage":22,"enemies":"Slavers","floor":28,"turns":6},{"damage":27,"enemies":"Masked Bandits","floor":30,"turns":3}],"seed_played":"5865152934622316567","potions_obtained":[{"floor":1,"key":"Ancient Potion"},{"floor":8,"key":"SmokeBomb"},{"floor":14,"key":"Fire Potion"},{"floor":18,"key":"Strength Potion"},{"floor":27,"key":"LiquidMemories"}],"is_trial":false,"path_per_floor":["M","$","?","?","?","E","M","M","T","M","?","M","R","M","R","B",null,"M","?","M","?","$","R","M","R","T","M","E","?","?"],"character_chosen":"THE_SILENT","items_purchased":["Well Laid Plans","Membership Card","Calipers","Madness"],"campfire_rested":0,"item_purchase_floors":[2,22,22,22],"current_hp_per_floor":[70,70,70,75,64,64,64,59,59,59,44,44,44,44,44,24,75,70,70,51,51,51,51,51,51,51,45,25,25,0,0],"gold":81,"neow_bonus":"THREE_ENEMY_KILL","is_daily":false,"chose_seed":false,"campfire_upgraded":4,"win_rate":0.0,"timestamp":1613287991,"path_taken":["M","$","?","?","?","E","M","M","T","M","?","M","R","M","R","BOSS","M","?","M","?","$","R","M","R","T","M","E","?","?"],"items_purchased_type":["Card","Relic","Relic","Card"],"build_version":"2020-12-22","purchased_purges":1,"victory":false,"max_hp_per_floor":[70,70,70,75,75,75,75,75,75,75,75,75,75,75,75,75,75,75,75,75,75,75,75,75,75,75,77,79,79,79,79],"card_choices":[{"not_picked":["Expertise","Dodge and Roll","Slice"],"picked":"SKIP","floor":1},{"not_picked":["PiercingWail","Backflip"],"picked":"After Image","floor":6},{"not_picked":["Poisoned Stab","Flying Knee","Outmaneuver"],"picked":"SKIP","floor":7},{"not_picked":["Acrobatics","Flechettes"],"picked":"Quick Slash","floor":8},{"not_picked":["Flying Knee","Endless Agony"],"picked":"Leg Sweep","floor":10},{"not_picked":["Distraction","Acrobatics"],"picked":"PiercingWail","floor":12},{"not_picked":["Quick Slash","Distraction"],"picked":"Cloak And Dagger","floor":14},{"not_picked":["Corpse Explosion","Wraith Form v2"],"picked":"Grand Finale","floor":16},{"not_picked":["Backflip","Predator"],"picked":"Terror","floor":18},{"not_picked":["Heel Hook","Finisher"],"picked":"Dodge and Roll","floor":20},{"not_picked":["Quick Slash","Slice","Flechettes"],"picked":"SKIP","floor":24},{"not_picked":["Flechettes+1","Slice","Deflect"],"picked":"Singing Bowl","floor":27},{"not_picked":["Blade Dance","Eviscerate+1","Terror"],"picked":"Singing Bowl","floor":28}],"player_experience":219439,"relics_obtained":[{"floor":6,"key":"The Courier"},{"floor":9,"key":"Blue Candle"},{"floor":26,"key":"Singing Bowl"},{"floor":28,"key":"Potion Belt"}],"event_choices":[{"damage_healed":0,"gold_gain":0,"player_choice":"Ignored","damage_taken":0,"max_hp_gain":0,"max_hp_loss":0,"event_name":"Liars Game","floor":3,"gold_loss":0},{"damage_healed":0,"gold_gain":0,"player_choice":"Donut","damage_taken":0,"max_hp_gain":5,"max_hp_loss":0,"event_name":"Big Fish","floor":4,"gold_loss":0},{"damage_healed":0,"gold_gain":75,"player_choice":"Gather Gold","damage_taken":11,"max_hp_gain":0,"max_hp_loss":0,"event_name":"World of Goop","floor":5,"gold_loss":0},{"damage_healed":0,"gold_gain":0,"player_choice":"Entered Light","damage_taken":15,"max_hp_gain":0,"max_hp_loss":0,"event_name":"Shining Light","floor":11,"gold_loss":0,"cards_upgraded":["Defend_G","Strike_G"]},{"damage_healed":0,"gold_gain":99,"player_choice":"Stole From Cult","damage_taken":0,"max_hp_gain":0,"max_hp_loss":0,"event_name":"Nest","floor":19,"gold_loss":0},{"cards_removed":["Deadly Poison"],"damage_healed":0,"gold_gain":0,"player_choice":"Elegance","damage_taken":0,"max_hp_gain":0,"max_hp_loss":0,"event_name":"Back to Basics","floor":21,"gold_loss":0},{"damage_healed":0,"gold_gain":0,"player_choice":"Obtained Relic","damage_taken":0,"relics_obtained":["Question Card"],"max_hp_gain":0,"max_hp_loss":0,"event_name":"Addict","floor":29,"gold_loss":85},{"damage_healed":0,"gold_gain":0,"player_choice":"Fought Bandits","damage_taken":0,"max_hp_gain":0,"max_hp_loss":0,"event_name":"Masked Bandits","floor":30,"gold_loss":0}],"is_beta":false,"boss_relics":[{"not_picked":["Snecko Eye","WristBlade"],"picked":"Pandora\u0027s Box"}],"items_purged_floors":[2],"is_endless":false,"potions_floor_spawned":[1,8,14,18,20,27],"killed_by":"Masked Bandits","ascension_level":0}}