{"host":"m9osufisr3agwk96","time":1613310637,"event":{"mods":["AchievementEnabler","Aspiration","BaseMod","Colored Map","Colored Powertips","Downfall","Duelist Mod","Friendly Minions","GifTheSpireLib","Gremlin Mod","Hermit","Hero for Fun","Highlight Path","Hubris","Minty Spire (QoL Compilation)","Rare Cards Sparkle","Reliquary","Replay The Spire","Shop Mod","StSLib"],"gold_per_floor":[112,112,125,125,137,137,168,180,180,180,199,199,199,199,199,302,302,313,331,350,17,113,113,113,38,38,38,38,38,38,55,55,66,66,162,162,178,178,255,265,281,308,308,162,239,250,279,297,0,15,15,15,15],"floor_reached":52,"language":"ENG","playtime":1663,"items_purged":["Pain"],"score":564,"play_id":"9e7e8e46-e51d-4e95-b4fd-18a8dcecb4af","local_time":"20210214055037","is_ascension_mode":false,"campfire_choices":[{"data":"Eruption","floor":6,"key":"SMITH"},{"floor":10,"key":"REST"},{"data":"ConjureBlade","floor":12,"key":"SMITH"},{"floor":15,"key":"RECALL"},{"floor":23,"key":"REST"},{"floor":29,"key":"REST"},{"floor":32,"key":"REST"},{"data":"BattleHymn","floor":34,"key":"SMITH"},{"floor":43,"key":"REST"},{"floor":51,"key":"REST"}],"circlet_count":0,"master_deck":["Strike_P","Strike_P","Strike_P","Strike_P","Defend_P","Defend_P","Defend_P","Defend_P","Eruption+1","Vigilance","BattleHymn+1","FollowUp+1","SashWhip+1","EmptyFist+1","LikeWater","ConjureBlade+1","Wish","Conclude+1","SandsOfTime+1","Evaluate+1","Pot Of Greed","Pot Of Greed","Conclude+1","Indignation","PathToVictory+1","Pot Of Greed","Sanctity+1","Alpha","Adaptation+1","FollowUp+1","DevaForm","Crescendo+1","CarveReality+1","Parasite","EmptyFist+1","ReachHeaven+1"],"relics":["PureWater","Akabeko","Molten Egg 2","WarpedTongs","Tiny Chest","reliquary:WeakTea","Iron Hammer","Grinning Jar","Garlic","Sozu","Replay:Mystery Machine","Replay:Accelerometer","hubris:BottledRain","Lee\u0027s Waffle","reliquary:FeatherDuster","Nunchaku","Red Mask"],"acts_visited":["Exordium","TheCity","TheBeyond"],"potions_floor_usage":[5,7,14,35,35,35],"damage_taken":[{"damage":6,"enemies":"Jaw Worm","floor":1,"turns":4},{"damage":0,"enemies":"2 Louse","floor":3,"turns":2},{"damage":0,"enemies":"Cultist","floor":5,"turns":1},{"damage":14,"enemies":"Gremlin Nob","floor":7,"turns":4},{"damage":3,"enemies":"Looter","floor":8,"turns":3},{"damage":3,"enemies":"Exordium Wildlife","floor":11,"turns":2},{"damage":0,"enemies":"3 Louse","floor":14,"turns":1},{"damage":50,"enemies":"The Guardian","floor":16,"turns":7},{"damage":2,"enemies":"Chosen","floor":18,"turns":4},{"damage":26,"enemies":"2 Thieves","floor":19,"turns":4},{"damage":6,"enemies":"3 Cultists","floor":20,"turns":4},{"damage":0,"enemies":"Sentry and Sphere","floor":31,"turns":3},{"damage":0,"enemies":"Snecko","floor":33,"turns":2},{"damage":56,"enemies":"Automaton","floor":35,"turns":8},{"damage":0,"enemies":"3 Shapes","floor":37,"turns":2},{"damage":4,"enemies":"Orb Walker","floor":40,"turns":3},{"damage":13,"enemies":"Maw","floor":41,"turns":7},{"damage":56,"enemies":"Reptomancer","floor":42,"turns":5},{"damage":3,"enemies":"Sphere and 2 Shapes","floor":46,"turns":5},{"damage":0,"enemies":"Nemesis","floor":47,"turns":3},{"damage":0,"enemies":"Writhing Mass","floor":48,"turns":5},{"damage":6,"enemies":"Transient","floor":50,"turns":5},{"damage":89,"enemies":"Awakened One","floor":52,"turns":5}],"seed_played":"8646290437515611783","potions_obtained":[{"floor":3,"key":"SkillPotion"},{"floor":5,"key":"Fire Potion"},{"floor":11,"key":"SmokeBomb"},{"floor":18,"key":"Venom Potion"},{"floor":20,"key":"LiquidBronze"},{"floor":35,"key":"Fruit Juice"}],"is_trial":false,"path_per_floor":["M","?","M","?","M","R","E","M","T","R","M","R","?","M","R","B",null,"M","M","M","$","?","R","T","?","T","PTL","PTL","R","$","M","R","M","R","B",null,"M","?","T","M","M","E","R","$","T","M","E","M","?","M","R","B"],"character_chosen":"WATCHER","items_purchased":["Iron Hammer","Lee\u0027s Waffle"],"campfire_rested":6,"item_purchase_floors":[21,44],"current_hp_per_floor":[66,66,66,66,66,66,52,49,49,70,67,67,67,67,67,17,72,70,44,38,38,10,31,31,31,31,31,31,52,52,52,72,72,72,21,77,77,77,77,73,60,4,27,84,84,81,81,81,81,75,84,0,0],"gold":15,"neow_bonus":"RANDOM_COMMON_RELIC","is_daily":false,"chose_seed":false,"campfire_upgraded":3,"win_rate":0.0,"timestamp":1613310637,"path_taken":["M","?","M","?","M","R","E","M","T","R","?","R","?","M","R","BOSS","M","M","M","$","?","R","?","?","T","PTL","PTL","R","?","M","R","M","R","BOSS","M","?","?","M","M","E","R","$","T","M","E","M","?","M","R","BOSS"],"items_purchased_type":["Relic","Relic"],"build_version":"2020-12-22","purchased_purges":1,"victory":false,"max_hp_per_floor":[72,72,72,72,72,72,72,72,72,72,72,72,72,72,72,72,72,72,72,72,72,72,72,72,72,72,72,72,72,72,72,72,72,72,77,77,77,77,77,77,77,77,77,84,84,84,84,84,84,84,84,84,84],"card_choices":[{"not_picked":["CrushJoints","WheelKick"],"picked":"BattleHymn","floor":1},{"not_picked":["Crescendo","FlyingSleeves+1"],"picked":"FollowUp+1","floor":3},{"not_picked":["Nirvana","Wireheading"],"picked":"SashWhip+1","floor":5},{"not_picked":["JustLucky+1","FollowUp+1"],"picked":"EmptyFist+1","floor":7},{"not_picked":["EmptyBody","Replay:ManipulateFuture"],"picked":"LikeWater","floor":8},{"not_picked":["ClearTheMind","Protect"],"picked":"ConjureBlade","floor":11},{"not_picked":["DevaForm","Replay:LoomingThreat"],"picked":"Wish","floor":16},{"not_picked":["Study","JustLucky+1"],"picked":"Conclude+1","floor":18},{"not_picked":["Replay:BluntJabs+1","ClearTheMind"],"picked":"SandsOfTime+1","floor":19},{"not_picked":["FollowUp+1","Pray"],"picked":"Evaluate+1","floor":20},{"not_picked":["Worship","ClearTheMind"],"picked":"Conclude+1","floor":22},{"not_picked":["Collect","WindmillStrike+1"],"picked":"Indignation","floor":22},{"not_picked":["Replay:Anticipation","Wish"],"picked":"PathToVictory+1","floor":31},{"not_picked":["Prostrate","FollowUp+1"],"picked":"Sanctity+1","floor":33},{"not_picked":["Judgement","Brilliance+1"],"picked":"Alpha","floor":35},{"not_picked":["Replay:AtTheReady+1","ClearTheMind"],"picked":"Adaptation+1","floor":37},{"not_picked":["Sanctity","Nirvana"],"picked":"FollowUp+1","floor":40},{"not_picked":["JustLucky+1","CutThroughFate+1","Sanctity"],"picked":"SKIP","floor":41},{"not_picked":["ReachHeaven+1","EmptyFist+1"],"picked":"DevaForm","floor":42},{"not_picked":["JustLucky+1","FollowUp+1"],"picked":"Crescendo+1","floor":46},{"not_picked":["Conclude+1","EmptyBody"],"picked":"CarveReality+1","floor":47},{"not_picked":["Replay:ManipulateFuture","Fasting2+1"],"picked":"EmptyFist+1","floor":48},{"not_picked":["Protect+1","Indignation"],"picked":"ReachHeaven+1","floor":50}],"player_experience":493412,"relics_obtained":[{"floor":7,"key":"Tiny Chest"},{"floor":9,"key":"reliquary:WeakTea"},{"floor":22,"key":"Grinning Jar"},{"floor":24,"key":"Garlic"},{"floor":38,"key":"Replay:Mystery Machine"},{"floor":39,"key":"Replay:Accelerometer"},{"floor":42,"key":"hubris:BottledRain"},{"floor":45,"key":"reliquary:FeatherDuster"},{"floor":47,"key":"Nunchaku"}],"event_choices":[{"damage_healed":0,"gold_gain":0,"player_choice":"Rummage","damage_taken":0,"relics_obtained":["WarpedTongs"],"max_hp_gain":0,"max_hp_loss":0,"event_name":"Accursed Blacksmith","floor":4,"gold_loss":0,"cards_obtained":["Pain"]},{"cards_removed":["Injury"],"damage_healed":0,"gold_gain":0,"player_choice":"Gave Gold","damage_taken":0,"max_hp_gain":0,"max_hp_loss":0,"event_name":"Beggar","floor":25,"gold_loss":75},{"damage_healed":0,"gold_gain":0,"player_choice":"Relic","damage_taken":0,"max_hp_gain":0,"max_hp_loss":0,"event_name":"Wheel of Change","floor":38,"gold_loss":0},{"damage_healed":0,"gold_gain":0,"player_choice":"Paid","damage_taken":0,"relics_obtained":["Red Mask"],"max_hp_gain":0,"max_hp_loss":0,"event_name":"Tomb of Lord Red Mask","floor":49,"gold_loss":297}],"is_beta":false,"boss_relics":[{"not_picked":["Snecko Eye","aspiration:SecretTechniqueScroll","Velvet Choker"]},{"not_picked":["ReplayTheSpireMod:DimensionalGlitch","Replay:Bronze Core"],"picked":"Sozu"}],"items_purged_floors":[21],"is_endless":false,"potions_floor_spawned":[3,5,11,14,18,20,35,37,47,48,50],"killed_by":"Awakened One","ascension_level":0}}