{"host":"k5dhp0bkccqfauyu","time":1613310859,"event":{"mods":["BaseMod","Better Note","Better Skull","Better Vampires","Colored Map","Colored Powertips","DeckTracker","Minty Spire (QoL Compilation)","Permanent Neow","StSLib","SuperFastMode"],"gold_per_floor":[118,138,150,170,189,216,216,249,249,262,262,274,274,285,285,383,383,394,304,79,92,112,137,137,169,169,169,202,162,162,14,14,114,114,124,142,142,142,142,142,174,174,174,174,188,261,286,286,286,286,286,286,44,73,73,73],"floor_reached":55,"language":"ENG","playtime":2502,"items_purged":["Defend_G","Strike_G+1"],"score":859,"play_id":"8f6b7fa5-2a38-4528-91e2-c344f6f09b6c","local_time":"20210215005419","is_ascension_mode":true,"campfire_choices":[{"data":"Prepared","floor":7,"key":"SMITH"},{"data":"Die Die Die","floor":11,"key":"SMITH"},{"data":"Calculated Gamble","floor":13,"key":"SMITH"},{"data":"Eviscerate","floor":15,"key":"SMITH"},{"data":"Tactician","floor":24,"key":"SMITH"},{"floor":27,"key":"REST"},{"data":"Expertise","floor":32,"key":"SMITH"},{"data":"Burst","floor":40,"key":"SMITH"},{"data":"Malaise","floor":42,"key":"SMITH"},{"data":"Tools of the Trade","floor":44,"key":"SMITH"},{"floor":49,"key":"RECALL"},{"data":"Night Terror","floor":52,"key":"SMITH"}],"circlet_count":0,"master_deck":["Defend_G","Defend_G","Defend_G","Defend_G","Survivor","Neutralize","Eviscerate+1","Calculated Gamble+1","Quick Slash","Prepared+1","Terror","Die Die Die+1","Tactician+1","Dagger Spray","Grand Finale","Expertise+1","Prepared+1","Quick Slash+1","Sucker Punch+1","Unload+1","Malaise+1","Burst+1","PiercingWail+1","Dramatic Entrance","Tools of the Trade+1","Heel Hook+1","Envenom","Night Terror+1","Reflex","Well Laid Plans+1","Leg Sweep"],"relics":["Ring of the Snake","Ornamental Fan","Paper Crane","StrikeDummy","Empty Cage","Vajra","Boot","Mercury Hourglass","StoneCalendar","Nloth\u0027s Gift","Orrery","Sozu","Bag of Marbles","Bottled Lightning","Oddly Smooth Stone","Frozen Egg 2","Sundial"],"acts_visited":["Exordium","TheCity","TheBeyond","TheEnding"],"potions_floor_usage":[6,18,21,21,23,28,33,33,55],"damage_taken":[{"damage":4,"enemies":"Cultist","floor":1,"turns":5},{"damage":0,"enemies":"2 Louse","floor":2,"turns":3},{"damage":2,"enemies":"Small Slimes","floor":3,"turns":3},{"damage":0,"enemies":"3 Louse","floor":4,"turns":3},{"damage":0,"enemies":"2 Fungi Beasts","floor":5,"turns":3},{"damage":8,"enemies":"Lagavulin","floor":6,"turns":6},{"damage":10,"enemies":"3 Sentries","floor":8,"turns":10},{"damage":0,"enemies":"Blue Slaver","floor":10,"turns":2},{"damage":0,"enemies":"Large Slime","floor":12,"turns":4},{"damage":0,"enemies":"Looter","floor":14,"turns":2},{"damage":0,"enemies":"Slime Boss","floor":16,"turns":6},{"damage":13,"enemies":"Spheric Guardian","floor":18,"turns":4},{"damage":5,"enemies":"2 Thieves","floor":21,"turns":3},{"damage":0,"enemies":"Centurion and Healer","floor":22,"turns":3},{"damage":7,"enemies":"Gremlin Leader","floor":23,"turns":5},{"damage":15,"enemies":"Slavers","floor":25,"turns":5},{"damage":2,"enemies":"Book of Stabbing","floor":28,"turns":3},{"damage":33,"enemies":"Automaton","floor":33,"turns":7},{"damage":0,"enemies":"3 Darklings","floor":35,"turns":3},{"damage":0,"enemies":"3 Shapes","floor":36,"turns":3},{"damage":20,"enemies":"Nemesis","floor":41,"turns":6},{"damage":0,"enemies":"Maw","floor":45,"turns":6},{"damage":0,"enemies":"Giant Head","floor":47,"turns":6},{"damage":48,"enemies":"Donu and Deca","floor":50,"turns":11},{"damage":31,"enemies":"Shield and Spear","floor":54,"turns":7},{"damage":39,"enemies":"The Heart","floor":55,"turns":6}],"seed_played":"-1024416637003157248","potions_obtained":[{"floor":1,"key":"SpeedPotion"},{"floor":4,"key":"AttackPotion"},{"floor":8,"key":"Poison Potion"},{"floor":12,"key":"BlessingOfTheForge"},{"floor":14,"key":"LiquidMemories"},{"floor":18,"key":"Poison Potion"},{"floor":23,"key":"Dexterity Potion"},{"floor":25,"key":"Ancient Potion"},{"floor":29,"key":"SteroidPotion"},{"floor":29,"key":"Ancient Potion"}],"is_trial":false,"path_per_floor":["M","M","M","M","M","E","R","E","T","M","R","M","R","M","R","B",null,"M","?","$","M","M","E","R","E","T","R","E","?","?","$","R","B",null,"M","M","?","?","?","R","E","R","T","R","M","T","E","T","R","B",null,"R","$","E","B"],"character_chosen":"THE_SILENT","items_purchased":["Vajra","Orrery","Reflex","Well Laid Plans+1"],"campfire_rested":1,"item_purchase_floors":[20,31,53,53],"current_hp_per_floor":[66,66,64,64,64,56,56,46,46,46,46,46,46,46,46,46,70,57,57,57,52,52,45,45,30,30,51,49,49,49,49,49,16,70,70,70,70,70,70,70,50,50,50,50,50,50,50,50,50,2,70,70,70,39,0,0],"gold":73,"neow_bonus":"REMOVE_CARD","is_daily":false,"chose_seed":false,"campfire_upgraded":10,"win_rate":0.0,"timestamp":1613310859,"path_taken":["M","M","M","M","M","E","R","E","T","?","R","M","R","M","R","BOSS","M","?","$","M","M","E","R","E","T","R","E","?","?","$","R","BOSS","M","M","?","?","?","R","E","R","T","R","?","?","E","?","R","BOSS","R","$","E","BOSS"],"items_purchased_type":["Relic","Relic","Card","Card"],"build_version":"2020-12-22","purchased_purges":2,"victory":false,"max_hp_per_floor":[70,70,70,70,70,70,70,70,70,70,70,70,70,70,70,70,70,70,70,70,70,70,70,70,70,70,70,70,70,70,70,70,70,70,70,70,70,70,70,70,70,70,70,70,70,70,70,70,70,70,70,70,70,70,70,70],"card_choices":[{"not_picked":["Cloak And Dagger","Dodge and Roll"],"picked":"Eviscerate","floor":1},{"not_picked":["Poisoned Stab","Dagger Throw"],"picked":"Calculated Gamble","floor":2},{"not_picked":["Infinite Blades","Underhanded Strike"],"picked":"Quick Slash","floor":3},{"not_picked":["Riddle With Holes","Distraction","Underhanded Strike"],"picked":"SKIP","floor":4},{"not_picked":["Deflect","Bane"],"picked":"Prepared","floor":5},{"not_picked":["Well Laid Plans","Slice"],"picked":"Terror","floor":6},{"not_picked":["PiercingWail","Poisoned Stab"],"picked":"Die Die Die","floor":8},{"not_picked":["Dagger Throw","Cloak And Dagger","Outmaneuver"],"picked":"SKIP","floor":10},{"not_picked":["Distraction","Dagger Throw"],"picked":"Tactician","floor":12},{"not_picked":["Sucker Punch","Outmaneuver"],"picked":"Dagger Spray","floor":14},{"not_picked":["Venomology","Die Die Die"],"picked":"Grand Finale","floor":16},{"not_picked":["Deadly Poison","Flying Knee"],"picked":"Expertise","floor":18},{"not_picked":["Deadly Poison","Expertise+1"],"picked":"Prepared+1","floor":21},{"not_picked":["Sucker Punch+1","Deadly Poison"],"picked":"Quick Slash+1","floor":22},{"not_picked":["Deadly Poison","PiercingWail","Flying Knee+1"],"picked":"SKIP","floor":23},{"not_picked":["Poisoned Stab+1","Distraction"],"picked":"Sucker Punch+1","floor":25},{"not_picked":["Deflect","Catalyst"],"picked":"Unload+1","floor":28},{"not_picked":["Unload","Riddle With Holes"],"picked":"Footwork","floor":31},{"not_picked":["Catalyst","Flechettes+1"],"picked":"Malaise","floor":31},{"not_picked":["A Thousand Cuts","Night Terror"],"picked":"Burst","floor":33},{"not_picked":["Backstab+1","Finisher","Choke"],"picked":"SKIP","floor":35},{"not_picked":["Accuracy","Blade Dance"],"picked":"PiercingWail+1","floor":36},{"not_picked":["All Out Attack+1","Choke"],"picked":"Heel Hook+1","floor":41},{"not_picked":["Noxious Fumes+1","Dash"],"picked":"Envenom","floor":45},{"not_picked":["Catalyst+1","Finisher"],"picked":"Night Terror","floor":47},{"not_picked":["Dagger Throw","Corpse Explosion"],"picked":"Leg Sweep","floor":54}],"player_experience":1869727,"relics_obtained":[{"floor":6,"key":"Ornamental Fan"},{"floor":8,"key":"Paper Crane"},{"floor":9,"key":"StrikeDummy"},{"floor":23,"key":"Molten Egg 2"},{"floor":25,"key":"Boot"},{"floor":26,"key":"Mercury Hourglass"},{"floor":28,"key":"StoneCalendar"},{"floor":41,"key":"Bag of Marbles"},{"floor":46,"key":"Bottled Lightning"},{"floor":47,"key":"Oddly Smooth Stone"},{"floor":48,"key":"Frozen Egg 2"},{"floor":54,"key":"Sundial"}],"event_choices":[{"cards_removed":["Strike_G"],"damage_healed":0,"gold_gain":0,"player_choice":"Upgrade and Remove","damage_taken":0,"max_hp_gain":0,"max_hp_loss":0,"event_name":"Designer","floor":19,"gold_loss":90,"cards_upgraded":["Strike_G"]},{"damage_healed":0,"gold_gain":0,"player_choice":"Bought 3 Potions","damage_taken":0,"max_hp_gain":0,"max_hp_loss":0,"event_name":"The Woman in Blue","floor":29,"gold_loss":0},{"damage_healed":0,"gold_gain":0,"player_choice":"Traded Relic","damage_taken":0,"relics_obtained":["Nloth\u0027s Gift"],"max_hp_gain":0,"max_hp_loss":0,"event_name":"N\u0027loth","floor":30,"relics_lost":["Molten Egg 2"],"gold_loss":0},{"cards_removed":["Footwork"],"damage_healed":0,"gold_gain":0,"player_choice":"Removed Power","damage_taken":0,"max_hp_gain":0,"max_hp_loss":0,"event_name":"Falling","floor":37,"gold_loss":0},{"damage_healed":0,"gold_gain":0,"player_choice":"Ignored","damage_taken":0,"max_hp_gain":0,"max_hp_loss":0,"event_name":"Tomb of Lord Red Mask","floor":38,"gold_loss":0},{"damage_healed":0,"gold_gain":0,"player_choice":"2 cards matched","damage_taken":0,"max_hp_gain":0,"max_hp_loss":0,"event_name":"Match and Keep!","floor":39,"gold_loss":0,"cards_obtained":["Dramatic Entrance","Tools of the Trade"]}],"is_beta":false,"boss_relics":[{"not_picked":["Coffee Dripper","Calling Bell"],"picked":"Empty Cage"},{"not_picked":["Black Star","Velvet Choker"],"picked":"Sozu"}],"items_purged_floors":[20,53],"is_endless":false,"potions_floor_spawned":[1,4,8,12,14,18,23,25,35,47],"killed_by":"The Heart","ascension_level":1}}