{"host":"vrsxkkch9ccrec7k","time":1613277143,"event":{"mods":["Act Like it!","BaseMod","Bestiary","Better Altar","Better Match","Better Note","Better Sensory Stone","Better Skull","Better Third Choice","Better Vampires","Downfall","Minty Spire (QoL Compilation)","Permanent Neow","Relic Stats","Spicy Shops","StSLib"],"gold_per_floor":[199,199,34,134,148,148,172,192,192,209,209,209,243,543,559,654,654,654,669,769,919,919,935,935,935,961,861,876,895,926,90,104,209,209,209,223,223,29,46,46,46,65,65,78,78,95,95,20,35,35],"floor_reached":51,"language":"ENG","playtime":3350,"items_purged":["bronze:Strike","bronze:Strike","Injury"],"score":1146,"play_id":"931d865c-54d8-4077-9c57-83a8e9ddaadf","local_time":"20210213233223","is_ascension_mode":true,"campfire_choices":[{"data":"bronze:Goto","floor":1.0,"key":"SMITH"},{"data":"bronze:WhirlingStrike","floor":6.0,"key":"SMITH"},{"floor":11.0,"key":"REST"},{"data":"bronze:HardenedForm","floor":18,"key":"SMITH"},{"floor":25,"key":"REST"},{"data":"bronze:Terminator","floor":27,"key":"SMITH"},{"data":"bronze:Library","floor":35,"key":"SMITH"},{"data":"bronze:Optimize","floor":40,"key":"SMITH"},{"data":"bronze:ClassDefault","floor":45,"key":"SMITH"},{"data":"bronze:Fortify","floor":47,"key":"SMITH"}],"circlet_count":0,"master_deck":["AscendersBane","bronze:Strike","bronze:Strike","bronze:Defend","bronze:Defend","bronze:Defend","bronze:Defend","bronze:Replicate","bronze:Goto+1","bronze:BugBarrage","bronze:WhirlingStrike+1","bronze:Terminator+1","bronze:DelayedSlice","bronze:InfiniteLoop","bronze:HardenedForm+1","bronze:Repair","bronze:ForLoop","bronze:InfiniteLoop","bronze:ChildClass","bronze:Fortify+1","bronze:Deprecate+1","bronze:Library+1","bronze:CutThrough+1","bronze:Optimize+1","bronze:HardenedForm+1","bronze:ClassDefault+1","Parasite","bronze:Repulsor"],"relics":["bronze:PlatinumCore","Sling","Anchor","Juzu Bracelet","bronze:Mallet","The Courier","downfall:RedIOU","Eternal Feather","Pantograph","downfall:HeartBlessingGreen","Guardian:PocketSentry","Mummified Hand","Vajra","Frozen Eye","Bag of Preparation","Nunchaku","Bag of Marbles","sneckomod:SneckoTalon","OrangePellets","DollysMirror","Strawberry"],"acts_visited":["Exordium","TheCity","TheBeyond"],"potions_floor_usage":[26,28,33,33,50],"damage_taken":[{"damage":5.0,"enemies":"downfall:FleeingMerchant","floor":3.0,"turns":4.0},{"damage":0.0,"enemies":"Small Slimes","floor":5.0,"turns":3.0},{"damage":1.0,"enemies":"2 Louse","floor":8.0,"turns":3.0},{"damage":0.0,"enemies":"Jaw Worm","floor":10.0,"turns":4.0},{"damage":0.0,"enemies":"Gremlin Nob","floor":13.0,"turns":1.0},{"damage":1.0,"enemies":"Exordium Thugs","floor":15.0,"turns":2.0},{"damage":34.0,"enemies":"IC_STATUS_ARCHETYPE","floor":16.0,"turns":8.0},{"damage":0,"enemies":"3 Byrds","floor":19,"turns":3},{"damage":49,"enemies":"Colosseum Nobs","floor":20,"turns":4},{"damage":7,"enemies":"Shell Parasite","floor":23,"turns":5},{"damage":0,"enemies":"Gremlin Leader","floor":26,"turns":4},{"damage":16,"enemies":"Centurion and Healer","floor":28,"turns":7},{"damage":2,"enemies":"Shelled Parasite and Fungi","floor":29,"turns":5},{"damage":6,"enemies":"Slavers","floor":30,"turns":2},{"damage":9,"enemies":"downfall:FleeingMerchant","floor":31,"turns":4},{"damage":0,"enemies":"Cultist and Chosen","floor":32,"turns":3},{"damage":46,"enemies":"DF_ARCHETYPE_CLAW","floor":33,"turns":10},{"damage":8,"enemies":"Orb Walker","floor":36,"turns":3},{"damage":0,"enemies":"downfall:FleeingMerchant","floor":38,"turns":3},{"damage":8,"enemies":"3 Shapes","floor":39,"turns":2},{"damage":0,"enemies":"3 Darklings","floor":42,"turns":3},{"damage":0,"enemies":"Writhing Mass","floor":44,"turns":6},{"damage":0,"enemies":"Transient","floor":46,"turns":5},{"damage":0,"enemies":"3 Darklings","floor":49,"turns":4},{"damage":42,"enemies":"SI_POISON_ARCHETYPE","floor":50,"turns":13}],"seed_played":"5917165361293343134","potions_obtained":[{"floor":5.0,"key":"ColorlessPotion"},{"floor":8.0,"key":"SteroidPotion"},{"floor":10.0,"key":"FearPotion"},{"floor":19,"key":"CultistPotion"},{"floor":20,"key":"Swift Potion"},{"floor":26,"key":"LiquidMemories"},{"floor":30,"key":"ColorlessPotion"},{"floor":33,"key":"GamblersBrew"},{"floor":39,"key":"FearPotion"},{"floor":44,"key":"Block Potion"},{"floor":46,"key":"Dexterity Potion"}],"is_trial":false,"path_per_floor":["R","?","$","?","M","R","T","M","?","M","R","T","E","?","M","B",null,"R","M","?","?","?","M","T","R","E","R","M","M","E","$","M","B",null,"R","M","?","$","M","R","T","M","$","M","R","M","R","?","M","B",null],"character_chosen":"THE_AUTOMATON","items_purchased":["Sling","Mummified Hand","Vajra","Frozen Eye","Bag of Preparation","Nunchaku","Bag of Marbles","bronze:Deprecate","bronze:Optimize","OrangePellets","DollysMirror","Strawberry"],"campfire_rested":2,"item_purchase_floors":[3,31,31,31,31,31,31,31,38,38,38,38],"current_hp_per_floor":[63,63,58,58,58,58,58,57,45,45,66,66,66,66,65,31,60,60,60,11,11,11,12,12,42,56,65,54,61,62,61,69,31,60,70,62,62,77,69,77,77,77,77,77,77,77,77,77,77,35],"gold":35,"neow_bonus":"HUNDRED_GOLD","is_daily":false,"chose_seed":false,"campfire_upgraded":8,"win_rate":0.0,"timestamp":1613277143,"path_taken":["R","?","$","?","M","R","T","M","?","?","R","?","E","?","M","BOSS","R","M","?","?","?","M","T","R","E","R","M","M","E","$","M","BOSS","R","M","?","$","M","R","T","M","?","M","R","M","R","?","M","BOSS"],"items_purchased_type":["Relic","Relic","Relic","Relic","Relic","Relic","Relic","Card","Card","Relic","Relic","Relic"],"build_version":"2020-12-22","purchased_purges":3,"victory":true,"max_hp_per_floor":[70,70,70,70,70,70,70,70,70,70,70,70,70,70,70,70,70,70,70,70,70,70,70,70,70,70,70,70,70,70,70,70,70,70,70,70,70,77,77,77,77,77,77,77,77,77,77,77,77,77],"relic_stats":{"OrangePellets":[8],"Nunchaku":[16],"counters":[25,111],"Mummified Hand":[35],"Pantograph":1,"Eternal Feather":36,"Juzu Bracelet":1,"Bag of Preparation":[20],"obtain_stats":[{"bronze:PlatinumCore":17,"bronze:BronzeCore":0,"Vajra":31,"Eternal Feather":24,"downfall:HeartBlessingGreen":27,"The Courier":20,"Omamori":7,"Juzu Bracelet":13,"Guardian:PocketSentry":30,"Bag of Preparation":31,"bronze:Mallet":20,"Sling":3,"sneckomod:SneckoTalon":34,"Frozen Eye":31,"OrangePellets":38,"Anchor":9,"Nunchaku":31,"Slimebound:StickyStick":12,"Mummified Hand":31,"DollysMirror":38,"Pantograph":26,"Strawberry":38,"downfall:RedIOU":22,"Bag of Marbles":31},{"bronze:PlatinumCore":7,"bronze:BronzeCore":0,"Vajra":15,"Eternal Feather":10,"downfall:HeartBlessingGreen":11,"The Courier":9,"Omamori":2,"Juzu Bracelet":5,"Guardian:PocketSentry":14,"Bag of Preparation":15,"bronze:Mallet":9,"Sling":1,"sneckomod:SneckoTalon":17,"Frozen Eye":15,"OrangePellets":19,"Anchor":3,"Nunchaku":15,"Slimebound:StickyStick":4,"Mummified Hand":15,"DollysMirror":19,"Pantograph":11,"Strawberry":19,"downfall:RedIOU":9,"Bag of Marbles":15},{"bronze:PlatinumCore":25,"bronze:BronzeCore":0,"Vajra":59,"Eternal Feather":37,"downfall:HeartBlessingGreen":41,"The Courier":32,"Omamori":7,"Juzu Bracelet":15,"Guardian:PocketSentry":55,"Bag of Preparation":59,"bronze:Mallet":32,"Sling":4,"sneckomod:SneckoTalon":72,"Frozen Eye":59,"OrangePellets":78,"Anchor":10,"Nunchaku":59,"Slimebound:StickyStick":14,"Mummified Hand":59,"DollysMirror":78,"Pantograph":41,"Strawberry":78,"downfall:RedIOU":32,"Bag of Marbles":59}]},"card_choices":[{"not_picked":["bronze:Overload","bronze:Branch"],"picked":"bronze:BugBarrage","floor":3.0},{"not_picked":["bronze:BitShift","bronze:DigitalCarnage"],"picked":"bronze:WhirlingStrike","floor":5.0},{"not_picked":["bronze:Allocate","bronze:WhirlingStrike"],"picked":"bronze:Terminator","floor":8.0},{"not_picked":["bronze:Safeguard","bronze:BitShift"],"picked":"bronze:DelayedSlice","floor":10.0},{"not_picked":["bronze:Frontload","bronze:Optimize"],"picked":"bronze:InfiniteLoop","floor":13.0},{"not_picked":["bronze:BitShift","bronze:ChosenStrike","bronze:OilSpill"],"picked":"SKIP","floor":15.0},{"not_picked":["bronze:InfiniteLoop","bronze:Format"],"picked":"bronze:HardenedForm","floor":16.0},{"not_picked":["bronze:NullPointer+1","bronze:Iterate","bronze:BuggyMess"],"picked":"SKIP","floor":19},{"not_picked":["bronze:MaxOutput","bronze:Shield+1"],"picked":"bronze:Repair","floor":20},{"not_picked":["bronze:GetLatest","bronze:Refactor+1"],"picked":"bronze:ForLoop","floor":23},{"not_picked":["bronze:FineTuning","bronze:Backtrace","bronze:Shield"],"picked":"SKIP","floor":26},{"not_picked":["bronze:MaxOutput","bronze:Terminator"],"picked":"bronze:InfiniteLoop","floor":28},{"not_picked":["bronze:WildBeam+1","bronze:Deprecate"],"picked":"bronze:ChildClass","floor":29},{"not_picked":["bronze:Library","bronze:Invalidate","bronze:Overload+1"],"picked":"SKIP","floor":30},{"not_picked":["bronze:Deprecate","bronze:BurnOut"],"picked":"bronze:Fortify","floor":31},{"not_picked":["bronze:Separator","bronze:WhirlingStrike","bronze:FollowUp"],"picked":"SKIP","floor":32},{"not_picked":["bronze:SpaghettiCode","bronze:InfiniteLoop"],"picked":"bronze:Library","floor":33},{"not_picked":["bronze:Iterate","bronze:BronzeArmor","bronze:DelayedSlice+1"],"picked":"SKIP","floor":36},{"not_picked":["bronze:BronzeArmor","bronze:Safeguard"],"picked":"bronze:CutThrough+1","floor":38},{"not_picked":["bronze:Overload+1","bronze:BugBarrage"],"picked":"bronze:ClassDefault","floor":39},{"not_picked":["bronze:Shield","bronze:DelayedSlice","bronze:Iterate"],"picked":"SKIP","floor":42},{"not_picked":["bronze:Safeguard","bronze:GetLatest","bronze:Deprecate"],"picked":"SKIP","floor":44},{"not_picked":["bronze:Safeguard","bronze:GetLatest","bronze:Deprecate"],"picked":"SKIP","floor":44},{"not_picked":["bronze:Philosophize","bronze:Iterate","bronze:BuggyMess+1"],"picked":"SKIP","floor":46},{"not_picked":["bronze:OilSpill","bronze:DarkDash"],"picked":"bronze:Repulsor","floor":49}],"player_experience":1907279,"relics_obtained":[{"floor":7.0,"key":"Omamori"},{"floor":12.0,"key":"Slimebound:StickyStick"},{"floor":13.0,"key":"Juzu Bracelet"},{"floor":20,"key":"bronze:Mallet"},{"floor":20,"key":"The Courier"},{"floor":24,"key":"Eternal Feather"},{"floor":26,"key":"Pantograph"},{"floor":30,"key":"Guardian:PocketSentry"}],"event_choices":[{"damage_healed":0.0,"max_hp_gain":0.0,"max_hp_loss":0.0,"gold_gain":0.0,"event_name":"betterThird:BetterScrap","player_choice":"Relic ","floor":9.0,"gold_loss":0.0,"damage_taken":12.0,"cards_obtained":["All For One"]},{"damage_healed":0,"gold_gain":0,"player_choice":"2","damage_taken":0,"max_hp_gain":0,"max_hp_loss":0,"event_name":"betterMatch:BetterMatch","floor":48,"gold_loss":0,"cards_obtained":["betterMatch:ColorlessUncommonCard"]}],"is_beta":false,"boss_relics":[{"not_picked":["Coffee Dripper","Cursed Key"],"picked":"bronze:PlatinumCore"},{"not_picked":["SlaversCollar","Busted Crown"],"picked":"sneckomod:SneckoTalon"}],"items_purged_floors":[31,38,38],"is_endless":false,"potions_floor_spawned":[5,8,10,19,20,26,30,33,39,44,46],"ascension_level":12}}