{"host":"g75gtovmj0ine2rf","time":1613299261,"event":{"mods":["2.2 Compatiblity","AchievementEnabler","Act Like it!","Arknights","Aspiration","Astrologer","Bard","BaseMod","Better Match","BetterRewards","Bossed Relics","CapriCore","Challenge The Spire","ChefMod","Clockwork Mod","Colored Map","Conspire","Elementarium","Energized Spire","Friendly Minions","Gensokyo","Halation","Hallownest","Hermit","HexUI Lib","Highlight Path","Hubris","Infinite Spire","Jedi Mod","Lobotomy","Menagerie","Minty Spire (QoL Compilation)","Puzzle Mod","Quick Restart","Rare Cards Sparkle","Relic Stats","Replay The Spire","Robot Space Explorer","Shade Mod","Shop Mod","Spicy Shops","StSLib","SuperFastMode","The Construct","The Cursed","The Dragon Tamer","The Juggle","The Jungle","The Marked","The Runesmith","The Showman","The Witch","TheBandit","TheFirefly","TheSwordswoman","TheVacant","TheVelvet","Transform Curses","Wandering Minibosses","thorton"],"gold_per_floor":[115,115,127,63,72,87,87,99,99,105,105,113,113,113,113,162,162,197,122,122,122,461,461,471,471,525,533,569,569,319,326,326,404,404,413,413,424,424,424,442,442,451,451,785,798,710,710,710,710,512,512,512,46,77,0],"floor_reached":56,"language":"ENG","playtime":3095,"items_purged":[],"score":1212,"play_id":"969a5ac8-bcdb-4eef-9083-55b8e79f1316","local_time":"20210214214101","is_ascension_mode":false,"campfire_choices":[{"data":"ZombieSpit","floor":7.0,"key":"SMITH"},{"data":"Hexguard","floor":11.0,"key":"SMITH"},{"data":"BloodSabbath","floor":15.0,"key":"SMITH"},{"data":"Defend_Witch","floor":23.0,"key":"SMITH"},{"data":"MysticUnburial","floor":25.0,"key":"SMITH"},{"data":"Defend_Witch","floor":29.0,"key":"SMITH"},{"data":"infinitespire:Collect","floor":32.0,"key":"SMITH"},{"floor":47.0,"key":"REST"},{"floor":49.0,"key":"RECALL"},{"data":"DeliriumForm","floor":52,"key":"SMITH"}],"circlet_count":0,"master_deck":["Strike_Witch","Strike_Witch","Strike_Witch","Strike_Witch","Defend_Witch","Defend_Witch","Defend_Witch+1","Defend_Witch+1","Hexguard+1","ZombieSpit+1","Athame","CorruptBlood","BloodSabbath+1","TwistedMind","MysticUnburial+1","infinitespire:Collect+1","CorruptBlood+1","Twitch","DeliriumForm+1","VileEgg+1","Schadenfreude","SummonRatFamiliar","Schadenfreude","GrimVengeance","GrimVengeance"],"relics":["BlackCat","jedi:purplefairy","halation:EternalFortune","Menagerie:Aurumvore","PreservedInsect","Turnip","Regal Pillow","thethorton:GreedFountain","Juzu Bracelet","The Courier","Hallownest:UnbreakableCardRelic","aspiration:PoetsPen_weak","Replay:Wax Seal","halation:PinkSoulGem","Ancient Tea Set","infinitespire:Midas Blood","wanderingMiniBosses:LockLocket","Toy Ornithopter","halation:KoshaPiece"],"acts_visited":["Exordium","Menagerie:Menagerie","Hallownest:CityofTears","TheEnding"],"potions_floor_usage":[50,50,55],"damage_taken":[{"damage":1.0,"enemies":"Menagerie:StygianBoar","floor":1.0,"turns":4.0},{"damage":0.0,"enemies":"Menagerie:WhisperingWraith","floor":3.0,"turns":4.0},{"damage":0.0,"enemies":"Menagerie:2_RABBITS","floor":5.0,"turns":5.0},{"damage":25.0,"enemies":"Menagerie:MaskedSummoner","floor":6.0,"turns":12.0},{"damage":29.0,"enemies":"Menagerie:Hydra","floor":8.0,"turns":5.0},{"damage":0.0,"enemies":"Menagerie:Hexasnake","floor":10.0,"turns":3.0},{"damage":0.0,"enemies":"Menagerie:STYGIAN_BOAR_AND_RABBIT","floor":12.0,"turns":5.0},{"damage":29.0,"enemies":"Menagerie:AVATARS","floor":16.0,"turns":5.0},{"damage":40.0,"enemies":"Hallownest:2_Mistakes","floor":18.0,"turns":11.0},{"damage":19.0,"enemies":"Hallownest:Guard_and_Sentry","floor":24.0,"turns":7.0},{"damage":18.0,"enemies":"Hallownest:2_Husk_Sentries","floor":27.0,"turns":5.0},{"damage":23.0,"enemies":"Hallownest:Glutton_and_Coward","floor":28.0,"turns":4.0},{"damage":20.0,"enemies":"Hallownest:Master_and_Novice","floor":31.0,"turns":6.0},{"damage":19.0,"enemies":"Hallownest:BossGrimm","floor":33.0,"turns":11.0},{"damage":24.0,"enemies":"Gensokyo:AncientGuardian","floor":35.0,"turns":5.0},{"damage":0.0,"enemies":"Gensokyo:3_Bats","floor":37.0,"turns":3.0},{"damage":20.0,"enemies":"Gensokyo:Marisa","floor":40.0,"turns":4.0},{"damage":11.0,"enemies":"Gensokyo:3_Boulders","floor":42.0,"turns":6.0},{"damage":13.0,"enemies":"Gensokyo:4_Bats","floor":44.0,"turns":7.0},{"damage":17.0,"enemies":"Gensokyo:Rafflesia","floor":45.0,"turns":5.0},{"damage":16.0,"enemies":"Gensokyo:Dusk_and_Dawn","floor":46.0,"turns":6.0},{"damage":30,"enemies":"Gensokyo:Yuyuko","floor":50,"turns":9},{"damage":35,"enemies":"Shield and Spear","floor":54,"turns":3},{"damage":214,"enemies":"The Heart","floor":55,"turns":10}],"seed_played":"1102452789572106377","potions_obtained":[{"floor":3.0,"key":"Elixir"},{"floor":8.0,"key":"Fire Potion"},{"floor":12.0,"key":"jedi:tentaclejuice"},{"floor":18.0,"key":"Swift Potion"},{"floor":28.0,"key":"AttackPotion"},{"floor":31.0,"key":"BlessingOfTheForge"},{"floor":35.0,"key":"Fire Potion"},{"floor":40.0,"key":"jedi:StrikingPotion"},{"floor":46.0,"key":"Cursed Concoction"}],"is_trial":false,"path_per_floor":["M","?","M","?","M","E","R","E","T","M","R","M","T","?","R","B",null,"M","?","T","?","?","R","M","R","T","M","M","R","?","M","R","B",null,"M","?","M","$","?","E","?","M","T","M","M","M","R","?","R","B",null,"R","$","E","B",null],"character_chosen":"WITCH","items_purchased":["Replay:Wax Seal","Schadenfreude","SummonRatFamiliar","DistilledChaos","Schadenfreude","GrimVengeance","GrimVengeance","Toy Ornithopter"],"campfire_rested":1,"item_purchase_floors":[38,53,53,53,53,53,53,53],"current_hp_per_floor":[48,51,51,51,51,26,70,41,41,41,70,70,70,65,65,39,68,28,28,28,12,12,68,49,50,50,32,12,71,71,51,61,42,71,47,47,47,42,42,25,25,24,24,16,4,6,42,42,42,42,71,71,71,41,1],"gold":0,"neow_bonus":"ONE_RARE_RELIC","is_daily":false,"chose_seed":false,"campfire_upgraded":8,"win_rate":0.0,"timestamp":1613299261,"path_taken":["M","?","?","?","M","E","R","E","T","M","R","M","?","?","R","BOSS","M","?","?","?","?","R","M","R","T","M","M","R","?","M","R","BOSS","M","?","M","?","?","E","?","M","T","M","M","M","R","?","R","BOSS","R","$","E","BOSS"],"items_purchased_type":["Relic","Card","Card","Potion","Card","Card","Card","Relic"],"build_version":"2020-12-22","purchased_purges":0,"victory":true,"max_hp_per_floor":[67,70,70,70,70,70,70,70,70,70,70,70,70,65,65,68,68,68,68,68,68,68,68,68,68,68,68,71,71,71,71,71,71,71,71,71,71,71,71,71,71,71,71,71,71,71,71,71,71,71,71,71,71,71,71],"relic_stats":{"Regal Pillow":15,"counters":[24,145],"PreservedInsect":154,"Turnip":[34],"Juzu Bracelet":2,"obtain_stats":[{"Regal Pillow":13,"Menagerie:HuntersKnife":14,"Hallownest:UnbreakableCardRelic":30,"jedi:purplefairy":0,"PreservedInsect":6,"The Courier":26,"aspiration:PoetsPen_weak":34,"Juzu Bracelet":20,"thethorton:GreedFountain":17,"Ancient Tea Set":40,"BlackCat":0,"halation:EternalFortune":2,"Menagerie:Aurumvore":4,"Turnip":8,"halation:KoshaPiece":54,"Replay:Wax Seal":38,"halation:PinkSoulGem":39,"wanderingMiniBosses:LockLocket":44,"Toy Ornithopter":53,"infinitespire:Midas Blood":43},{"Regal Pillow":7,"Menagerie:HuntersKnife":7,"Hallownest:UnbreakableCardRelic":12,"jedi:purplefairy":0,"PreservedInsect":4,"The Courier":10,"aspiration:PoetsPen_weak":14,"Juzu Bracelet":9,"thethorton:GreedFountain":8,"Ancient Tea Set":17,"BlackCat":0,"halation:EternalFortune":1,"Menagerie:Aurumvore":2,"Turnip":5,"halation:KoshaPiece":23,"Replay:Wax Seal":16,"halation:PinkSoulGem":16,"wanderingMiniBosses:LockLocket":19,"Toy Ornithopter":22,"infinitespire:Midas Blood":18},{"Regal Pillow":38,"Menagerie:HuntersKnife":38,"Hallownest:UnbreakableCardRelic":70,"jedi:purplefairy":0,"PreservedInsect":25,"The Courier":61,"aspiration:PoetsPen_weak":87,"Juzu Bracelet":54,"thethorton:GreedFountain":43,"Ancient Tea Set":99,"BlackCat":0,"halation:EternalFortune":4,"Menagerie:Aurumvore":8,"Turnip":30,"halation:KoshaPiece":135,"Replay:Wax Seal":95,"halation:PinkSoulGem":95,"wanderingMiniBosses:LockLocket":112,"Toy Ornithopter":132,"infinitespire:Midas Blood":105}],"Toy Ornithopter":5},"card_choices":[{"not_picked":["MercuryWand","Schadenfreude"],"picked":"Athame","floor":1.0},{"not_picked":["Thundercloud","Puncture","BlackShield"],"picked":"SKIP","floor":3.0},{"not_picked":["Thundercloud","SummonRatFamiliar"],"picked":"CorruptBlood","floor":5.0},{"not_picked":["WretchedNails","BlackShield"],"picked":"BloodSabbath","floor":6.0},{"not_picked":["BalefulWard","RiteOfSummer"],"picked":"TwistedMind","floor":8.0},{"not_picked":["Thundercloud","BlackBolt","CursedBlade"],"picked":"SKIP","floor":10.0},{"not_picked":["Bewitch","KarmaDrain","BleedOut"],"picked":"SKIP","floor":12.0},{"not_picked":["IllusionOfStrength","SummonToadFamiliar"],"picked":"MysticUnburial","floor":16.0},{"not_picked":["Athame","Demonfyre"],"picked":"Foresight","floor":18.0},{"not_picked":["infinitespire:TheBestDefense","hubris:Rewind"],"picked":"infinitespire:Collect","floor":21.0},{"not_picked":["Atonement+1","WickedThoughts"],"picked":"CorruptBlood+1","floor":24.0},{"not_picked":["BleedOut","RiteOfSummer","Thundercloud"],"picked":"SKIP","floor":27.0},{"not_picked":["Demonfyre","KarmaDrain","Broomstick+1"],"picked":"SKIP","floor":28.0},{"not_picked":["MagicFang","Bewitch"],"picked":"Twitch","floor":31.0},{"not_picked":["Twitch","FatalRay"],"picked":"DeliriumForm","floor":33.0},{"not_picked":["Demonfyre+1","Decrepify+1","SkullFlask"],"picked":"SKIP","floor":35.0},{"not_picked":["Broomstick","MortusClaw"],"picked":"VileEgg","floor":37.0},{"not_picked":["BlackBolt+1","Harmlessness","Pillage"],"picked":"SKIP","floor":40.0},{"not_picked":["CursedBlade+1","RiteOfAutumn+1","SaltCircle"],"picked":"SKIP","floor":42.0},{"not_picked":["SoulBarrier+1","Broomstick+1","MementoMori"],"picked":"SKIP","floor":44.0},{"not_picked":["KarmaDrain+1","UnluckySeven","RiteOfWinter+1"],"picked":"SKIP","floor":45.0},{"not_picked":["BleedOut+1","MementoMori","Demonfyre"],"picked":"SKIP","floor":46.0},{"not_picked":["UnluckySeven","GnarledBody","Broomstick+1"],"picked":"SKIP","floor":54}],"player_experience":1429600,"relics_obtained":[{"floor":6.0,"key":"PreservedInsect"},{"floor":8.0,"key":"Turnip"},{"floor":13.0,"key":"Regal Pillow"},{"floor":16.0,"key":"halation:EternalFortune"},{"floor":20.0,"key":"Juzu Bracelet"},{"floor":26.0,"key":"The Courier"},{"floor":28.0,"key":"halation:EternalFortune"},{"floor":40.0,"key":"Ancient Tea Set"},{"floor":43.0,"key":"infinitespire:Midas Blood"},{"floor":44.0,"key":"wanderingMiniBosses:LockLocket"},{"floor":54,"key":"halation:KoshaPiece"}],"event_choices":[{"damage_healed":0.0,"max_hp_gain":0.0,"max_hp_loss":0.0,"gold_gain":0.0,"event_name":"Menagerie:ScentOfGold","player_choice":"Pacify","floor":4.0,"gold_loss":0.0,"damage_taken":0.0,"relics_obtained":["Menagerie:Aurumvore"]},{"damage_healed":0.0,"max_hp_gain":0.0,"max_hp_loss":5.0,"gold_gain":0.0,"event_name":"Menagerie:BigGameHunter","player_choice":"Take","floor":14.0,"gold_loss":0.0,"damage_taken":0.0,"relics_obtained":["Menagerie:HuntersKnife"]},{"damage_healed":0.0,"max_hp_gain":0.0,"max_hp_loss":0.0,"gold_gain":0.0,"event_name":"betterMatch:BetterMatch","player_choice":"2","floor":19.0,"gold_loss":0.0,"damage_taken":0.0,"cards_obtained":["betterMatch:CommonCard"]}],"is_beta":false,"boss_relics":[{"not_picked":["Coffee Dripper","Cursed Key"],"picked":"thethorton:GreedFountain"},{"not_picked":["hubris:Stopwatch","hubris:HollowSoul"],"picked":"aspiration:PoetsPen_weak"}],"items_purged_floors":[],"is_endless":false,"potions_floor_spawned":[3,8,12,18,28,31,35,40,46],"ascension_level":0}}