{"host":"t5vp0whyqzs05fb6","time":1613288392,"event":{"mods":["AchievementEnabler","BaseMod","Colored Map","Minty Spire (QoL Compilation)","Rare Cards Sparkle","SuperFastMode","everything is the same but u backflip on backflip"],"gold_per_floor":[114,129,129,148,168,168,178,197,248,265,277,227,247,247,247,247,247],"floor_reached":16,"language":"KOR","playtime":374,"items_purged":["Strike_G"],"score":98,"play_id":"2548c8dc-4c06-4d62-9944-a4f7c96d3a77","local_time":"20210214163952","is_ascension_mode":false,"campfire_choices":[{"data":"Neutralize","floor":6,"key":"SMITH"},{"data":"Well Laid Plans","floor":15,"key":"SMITH"}],"circlet_count":0,"master_deck":["Strike_G","Strike_G","Strike_G","Strike_G","Defend_G","Defend_G","Defend_G","Defend_G","Survivor","Neutralize+1","Dagger Spray","Blur","Backstab","Crippling Poison","Quick Slash","Well Laid Plans+1","Defend_G"],"relics":["Ring of the Snake","NeowsBlessing","Smiling Mask"],"acts_visited":["Exordium"],"potions_floor_usage":[5,11,11],"damage_taken":[{"damage":0,"enemies":"Small Slimes","floor":1,"turns":1},{"damage":0,"enemies":"Cultist","floor":2,"turns":1},{"damage":0,"enemies":"2 Louse","floor":4,"turns":1},{"damage":13,"enemies":"Red Slaver","floor":5,"turns":7},{"damage":1,"enemies":"Looter","floor":7,"turns":3},{"damage":14,"enemies":"Exordium Wildlife","floor":8,"turns":4},{"damage":0,"enemies":"Exordium Thugs","floor":10,"turns":4},{"damage":0,"enemies":"Large Slime","floor":11,"turns":4},{"damage":0,"enemies":"3 Louse","floor":13,"turns":2},{"damage":31,"enemies":"Hexaghost","floor":16,"turns":12}],"seed_played":"-2470377363728219286","potions_obtained":[{"floor":4,"key":"Weak Potion"},{"floor":5,"key":"GhostInAJar"},{"floor":7,"key":"DistilledChaos"},{"floor":10,"key":"Fire Potion"},{"floor":13,"key":"DuplicationPotion"}],"is_trial":false,"path_per_floor":["M","M","?","M","M","R","M","M","T","M","M","$","M","?","R","B"],"character_chosen":"THE_SILENT","items_purchased":[],"campfire_rested":0,"item_purchase_floors":[],"current_hp_per_floor":[70,70,70,70,57,57,56,42,42,42,42,42,42,42,42,11,11],"gold":247,"neow_bonus":"THREE_ENEMY_KILL","is_daily":false,"chose_seed":false,"campfire_upgraded":2,"win_rate":0.0,"timestamp":1613288392,"path_taken":["M","M","?","?","M","R","M","M","T","M","M","$","M","?","R","BOSS"],"items_purchased_type":[],"build_version":"2020-12-22","purchased_purges":1,"victory":false,"max_hp_per_floor":[70,70,70,70,70,70,70,70,70,70,70,70,70,70,70,70,70],"card_choices":[{"not_picked":["Underhanded Strike","Slice","Sucker Punch"],"picked":"SKIP","floor":1},{"not_picked":["Prepared","Deflect"],"picked":"Dagger Spray","floor":2},{"not_picked":["Dodge and Roll","Predator"],"picked":"Blur","floor":4},{"not_picked":["Dodge and Roll","Riddle With Holes"],"picked":"Backstab","floor":5},{"not_picked":["Poisoned Stab","Predator"],"picked":"Crippling Poison","floor":7},{"not_picked":["Underhanded Strike","Burst"],"picked":"Quick Slash","floor":8},{"not_picked":["Cloak And Dagger","Poisoned Stab","Slice"],"picked":"SKIP","floor":10},{"not_picked":["Dagger Spray","Bane","Blade Dance"],"picked":"SKIP","floor":11},{"not_picked":["Accuracy","Slice"],"picked":"Well Laid Plans","floor":13}],"player_experience":220384,"relics_obtained":[{"floor":9,"key":"Smiling Mask"}],"event_choices":[{"damage_healed":0,"gold_gain":0,"player_choice":"Bought 0 Potions","damage_taken":0,"max_hp_gain":0,"max_hp_loss":0,"event_name":"The Woman in Blue","floor":3,"gold_loss":0},{"cards_removed":["Defend_G"],"damage_healed":0,"gold_gain":0,"player_choice":"Took Card","damage_taken":0,"max_hp_gain":0,"max_hp_loss":0,"event_name":"NoteForYourself","floor":14,"gold_loss":0,"cards_obtained":["Defend_G"]}],"is_beta":false,"boss_relics":[],"items_purged_floors":[12],"is_endless":false,"potions_floor_spawned":[4,5,7,10,13],"killed_by":"Hexaghost","ascension_level":0}}