{"host":"amduk82rbaelv3uo","time":1613301950,"event":{"mods":["AchievementEnabler","BaseMod","BetterRewards","Colored Map","Colored Powertips","Defuse TimeMaze Blight","Downfall","Highlight Path","Infinite Spire","Minty Spire (QoL Compilation)","Permanent Neow","Quick Restart","Replay The Spire","StSLib"],"gold_per_floor":[99,116,101,101,121,140,140,140,140,173,193,193,193,193],"floor_reached":12,"language":"ENG","playtime":1075,"items_purged":[],"score":78,"play_id":"31a6ebbe-4fe3-45da-8d3e-702510b9c4f6","local_time":"20210214112550","is_ascension_mode":false,"campfire_choices":[{"data":"Slimebound:Split","floor":1,"key":"SMITH"},{"data":"Slimebound:SplitBruiser","floor":8,"key":"SMITH"}],"circlet_count":0,"master_deck":["Slimebound:Strike_Slimebound","Slimebound:Strike_Slimebound","Slimebound:Strike_Slimebound","Slimebound:Tackle","Slimebound:Defend_Slimebound","Slimebound:Defend_Slimebound","Slimebound:Defend_Slimebound","Slimebound:Defend_Slimebound","Slimebound:Split+1","Slimebound:CorrosiveSpit","Slimebound:Repurpose","Slimebound:SplitBruiser+1","Regret","Slimebound:PressTheAttack","Slimebound:SplitMire","Slimebound:SplitAcid","Slimebound:LeechEnergy"],"relics":["Slimebound:AbsorbEndCombat","infinitespire:Joker Card","Smiling Mask","White Beast Statue","Divine Protection"],"acts_visited":["Exordium"],"potions_floor_usage":[10,10,12,12],"damage_taken":[{"damage":4,"enemies":"2 Louse","floor":2,"turns":3},{"damage":3,"enemies":"downfall:FleeingMerchant","floor":3,"turns":4},{"damage":9,"enemies":"Cultist","floor":5,"turns":3},{"damage":0,"enemies":"Small Slimes","floor":6,"turns":2},{"damage":14,"enemies":"3 Sentries","floor":10,"turns":3},{"damage":0,"enemies":"2 Fungi Beasts","floor":11,"turns":2},{"damage":39,"enemies":"Gremlin Nob","floor":12,"turns":3}],"seed_played":"3734430581196161208","potions_obtained":[{"floor":2,"key":"champ:CounterPotion"},{"floor":5,"key":"Explosive Potion"},{"floor":10,"key":"hexamod:SoulburnPotion"},{"floor":11,"key":"sneckomod:MuddlingPotion"}],"is_trial":false,"path_per_floor":["R","M","$","?","M","M","T","R","?","E","M","E"],"character_chosen":"SLIMEBOUND","items_purchased":[],"campfire_rested":0,"item_purchase_floors":[],"current_hp_per_floor":[47,45,48,48,43,45,45,45,45,33,37,0,0,0],"gold":193,"neow_bonus":"ONE_RARE_RELIC","is_daily":false,"chose_seed":false,"campfire_upgraded":2,"win_rate":0.0,"timestamp":1613301950,"path_taken":["R","M","$","?","M","M","T","R","?","E","?","E"],"items_purchased_type":[],"build_version":"2020-12-22","purchased_purges":0,"victory":false,"max_hp_per_floor":[65,65,65,65,65,65,65,65,65,65,65,65,65,65],"card_choices":[{"not_picked":["Slimebound:GoopSpray","Slimebound:Chomp"],"picked":"Slimebound:Repurpose","floor":2},{"not_picked":["Slimebound:FinishingTackle","Slimebound:LeechingTouch"],"picked":"Slimebound:SplitBruiser","floor":3},{"not_picked":["Slimebound:SplitBruiser","Slimebound:Prepare"],"picked":"Slimebound:PressTheAttack","floor":5},{"not_picked":["Slimebound:ViciousTackle","Slimebound:FormOfPuddle"],"picked":"Slimebound:SplitMire","floor":6},{"not_picked":["Slimebound:TongueLash","Slimebound:Replication"],"picked":"Slimebound:SplitAcid","floor":10},{"not_picked":["Slimebound:ComboTackle","Slimebound:SlimeSpikes"],"picked":"Slimebound:LeechEnergy","floor":11}],"player_experience":292304,"relics_obtained":[{"floor":7,"key":"White Beast Statue"},{"floor":10,"key":"Divine Protection"}],"event_choices":[{"damage_healed":0,"gold_gain":0,"player_choice":"Box","damage_taken":0,"relics_obtained":["Smiling Mask"],"max_hp_gain":0,"max_hp_loss":0,"event_name":"Big Fish","floor":4,"gold_loss":0,"cards_obtained":["Regret"]},{"damage_healed":0,"gold_gain":0,"player_choice":"Ignored","damage_taken":0,"max_hp_gain":0,"max_hp_loss":0,"event_name":"NoteForYourself","floor":9,"gold_loss":0}],"is_beta":false,"boss_relics":[],"items_purged_floors":[],"is_endless":false,"potions_floor_spawned":[2,5,10,11],"killed_by":"Gremlin Nob","ascension_level":0}}