{"host":"gtoa8h4im74f14p0","time":1613341274,"event":{"mods":["AchievementEnabler","BaseMod","Block Reminder","Colored Powertips","Downfall","Hermit","Minty Spire (QoL Compilation)","Reliquary","Shop Mod","StSLib","The Cursed","The Marked"],"gold_per_floor":[112,131,131,131,149,4,4,4,4,23,37,61,104,128,128,258,258,283,198,211,234,234,234,278,7,33,33,33,47,63,78,78,207,207,226,289,314,330,351,351,351],"floor_reached":40,"language":"ENG","playtime":3325,"items_purged":[],"score":437,"play_id":"42a2d44e-73d6-46ac-bf3c-eff01e452d43","local_time":"20210214172114","is_ascension_mode":false,"campfire_choices":[{"floor":7,"key":"REST"},{"data":"Anger","floor":15,"key":"SMITH"},{"data":"Metallicize","floor":23,"key":"SMITH"},{"floor":27,"key":"REST"},{"data":"Double Tap","floor":32,"key":"SMITH"}],"circlet_count":0,"master_deck":["Strike_R","Strike_R","Strike_R","Strike_R","Strike_R+1","Defend_R","Defend_R","Defend_R","Defend_R+1","Bash","Anger+1","Cleave","Reaper","Flex","Carnage","Armaments","Flex","Double Tap+1","Warcry","Pommel Strike+1","Rampage","Metallicize+1","True Grit","Twin Strike","Flex","Metallicize+1","Metallicize+1","Sword Boomerang","Body Slam+1","Cleave","Demon Form","Perfected Strike","Twin Strike+1","Barricade","Ghostly Armor","Searing Blow"],"relics":["Black Blood","Golden Idol","Membership Card","reliquary:QuartzCube","Happy Flower","Bronze Scales","reliquary:WeakTea","SlaversCollar","reliquary:IridiumChain","Bottled Tornado","Pantograph","DollysMirror","Bag of Marbles","StoneCalendar"],"acts_visited":["Exordium","TheCity","TheBeyond"],"potions_floor_usage":[21,30,33,33,33,40],"damage_taken":[{"damage":14,"enemies":"Small Slimes","floor":1,"turns":4},{"damage":14,"enemies":"Jaw Worm","floor":2,"turns":4},{"damage":6,"enemies":"2 Louse","floor":5,"turns":2},{"damage":4,"enemies":"Blue Slaver","floor":10,"turns":5},{"damage":3,"enemies":"3 Louse","floor":11,"turns":4},{"damage":22,"enemies":"3 Sentries","floor":13,"turns":5},{"damage":0,"enemies":"Exordium Wildlife","floor":14,"turns":2},{"damage":39,"enemies":"Slime Boss","floor":16,"turns":9},{"damage":2,"enemies":"Spheric Guardian","floor":18,"turns":3},{"damage":3,"enemies":"3 Byrds","floor":20,"turns":5},{"damage":31,"enemies":"Shelled Parasite and Fungi","floor":21,"turns":5},{"damage":22,"enemies":"Book of Stabbing","floor":24,"turns":4},{"damage":0,"enemies":"Snecko","floor":29,"turns":6},{"damage":0,"enemies":"Centurion and Healer","floor":30,"turns":10},{"damage":24,"enemies":"Shelled Parasite and Fungi","floor":31,"turns":6},{"damage":61,"enemies":"Champ","floor":33,"turns":18},{"damage":13,"enemies":"3 Shapes","floor":35,"turns":5},{"damage":22,"enemies":"Mind Bloom Boss Battle","floor":36,"turns":8},{"damage":7,"enemies":"Orb Walker","floor":37,"turns":4},{"damage":14,"enemies":"4 Shapes","floor":38,"turns":7},{"damage":16,"enemies":"Sphere and 2 Shapes","floor":39,"turns":8},{"damage":82,"enemies":"Reptomancer","floor":40,"turns":4}],"seed_played":"9130480508991308082","potions_obtained":[{"floor":2,"key":"SteroidPotion"},{"floor":14,"key":"PowerPotion"},{"floor":18,"key":"Guardian:BlockOnCardUsePotion"},{"floor":21,"key":"SkillPotion"},{"floor":30,"key":"champ:CounterPotion"},{"floor":38,"key":"GamblersBrew"}],"is_trial":false,"path_per_floor":["M","M","?","?","M","$","R","T","T","M","M","T","E","M","R","B",null,"M","?","M","M","?","R","E","$","T","R","?","M","M","M","R","B",null,"M","?","M","M","M","E"],"character_chosen":"IRONCLAD","items_purchased":["Membership Card","Pantograph","Twin Strike","Flex","DollysMirror","BlessingOfTheForge"],"campfire_rested":2,"item_purchase_floors":[6,25,25,25,25,25],"current_hp_per_floor":[80,72,50,32,32,32,58,58,58,64,67,67,59,65,65,44,88,88,88,88,70,70,70,54,54,54,80,80,86,88,76,76,38,88,88,88,88,86,82,0,0],"gold":351,"neow_bonus":"TEN_PERCENT_HP_BONUS","is_daily":false,"chose_seed":false,"campfire_upgraded":3,"win_rate":0.0,"timestamp":1613341274,"path_taken":["M","M","?","?","M","?","R","?","T","M","M","?","E","M","R","BOSS","M","?","M","M","?","R","E","?","T","R","?","M","?","M","R","BOSS","M","?","M","M","M","E"],"items_purchased_type":["Relic","Relic","Card","Card","Relic","Potion"],"build_version":"2020-12-22","purchased_purges":0,"victory":false,"max_hp_per_floor":[88,88,88,88,88,88,88,88,88,88,88,88,88,88,88,88,88,88,88,88,88,88,88,88,88,88,88,88,88,88,88,88,88,88,88,88,88,88,88,88,88],"card_choices":[{"not_picked":["Body Slam","Uppercut"],"picked":"Anger","floor":1},{"not_picked":["Sever Soul","Perfected Strike"],"picked":"Cleave","floor":2},{"not_picked":["Disarm","Iron Wave"],"picked":"Reaper","floor":5},{"not_picked":["Infernal Blade","Iron Wave"],"picked":"Flex","floor":10},{"not_picked":["Burning Pact","Intimidate"],"picked":"Carnage","floor":11},{"not_picked":["True Grit","Twin Strike"],"picked":"Armaments","floor":13},{"not_picked":["Anger","Pommel Strike"],"picked":"Flex","floor":14},{"not_picked":["Brutality","Bludgeon"],"picked":"Double Tap","floor":16},{"not_picked":["Rupture","Perfected Strike"],"picked":"Warcry","floor":18},{"not_picked":["Warcry+1","Thunderclap"],"picked":"Pommel Strike+1","floor":20},{"not_picked":["Body Slam","Feel No Pain"],"picked":"Rampage","floor":21},{"not_picked":["Offering","Clash"],"picked":"True Grit","floor":24},{"not_picked":["Flex","Shockwave"],"picked":"Sword Boomerang","floor":29},{"not_picked":["Thunderclap","Ghostly Armor+1"],"picked":"Body Slam+1","floor":30},{"not_picked":["Iron Wave","Armaments"],"picked":"Cleave","floor":31},{"not_picked":["Fiend Fire","Berserk"],"picked":"Demon Form","floor":33},{"not_picked":["Clash+1","True Grit"],"picked":"Perfected Strike","floor":35},{"not_picked":["True Grit","Body Slam+1"],"picked":"Twin Strike+1","floor":36},{"not_picked":["Warcry","Armaments+1"],"picked":"Barricade","floor":37},{"not_picked":["Clash","Combust"],"picked":"Ghostly Armor","floor":38},{"not_picked":["Iron Wave","Perfected Strike+1"],"picked":"Searing Blow","floor":39}],"player_experience":26021,"relics_obtained":[{"floor":8,"key":"reliquary:QuartzCube"},{"floor":9,"key":"Happy Flower"},{"floor":12,"key":"Bronze Scales"},{"floor":13,"key":"reliquary:WeakTea"},{"floor":24,"key":"Bottled Tornado"},{"floor":26,"key":"Bag of Marbles"},{"floor":36,"key":"StoneCalendar"}],"event_choices":[{"damage_healed":0,"gold_gain":0,"player_choice":"Take Damage","damage_taken":22,"relics_obtained":["Golden Idol"],"max_hp_gain":0,"max_hp_loss":0,"event_name":"Golden Idol","floor":3,"gold_loss":0},{"damage_healed":0,"gold_gain":0,"player_choice":"Entered Light","damage_taken":18,"max_hp_gain":0,"max_hp_loss":0,"event_name":"Shining Light","floor":4,"gold_loss":0,"cards_upgraded":["Strike_R","Defend_R"]},{"damage_healed":0,"gold_gain":0,"player_choice":"Obtained Relic","damage_taken":0,"relics_obtained":["reliquary:IridiumChain"],"max_hp_gain":0,"max_hp_loss":0,"event_name":"Addict","floor":19,"gold_loss":85},{"damage_healed":0,"gold_gain":0,"player_choice":"Read","damage_taken":0,"max_hp_gain":0,"max_hp_loss":0,"event_name":"The Library","floor":22,"gold_loss":0,"cards_obtained":["Metallicize"]},{"damage_healed":0,"gold_gain":0,"player_choice":"Copied","damage_taken":0,"max_hp_gain":0,"max_hp_loss":0,"event_name":"Duplicator","floor":28,"gold_loss":0,"cards_obtained":["Metallicize"]},{"damage_healed":0,"gold_gain":0,"player_choice":"Fight","damage_taken":0,"max_hp_gain":0,"max_hp_loss":0,"event_name":"MindBloom","floor":36,"gold_loss":0}],"is_beta":false,"boss_relics":[{"not_picked":["Cursed Key","Calling Bell"],"picked":"SlaversCollar"},{"not_picked":["Astrolabe","Runic Cube"],"picked":"Black Blood"}],"items_purged_floors":[],"is_endless":false,"potions_floor_spawned":[2,14,18,21,30,38],"killed_by":"Reptomancer","ascension_level":0}}