{"host":"ctlqibkg0sskiu65","time":1613319530,"event":{"mods":["AchievementEnabler","Aspiration","Astrologer","BaseMod","Better Third Choice","BetterRewards","Colored Map","Colored Powertips","Conspire","Curses Come First","Fiend Mod","Infinite Spire","Minty Spire (QoL Compilation)","Potionbrewer","Quick Restart","Reliquary","Replay The Spire","Robot Space Explorer","Shade Mod","Shop Mod","StSLib","The Blackbeard","The Bladedancer","The Cursed","The Death Knight","The Hierophant","The Jungle","The Kombatant","The Necromancer","The Poker Player","The Servant 0.9.4","TheBandit","Wide Potions","thorton"],"gold_per_floor":[111,186,198,298,311,311,311],"floor_reached":6,"language":"ENG","playtime":256,"items_purged":[],"score":72,"play_id":"4cc288dc-482d-4498-8378-c9193b2d9e29","local_time":"20210214101850","is_ascension_mode":true,"campfire_choices":[],"circlet_count":0,"master_deck":["AscendersBane","Strike_G","Strike_G","Strike_G","Strike_G","Strike_G","Defend_G","Defend_G","Defend_G","Defend_G","Defend_G","Survivor","Neutralize","conspire:DoublingDagger","Deflect","Blade Dance","Hidden Blade"],"relics":["Ring of the Snake","Girya"],"acts_visited":["Exordium"],"potions_floor_usage":[6],"damage_taken":[{"damage":2,"enemies":"Cultist","floor":1,"turns":5},{"damage":12,"enemies":"Jaw Worm","floor":3,"turns":6},{"damage":4,"enemies":"Small Slimes","floor":5,"turns":5},{"damage":35,"enemies":"Gremlin Nob","floor":6,"turns":3}],"seed_played":"-4089586365540609365","potions_obtained":[{"floor":3,"key":"BlessingOfTheForge"},{"floor":5,"key":"potionbrewer:BoundlessPotion"}],"is_trial":false,"path_per_floor":["M","?","M","?","M","E"],"character_chosen":"THE_SILENT","items_purchased":["conspire:DoublingDagger"],"campfire_rested":0,"item_purchase_floors":[0],"current_hp_per_floor":[57,46,34,34,30,0,0],"gold":311,"neow_bonus":"","is_daily":false,"chose_seed":false,"campfire_upgraded":0,"win_rate":0.0,"timestamp":1613319530,"path_taken":["M","?","M","?","M","E"],"items_purchased_type":["Card"],"build_version":"2020-12-22","purchased_purges":0,"victory":false,"max_hp_per_floor":[66,66,66,66,66,66,66],"card_choices":[{"not_picked":["Poisoned Stab","Deadly Poison"],"picked":"Deflect","floor":1},{"not_picked":["Outmaneuver","Dagger Throw"],"picked":"Blade Dance","floor":3},{"not_picked":["Deadly Poison","Deflect"],"picked":"Hidden Blade","floor":5}],"player_experience":301506,"relics_obtained":[],"event_choices":[{"damage_healed":0,"gold_gain":75,"player_choice":"Gold","damage_taken":11,"max_hp_gain":0,"max_hp_loss":0,"event_name":"betterThird:BetterGoop","floor":2,"gold_loss":0},{"damage_healed":0,"gold_gain":100,"player_choice":"Gold","damage_taken":0,"max_hp_gain":0,"max_hp_loss":0,"event_name":"Wheel of Change","floor":4,"gold_loss":0}],"is_beta":false,"boss_relics":[],"items_purged_floors":[],"is_endless":false,"potions_floor_spawned":[3,5],"killed_by":"Gremlin Nob","ascension_level":20}}