{"host":"8eqe2o2g03nh9rfw","time":1613336324,"event":{"mods":["AchievementEnabler","AlwaysNeverKeys","BaseMod","Better Third Choice","Block Reminder","Colored Map","Colored Powertips","GifTheSpireLib","Minty Spire (QoL Compilation)","Permanent Neow","Quick Restart","StSLib","Weighted Paths"],"gold_per_floor":[119,137,137,154,168,168,196,196,196,196,196,207,217,234,234,331,331,341,30,30,45,63,97,97,97],"floor_reached":24,"language":"ENG","playtime":947,"items_purged":["Strike_G"],"score":245,"play_id":"71c8da8b-d267-4b00-87b9-8e85259cefa1","local_time":"20210214155844","is_ascension_mode":false,"campfire_choices":[{"data":"Noxious Fumes","floor":6,"key":"SMITH"},{"floor":8,"key":"REST"},{"data":"Crippling Poison","floor":11,"key":"SMITH"},{"floor":15,"key":"REST"}],"circlet_count":0,"master_deck":["Strike_G","Defend_G","Defend_G","Defend_G","Defend_G","Defend_G","Survivor","Neutralize+1","Prepared","Noxious Fumes+1","Noxious Fumes","Backflip","Crippling Poison+1","Deadly Poison","Underhanded Strike","Wraith Form v2","Slice+1","All Out Attack+1","Die Die Die+1","Poisoned Stab","Terror","Bane","Envenom","Infinite Blades","Dagger Spray+1","Infinite Blades+1"],"relics":["Ring of the Snake","Turnip","Darkstone Periapt","Mango","Astrolabe","HandDrill","Eternal Feather"],"acts_visited":["Exordium","TheCity"],"potions_floor_usage":[2,22,23,24],"damage_taken":[{"damage":0,"enemies":"Cultist","floor":1,"turns":3},{"damage":5,"enemies":"Small Slimes","floor":2,"turns":3},{"damage":4,"enemies":"Jaw Worm","floor":4,"turns":6},{"damage":3,"enemies":"Blue Slaver","floor":5,"turns":5},{"damage":14,"enemies":"3 Sentries","floor":7,"turns":6},{"damage":20,"enemies":"Lots of Slimes","floor":12,"turns":4},{"damage":17,"enemies":"Exordium Thugs","floor":13,"turns":5},{"damage":8,"enemies":"2 Fungi Beasts","floor":14,"turns":2},{"damage":26,"enemies":"Slime Boss","floor":16,"turns":10},{"damage":11,"enemies":"3 Byrds","floor":18,"turns":3},{"damage":20,"enemies":"Spheric Guardian","floor":21,"turns":4},{"damage":29,"enemies":"Shelled Parasite and Fungi","floor":22,"turns":4},{"damage":30,"enemies":"Slavers","floor":23,"turns":4},{"damage":5,"enemies":"Snake Plant","floor":24,"turns":2}],"seed_played":"8791629842964005442","potions_obtained":[{"floor":2,"key":"Fruit Juice"},{"floor":7,"key":"SteroidPotion"},{"floor":16,"key":"DistilledChaos"},{"floor":21,"key":"Block Potion"}],"is_trial":false,"path_per_floor":["M","M","T","M","M","R","E","R","T","?","R","M","M","M","R","B",null,"M","$","?","M","M","E","M"],"character_chosen":"THE_SILENT","items_purchased":["HandDrill","Terror","Bane"],"campfire_rested":2,"item_purchase_floors":[19,19,19],"current_hp_per_floor":[70,70,70,66,63,63,49,71,85,90,90,70,53,45,73,47,94,83,83,83,63,34,4,0,0],"gold":97,"neow_bonus":"UPGRADE_CARD","is_daily":false,"chose_seed":false,"campfire_upgraded":2,"win_rate":0.0,"timestamp":1613336324,"path_taken":["M","M","?","M","M","R","E","R","T","?","R","?","M","M","R","BOSS","M","$","?","M","M","E","M"],"items_purchased_type":["Relic","Card","Card"],"build_version":"2020-12-22","purchased_purges":1,"victory":false,"max_hp_per_floor":[70,75,75,75,75,75,75,75,89,94,94,94,94,94,94,94,94,94,94,94,94,94,94,94,94],"card_choices":[{"not_picked":["Dodge and Roll","Distraction"],"picked":"Prepared","floor":1},{"not_picked":["Dagger Throw","All Out Attack"],"picked":"Noxious Fumes","floor":2},{"not_picked":["Acrobatics","Infinite Blades"],"picked":"Noxious Fumes","floor":4},{"not_picked":["Dagger Throw","Eviscerate"],"picked":"Backflip","floor":5},{"not_picked":["Bane","Accuracy"],"picked":"Crippling Poison","floor":7},{"not_picked":["Well Laid Plans","Outmaneuver","Burst"],"picked":"SKIP","floor":12},{"not_picked":["Escape Plan","Backflip"],"picked":"Deadly Poison","floor":13},{"not_picked":["Calculated Gamble","PiercingWail"],"picked":"Underhanded Strike","floor":14},{"not_picked":["Venomology","Malaise"],"picked":"Wraith Form v2","floor":16},{"not_picked":["Reflex","Blur"],"picked":"Poisoned Stab","floor":18},{"not_picked":["Heel Hook","Sucker Punch"],"picked":"Dagger Spray+1","floor":21},{"not_picked":["Flying Knee+1","Bane+1"],"picked":"Infinite Blades+1","floor":22},{"not_picked":["Bane","Sucker Punch","Well Laid Plans"],"picked":"SKIP","floor":23}],"player_experience":116751,"relics_obtained":[{"floor":3,"key":"Turnip"},{"floor":7,"key":"Darkstone Periapt"},{"floor":9,"key":"Mango"},{"floor":23,"key":"Eternal Feather"}],"event_choices":[{"damage_healed":0,"gold_gain":0,"player_choice":"Donut","damage_taken":0,"max_hp_gain":5,"max_hp_loss":0,"event_name":"Big Fish","floor":10,"gold_loss":0},{"damage_healed":0,"gold_gain":0,"player_choice":"2 cards matched","damage_taken":0,"max_hp_gain":0,"max_hp_loss":0,"event_name":"Match and Keep!","floor":20,"gold_loss":0,"cards_obtained":["Envenom","Infinite Blades"]}],"is_beta":false,"boss_relics":[{"not_picked":["Cursed Key","SlaversCollar"],"picked":"Astrolabe"}],"items_purged_floors":[19],"is_endless":false,"potions_floor_spawned":[2,7,16,21],"killed_by":"Snake Plant","ascension_level":0}}