{"host":"t5vp0whyqzs05fb6","time":1613285576,"event":{"mods":["AchievementEnabler","BaseMod","Colored Map","Minty Spire (QoL Compilation)","Rare Cards Sparkle","SuperFastMode","everything is the same but u backflip on backflip"],"gold_per_floor":[115,134,134,180,31,62,62,77,102,117,42,61,61,61,61,159,159,178,193,206,218,234,234,254,24,24,34,44,44,56,56,84,84,189,189,203,203,216,231,247,247,263,298,298,333,350,379,379,394,394,394,394,394,21,47,47],"floor_reached":57,"language":"KOR","playtime":1749,"items_purged":["Defend_R","Bash","Strike_R"],"score":1397,"play_id":"1e4d3228-c049-415e-a563-3dc6c7215cc2","local_time":"20210214155256","is_ascension_mode":false,"campfire_choices":[{"data":"Shrug It Off","floor":7.0,"key":"SMITH"},{"data":"Perfected Strike","floor":13.0,"key":"SMITH"},{"data":"Flex","floor":15.0,"key":"SMITH"},{"data":"Armaments","floor":23.0,"key":"SMITH"},{"data":"Double Tap","floor":33.0,"key":"SMITH"},{"floor":41.0,"key":"RECALL"},{"floor":50.0,"key":"REST"},{"floor":53.0,"key":"REST"}],"circlet_count":0,"master_deck":["Strike_R","Strike_R","Strike_R","Strike_R+1","Defend_R","Defend_R","Defend_R+1","Perfected Strike+1","Shrug It Off+1","Perfected Strike","Perfected Strike","Flex+1","Impervious","Perfected Strike+1","Pommel Strike+1","Twin Strike","Armaments+1","Wild Strike+1","Perfected Strike","Flame Barrier","Double Tap+1","Evolve+1","Twin Strike+1","Double Tap","Havoc","Uppercut+1","Twin Strike","Dual Wield","Dual Wield+1","Blood for Blood","Pommel Strike+1","Shrug It Off","Calculated Gamble+1"],"relics":["Burning Blood","NeowsBlessing","Red Skull","Oddly Smooth Stone","Bag of Preparation","WingedGreaves","Snecko Eye","Membership Card","Ancient Tea Set","Anchor","Fusion Hammer","Boot","Dream Catcher","Bottled Lightning","Dead Branch","Vajra","Blood Vial","PrismaticShard","Lantern"],"acts_visited":["Exordium","TheCity","TheBeyond","TheEnding"],"potions_floor_usage":[56,56],"damage_taken":[{"damage":0.0,"enemies":"2 Louse","floor":1.0,"turns":1.0},{"damage":0.0,"enemies":"Jaw Worm","floor":2.0,"turns":1.0},{"damage":0.0,"enemies":"Gremlin Nob","floor":6.0,"turns":1.0},{"damage":0.0,"enemies":"Cultist","floor":8.0,"turns":2.0},{"damage":3.0,"enemies":"Exordium Thugs","floor":10.0,"turns":4.0},{"damage":20.0,"enemies":"3 Louse","floor":12.0,"turns":4.0},{"damage":50.0,"enemies":"The Guardian","floor":16.0,"turns":12.0},{"damage":0.0,"enemies":"Shell Parasite","floor":18.0,"turns":3.0},{"damage":0.0,"enemies":"Spheric Guardian","floor":19.0,"turns":1.0},{"damage":0.0,"enemies":"Snecko","floor":20.0,"turns":4.0},{"damage":4.0,"enemies":"Cultist and Chosen","floor":21.0,"turns":3.0},{"damage":0.0,"enemies":"Chosen and Byrds","floor":22.0,"turns":4.0},{"damage":6.0,"enemies":"Centurion and Healer","floor":24.0,"turns":3.0},{"damage":15.0,"enemies":"Snake Plant","floor":27.0,"turns":2.0},{"damage":0.0,"enemies":"Cultist and Chosen","floor":28.0,"turns":3.0},{"damage":0.0,"enemies":"Centurion and Healer","floor":30.0,"turns":3.0},{"damage":14.0,"enemies":"Slavers","floor":32.0,"turns":3.0},{"damage":8.0,"enemies":"Automaton","floor":34.0,"turns":5.0},{"damage":0.0,"enemies":"Orb Walker","floor":36.0,"turns":1.0},{"damage":0.0,"enemies":"3 Darklings","floor":38.0,"turns":2.0},{"damage":4.0,"enemies":"Maw","floor":39.0,"turns":6.0},{"damage":0.0,"enemies":"Transient","floor":40.0,"turns":5.0},{"damage":0.0,"enemies":"Sphere and 2 Shapes","floor":42.0,"turns":2.0},{"damage":0.0,"enemies":"Giant Head","floor":43.0,"turns":4.0},{"damage":0.0,"enemies":"Nemesis","floor":45.0,"turns":3.0},{"damage":6.0,"enemies":"Maw","floor":46.0,"turns":5.0},{"damage":0.0,"enemies":"Reptomancer","floor":47.0,"turns":1.0},{"damage":0.0,"enemies":"Writhing Mass","floor":49.0,"turns":1.0},{"damage":70.0,"enemies":"Donu and Deca","floor":51.0,"turns":7.0},{"damage":27.0,"enemies":"Shield and Spear","floor":55.0,"turns":4.0},{"damage":54,"enemies":"The Heart","floor":56,"turns":6}],"seed_played":"7204595781082925728","potions_obtained":[{"floor":10.0,"key":"SteroidPotion"},{"floor":16.0,"key":"EssenceOfSteel"},{"floor":18.0,"key":"FearPotion"},{"floor":20.0,"key":"Swift Potion"},{"floor":24.0,"key":"GamblersBrew"},{"floor":27.0,"key":"LiquidMemories"},{"floor":39.0,"key":"SteroidPotion"},{"floor":43.0,"key":"ColorlessPotion"},{"floor":45.0,"key":"Swift Potion"},{"floor":49.0,"key":"DuplicationPotion"}],"is_trial":false,"path_per_floor":["M","M","?","T","$","E","R","M","T","M","$","M","R","?","R","B",null,"M","M","M","M","M","R","M","$","T","M","M","?","M","M","E","R","B",null,"M","?","M","M","M","R","M","E","T","E","M","E","?","M","R","B",null,"R","$","E","B",null],"character_chosen":"IRONCLAD","items_purchased":["Red Skull","Membership Card","Perfected Strike","Vajra","Shrug It Off","Blood Vial","Strength Potion","GamblersBrew","PrismaticShard"],"campfire_rested":2,"item_purchase_floors":[5,25,25,54,54,54,54,54,54],"current_hp_per_floor":[80,80,64,64,64,70,70,76,76,79,79,65,65,65,65,21,80,80,80,80,80,80,80,80,80,80,71,77,77,80,80,72,72,70,80,80,70,76,78,80,80,80,80,80,80,80,80,80,80,80,16,80,80,80,59,13],"gold":47,"neow_bonus":"THREE_ENEMY_KILL","is_daily":false,"chose_seed":false,"campfire_upgraded":5,"win_rate":0.0,"timestamp":1613285576,"path_taken":["M","M","?","?","?","E","R","M","T","M","$","M","R","?","R","BOSS","M","M","M","M","?","R","M","$","T","M","M","?","M","M","E","R","BOSS","M","?","M","M","M","R","M","E","T","E","M","E","?","M","R","BOSS","R","$","E","BOSS"],"items_purchased_type":["Relic","Relic","Card","Relic","Card","Relic","Potion","Potion","Relic"],"build_version":"2020-12-22","purchased_purges":3,"victory":true,"max_hp_per_floor":[80,80,80,80,80,80,80,80,80,80,80,80,80,80,80,80,80,80,80,80,80,80,80,80,80,80,80,80,80,80,80,80,80,80,80,80,80,80,80,80,80,80,80,80,80,80,80,80,80,80,80,80,80,80,80,80],"card_choices":[{"not_picked":["Thunderclap","Cleave"],"picked":"Perfected Strike","floor":1.0},{"not_picked":["Thunderclap","Pummel"],"picked":"Shrug It Off","floor":2.0},{"not_picked":["Headbutt","Reaper"],"picked":"Perfected Strike","floor":6.0},{"not_picked":["Disarm","Thunderclap"],"picked":"Perfected Strike","floor":8.0},{"not_picked":["Warcry","Sword Boomerang","Iron Wave"],"picked":"SKIP","floor":10.0},{"not_picked":["Intimidate","Havoc"],"picked":"Flex","floor":12.0},{"not_picked":["Brutality","Bludgeon"],"picked":"Impervious","floor":16.0},{"not_picked":["Clothesline","Disarm+1"],"picked":"Perfected Strike+1","floor":18.0},{"not_picked":["Whirlwind","Uppercut"],"picked":"Pommel Strike+1","floor":19.0},{"not_picked":["Thunderclap","Warcry"],"picked":"Twin Strike","floor":20.0},{"not_picked":["Spot Weakness+1","Searing Blow"],"picked":"Armaments","floor":21.0},{"not_picked":["Warcry+1","Sever Soul","Heavy Blade"],"picked":"SKIP","floor":22.0},{"not_picked":["Reckless Charge+1","Rage"],"picked":"Wild Strike+1","floor":24.0},{"not_picked":["Hemokinesis+1","Seeing Red"],"picked":"Flame Barrier","floor":27.0},{"not_picked":["Fire Breathing","Flex"],"picked":"Double Tap","floor":28.0},{"not_picked":["Warcry","Metallicize+1"],"picked":"Evolve+1","floor":30.0},{"not_picked":["Iron Wave+1","Blood for Blood"],"picked":"Twin Strike+1","floor":32.0},{"not_picked":["Immolate","Fiend Fire"],"picked":"Double Tap","floor":34.0},{"not_picked":["Inflame+1","Headbutt+1"],"picked":"Havoc","floor":36.0},{"not_picked":["Twin Strike+1","Flex"],"picked":"Uppercut+1","floor":38.0},{"not_picked":["Pummel+1","Body Slam"],"picked":"Twin Strike","floor":39.0},{"not_picked":["Cleave","Havoc","Headbutt"],"picked":"SKIP","floor":40.0},{"not_picked":["Cleave","Havoc","Headbutt"],"picked":"SKIP","floor":40.0},{"not_picked":["Anger","Iron Wave"],"picked":"Dual Wield","floor":42.0},{"not_picked":["Berserk","Reaper","Heavy Blade"],"picked":"SKIP","floor":43.0},{"not_picked":["Clash+1","Blood for Blood"],"picked":"Dual Wield+1","floor":45.0},{"not_picked":["Dual Wield+1","Wild Strike","Havoc"],"picked":"SKIP","floor":46.0},{"not_picked":["Entrench","Clash"],"picked":"Blood for Blood","floor":47.0},{"not_picked":["Ghostly Armor","Twin Strike","Cleave"],"picked":"SKIP","floor":49.0},{"not_picked":["Intimidate+1","Havoc+1"],"picked":"Pommel Strike+1","floor":50.0},{"not_picked":["SignatureMove+1","Crescendo"],"picked":"Calculated Gamble+1","floor":55.0}],"player_experience":216304,"relics_obtained":[{"floor":6.0,"key":"Oddly Smooth Stone"},{"floor":9.0,"key":"Bag of Preparation"},{"floor":26.0,"key":"Ancient Tea Set"},{"floor":32.0,"key":"Anchor"},{"floor":43.0,"key":"Boot"},{"floor":44.0,"key":"Dream Catcher"},{"floor":45.0,"key":"Bottled Lightning"},{"floor":47.0,"key":"Dead Branch"},{"floor":55.0,"key":"Lantern"}],"event_choices":[{"damage_healed":0.0,"max_hp_gain":0.0,"max_hp_loss":0.0,"gold_gain":0.0,"event_name":"Shining Light","player_choice":"Entered Light","floor":3.0,"gold_loss":0.0,"damage_taken":16.0,"cards_upgraded":["Strike_R","Defend_R"]},{"damage_healed":0.0,"max_hp_gain":0.0,"max_hp_loss":0.0,"gold_gain":0.0,"event_name":"WeMeetAgain","player_choice":"Gave Potion","floor":14.0,"gold_loss":0.0,"damage_taken":0.0,"relics_obtained":["WingedGreaves"]},{"damage_healed":0.0,"max_hp_gain":0.0,"max_hp_loss":0.0,"gold_gain":0.0,"event_name":"Vampires","player_choice":"Ignored","floor":29.0,"gold_loss":0.0,"damage_taken":0.0},{"damage_healed":0.0,"max_hp_gain":0.0,"max_hp_loss":0.0,"gold_gain":0.0,"event_name":"SensoryStone","player_choice":"Memory 3","floor":37.0,"gold_loss":0.0,"damage_taken":10.0},{"damage_healed":0.0,"max_hp_gain":0.0,"max_hp_loss":0.0,"gold_gain":0.0,"event_name":"Tomb of Lord Red Mask","player_choice":"Ignored","floor":48.0,"gold_loss":0.0,"damage_taken":0.0}],"is_beta":false,"boss_relics":[{"not_picked":["Astrolabe","Cursed Key"],"picked":"Snecko Eye"},{"not_picked":["Runic Pyramid","Runic Cube"],"picked":"Fusion Hammer"}],"items_purged_floors":[11,25,54],"is_endless":false,"potions_floor_spawned":[10,16,18,20,24,27,30,39,43,45,47,49],"ascension_level":0}}