{"host":"rihxvzvzrfpivboj","time":1613309277,"event":{"mods":["Act Like it!","BaseMod","Better Third Choice","Block Reminder","Colored Map","Colored Powertips","Downfall","Gensokyo","GifTheSpireLib","Googly Eyes","Keyboard Shortcuts","Minty Spire (QoL Compilation)","Quick Restart","Relic Sorter","StSLib","SuperFastMode","The Bug Knight","Unceasing Turn Reminder","Waifu the Spire"],"gold_per_floor":[115,130,147,157,173,201,201,233,233,262,276,276,288,299,299,394,394,413,513,533,533,548,577,577,595,595,623,641,658,669,695,695,797,797,808,277,288,288,288,318,318,318,342,353,365,393,189,189,189,189,189,189,7,38,38,38],"floor_reached":55,"language":"ENG","playtime":4340,"items_purged":["HollowMod:NewInfectedGuardian"],"score":913,"play_id":"61d69722-00f9-4985-b39a-80addb6e85b6","local_time":"20210214142757","is_ascension_mode":false,"campfire_choices":[{"data":"HollowMod:InfectedCysts","floor":7,"key":"SMITH"},{"data":"HollowMod:FocusHealStart","floor":12,"key":"SMITH"},{"data":"HollowMod:VengefulVoid","floor":15,"key":"SMITH"},{"data":"HollowMod:SiblingsShadow","floor":24,"key":"SMITH"},{"data":"HollowMod:VengefulVoid","floor":32,"key":"SMITH"},{"floor":42,"key":"REST"},{"floor":49,"key":"RECALL"},{"data":"HollowMod:TaintedHusks","floor":52,"key":"SMITH"}],"circlet_count":0,"master_deck":["HollowMod:FocusHealStart+1","HollowMod:PogoStrike","HollowMod:DashSlash","HollowMod:InfectedCysts+1","HollowMod:VengefulVoid+1","HollowMod:HuntersJournal+1","HollowMod:Hiveblood","HollowMod:GreatSlash","HollowMod:VengefulVoid+1","HollowMod:PerfectDash","HollowMod:SoulMaster","HollowMod:CloakDash","HollowMod:SiblingsShadow+1","HollowMod:SharpenedShadows","HollowMod:DescendingDark","HollowMod:VengefulVoid+1","HollowMod:SiblingsSouls+1","HollowMod:SoulMaster","HollowMod:TaintedHusks+1","HollowMod:WraithStrike","HollowMod:LifebloodCocoon","HollowMod:LifebloodCore","HollowMod:GreatSlash","HollowMod:VengefulVoid+1","HollowMod:CloakDash","Gensokyo:LifeSpringInfinity","HollowMod:CloakDash+1","Gensokyo:SevenSchoolMysteries","HollowMod:AbyssShriek","HollowMod:SoulMaster"],"relics":["Runic Dome","Bottled Flame","HollowMod:MillibellesNoteRelic","Singing Bowl","Kunai","SlaversCollar","HornCleat","Blue Candle","Toy Ornithopter","StoneCalendar","Pandora\u0027s Box","Gambling Chip","DollysMirror","The Courier","Unceasing Top","Strange Spoon","HollowMod:LumaflyLanternRelic"],"acts_visited":["Exordium","TheCity","TheCity","TheEnding"],"potions_floor_usage":[16,18,23,25,27,33,33,40,46,54,55,55],"damage_taken":[{"damage":1,"enemies":"Gensokyo:Python","floor":1,"turns":3},{"damage":0,"enemies":"Gensokyo:2_Kodama","floor":2,"turns":4},{"damage":0,"enemies":"Gensokyo:3_Fairies","floor":3,"turns":3},{"damage":7,"enemies":"Gensokyo:Kitsune","floor":4,"turns":2},{"damage":0,"enemies":"Gensokyo:2_Rabbits","floor":5,"turns":2},{"damage":37,"enemies":"Gensokyo:Cirno","floor":6,"turns":6},{"damage":22,"enemies":"Gensokyo:Aya","floor":8,"turns":6},{"damage":10,"enemies":"Gensokyo:Cirno","floor":10,"turns":4},{"damage":0,"enemies":"Gensokyo:LivingMonolith","floor":11,"turns":2},{"damage":1,"enemies":"Gensokyo:Kitsune","floor":13,"turns":2},{"damage":4,"enemies":"Gensokyo:Python_and_Kodama","floor":14,"turns":2},{"damage":30,"enemies":"Gensokyo:Yukari","floor":16,"turns":8},{"damage":26,"enemies":"Shell Parasite","floor":18,"turns":5},{"damage":16,"enemies":"Chosen","floor":20,"turns":5},{"damage":31,"enemies":"Snake Plant","floor":22,"turns":4},{"damage":14,"enemies":"Slavers","floor":23,"turns":4},{"damage":4,"enemies":"3 Cultists","floor":25,"turns":3},{"damage":10,"enemies":"Book of Stabbing","floor":27,"turns":3},{"damage":39,"enemies":"Shelled Parasite and Fungi","floor":28,"turns":5},{"damage":25,"enemies":"Snake Plant","floor":29,"turns":4},{"damage":8,"enemies":"3 Cultists","floor":30,"turns":2},{"damage":35,"enemies":"Slavers","floor":31,"turns":2},{"damage":36,"enemies":"Collector","floor":33,"turns":6},{"damage":3,"enemies":"Gensokyo:3_Bats","floor":35,"turns":3},{"damage":0,"enemies":"Gensokyo:AncientGuardian","floor":37,"turns":3},{"damage":27,"enemies":"Gensokyo:AncientGuardian","floor":39,"turns":8},{"damage":73,"enemies":"Gensokyo:Marisa","floor":40,"turns":4},{"damage":38,"enemies":"Gensokyo:SeedOfUnknown","floor":44,"turns":4},{"damage":13,"enemies":"Gensokyo:Sharpion","floor":45,"turns":4},{"damage":0,"enemies":"Gensokyo:Doremy","floor":46,"turns":6},{"damage":10,"enemies":"Gensokyo:Shinki","floor":50,"turns":8},{"damage":41,"enemies":"Shield and Spear","floor":54,"turns":4},{"damage":106,"enemies":"The Heart","floor":55,"turns":5}],"seed_played":"5800792157515164948","potions_obtained":[{"floor":2,"key":"SteroidPotion"},{"floor":5,"key":"PowerPotion"},{"floor":6,"key":"FairyPotion"},{"floor":10,"key":"FearPotion"},{"floor":18,"key":"hexamod:SoulburnPotion"},{"floor":22,"key":"ColorlessPotion"},{"floor":23,"key":"CultistPotion"},{"floor":25,"key":"Energy Potion"},{"floor":31,"key":"Fruit Juice"},{"floor":38,"key":"DistilledChaos"},{"floor":38,"key":"Fire Potion"},{"floor":40,"key":"FearPotion"},{"floor":45,"key":"SkillPotion"},{"floor":46,"key":"hexamod:SoulburnPotion"}],"is_trial":false,"path_per_floor":["M","M","M","M","M","E","R","E","T","E","M","R","M","M","R","B",null,"M","?","M","?","M","E","R","M","T","E","M","M","M","E","R","B",null,"M","$","M","?","?","E","?","R","T","M","M","E","COS","?","R","B",null,"R","$","E","B"],"character_chosen":"THE_BUGKNIGHT","items_purchased":["Gambling Chip","DollysMirror","Strange Spoon","HollowMod:AbyssShriek"],"campfire_rested":1,"item_purchase_floors":[36,36,53,53],"current_hp_per_floor":[74,74,74,67,67,45,45,38,38,40,42,42,43,47,47,44,81,65,65,68,68,59,63,63,65,65,66,51,32,26,28,28,13,94,93,93,93,93,93,29,29,57,57,39,34,60,60,60,60,79,102,102,102,61,0,0],"gold":38,"neow_bonus":"BOSS_RELIC","is_daily":false,"chose_seed":false,"campfire_upgraded":6,"win_rate":0.0,"timestamp":1613309277,"path_taken":["M","M","M","M","M","E","R","E","T","E","M","R","M","M","R","BOSS","M","?","?","?","M","E","R","M","T","E","M","?","M","E","R","BOSS","M","$","M","?","?","E","?","R","T","?","M","E","COS","?","R","BOSS","R","$","E","BOSS"],"items_purchased_type":["Relic","Relic","Relic","Card"],"build_version":"2020-12-22","purchased_purges":1,"victory":false,"max_hp_per_floor":[75,75,75,75,75,75,75,75,75,75,77,77,79,81,81,81,81,81,81,81,81,81,81,81,81,81,83,85,85,87,89,89,94,94,96,96,96,96,96,96,96,96,96,98,100,102,102,102,102,102,102,102,102,102,102,102],"card_choices":[{"not_picked":["HollowMod:SoulSplash","HollowMod:ShadowDash"],"picked":"HollowMod:DashSlash","floor":1},{"not_picked":["HollowMod:DreamGate","HollowMod:ShadowDash"],"picked":"HollowMod:InfectedCysts","floor":2},{"not_picked":["HollowMod:NewLittleFool","HollowMod:DoubleDash"],"picked":"HollowMod:VengefulVoid","floor":3},{"not_picked":["HollowMod:SoulShaman","HollowMod:VengefulSpirit"],"picked":"HollowMod:HuntersJournal","floor":4},{"not_picked":["HollowMod:MonarchWings","HollowMod:InfectedAttack"],"picked":"HollowMod:Hiveblood","floor":5},{"not_picked":["HollowMod:CycloneSlash","HollowMod:NewJinnsSoul"],"picked":"HollowMod:GreatSlash","floor":6},{"not_picked":["HollowMod:GoodIntentions","HollowMod:NewJinnsSoul"],"picked":"HollowMod:VengefulVoid","floor":8},{"not_picked":["HollowMod:CycloneSlash","HollowMod:DoubleDash"],"picked":"HollowMod:PerfectDash","floor":10},{"not_picked":["HollowMod:SoulSplash","HollowMod:NewLittleFool","HollowMod:NewInfectedGuardian"],"picked":"Singing Bowl","floor":11},{"not_picked":["HollowMod:SoulStrike","HollowMod:ChannelNail","HollowMod:CloakDash"],"picked":"Singing Bowl","floor":13},{"not_picked":["HollowMod:ShadowDash","HollowMod:GoodIntentions","HollowMod:Grubsong"],"picked":"Singing Bowl","floor":14},{"not_picked":["HollowMod:LifebloodCore","HollowMod:ZotesMagnificence"],"picked":"HollowMod:SoulMaster","floor":16},{"not_picked":["HollowMod:SoulEater","HollowMod:ChannelNail+1"],"picked":"HollowMod:CloakDash","floor":18},{"not_picked":["HollowMod:InfectedCysts","HollowMod:SharpenedNail+1"],"picked":"HollowMod:SiblingsShadow","floor":20},{"not_picked":["HollowMod:ChannelNail","HollowMod:NewLittleFool"],"picked":"HollowMod:SharpenedShadows","floor":22},{"not_picked":["HollowMod:SharpenedShadows","HollowMod:SoulEater"],"picked":"HollowMod:DescendingDark","floor":23},{"not_picked":["HollowMod:ShadowDash+1","HollowMod:LifebloodCocoon"],"picked":"HollowMod:VengefulVoid+1","floor":25},{"not_picked":["HollowMod:NewLittleFool+1","HollowMod:InfectedAttack","HollowMod:SharpenedNail"],"picked":"Singing Bowl","floor":27},{"not_picked":["HollowMod:ShapeofUnn","HollowMod:InfectedAttack","HollowMod:GreatSlash"],"picked":"Singing Bowl","floor":28},{"not_picked":["HollowMod:SoulShaman","HollowMod:GrimmsGift+1"],"picked":"HollowMod:SiblingsSouls+1","floor":29},{"not_picked":["HollowMod:FastStrike","HollowMod:TaintedHusks","HollowMod:ChannelNail"],"picked":"Singing Bowl","floor":30},{"not_picked":["HollowMod:RecoilStrike+1","HollowMod:GreatSlash","HollowMod:GoodIntentions"],"picked":"Singing Bowl","floor":31},{"not_picked":["HollowMod:theNailsmith","HollowMod:LifebloodCore"],"picked":"HollowMod:SoulMaster","floor":33},{"not_picked":["HollowMod:ShapeofUnn","HollowMod:SoulSplash","HollowMod:NewJinnsSoul"],"picked":"Singing Bowl","floor":35},{"not_picked":["HollowMod:FastStrike","HollowMod:AbyssShriek+1"],"picked":"HollowMod:CloakDash","floor":37},{"not_picked":["Gensokyo:HouraiInAPot","Gensokyo:DreamlikeParadise"],"picked":"Gensokyo:LifeSpringInfinity","floor":39},{"not_picked":["HollowMod:NewLittleFool+1","HollowMod:MonarchWings"],"picked":"HollowMod:CloakDash+1","floor":40},{"not_picked":["HollowMod:GreatSlash","HollowMod:MidwifesHunger","HollowMod:DoubleDash+1"],"picked":"Singing Bowl","floor":44},{"not_picked":["HollowMod:CornifersMapStart","HollowMod:SharpenedNail","HollowMod:Grubsong+1"],"picked":"Singing Bowl","floor":45},{"not_picked":["HollowMod:SoulVessel+1","HollowMod:LifebloodCocoon","HollowMod:GoodIntentions"],"picked":"Singing Bowl","floor":46},{"not_picked":["HollowMod:NewJinnsSoul+1","HollowMod:SoulStrike+1"],"picked":"HollowMod:SoulMaster","floor":54}],"player_experience":1149563,"relics_obtained":[{"floor":6,"key":"Bottled Flame"},{"floor":8,"key":"HollowMod:MillibellesNoteRelic"},{"floor":9,"key":"Singing Bowl"},{"floor":10,"key":"Kunai"},{"floor":23,"key":"HornCleat"},{"floor":26,"key":"Blue Candle"},{"floor":27,"key":"Toy Ornithopter"},{"floor":31,"key":"StoneCalendar"},{"floor":40,"key":"The Courier"},{"floor":46,"key":"Unceasing Top"},{"floor":54,"key":"HollowMod:LumaflyLanternRelic"}],"event_choices":[{"damage_healed":0,"gold_gain":100,"player_choice":"Pray","damage_taken":0,"max_hp_gain":0,"max_hp_loss":0,"event_name":"Golden Shrine","floor":19,"gold_loss":0},{"damage_healed":0,"gold_gain":0,"player_choice":"Upgraded","damage_taken":0,"max_hp_gain":0,"max_hp_loss":0,"event_name":"Upgrade Shrine","floor":21,"gold_loss":0,"cards_upgraded":["HollowMod:HuntersJournal"]}],"is_beta":false,"boss_relics":[{"not_picked":["Sozu","Empty Cage"],"picked":"SlaversCollar"},{"not_picked":["Tiny House","Philosopher\u0027s Stone"],"picked":"Pandora\u0027s Box"}],"items_purged_floors":[36],"is_endless":false,"potions_floor_spawned":[2,5,6,10,14,18,22,23,25,31,40,45,46],"killed_by":"The Heart","ascension_level":0}}