{"host":"5lhqv34qsybwndcz","time":1613310418,"event":{"mods":["AchievementEnabler","BaseMod","Colored Map","Colored Powertips","Downfall","Minty Spire (QoL Compilation)","Quick Restart","Replay The Spire","StSLib"],"gold_per_floor":[99,114,134,134,134,134,179,454,465,483,503,517,303,323,335,439,439,439,451,464,464,478,488,488,501,512,524,524,549,549,563,581,581,581,581],"floor_reached":33,"language":"ENG","playtime":1807,"items_purged":[],"score":294,"play_id":"e994d57b-b1fb-492c-a7b0-30793a2713e0","local_time":"20210214154658","is_ascension_mode":false,"campfire_choices":[{"data":"Guardian:TwinSlam","floor":1,"key":"SMITH"},{"floor":6,"key":"RECALL"},{"data":"Guardian:PrismaticBeam","floor":18,"key":"SMITH"},{"data":"Guardian:CrystalBeam","floor":30,"key":"SMITH"}],"circlet_count":0,"master_deck":["Guardian:Strike_Guardian+1","Guardian:Strike_Guardian+1","Guardian:Strike_Guardian","Guardian:Strike_Guardian","Guardian:Defend_Guardian","Guardian:Defend_Guardian","Guardian:Defend_Guardian","Guardian:Defend_Guardian","Guardian:CurlUp","Guardian:TwinSlam+1","Guardian:PolyBeam","Guardian:Reroute+1","downfall:Malfunctioning","Regret","Guardian:PrismaticBeam+1","Guardian:CrystalBeam","Guardian:BronzeArmor","Guardian:Suspension","Guardian:CrystalBeam","Guardian:ConstructionForm+1","Guardian:CrystalBeam+1","Guardian:BronzeOrb+1","Guardian:Preprogram","Guardian:Incinerate","Guardian:CrystalBeam+1","Guardian:VentSteam","Guardian:StasisStrike","Guardian:Gem_Cyan","Guardian:TemporalStrike+1"],"relics":["Guardian:ModeShifter","Guardian:PickAxe","Blood Vial","Guardian:StasisSlotReductionRelic","Blue Candle","Dream Catcher"],"acts_visited":["Exordium","TheCity"],"potions_floor_usage":[12,15,16,16,23,27,29,29,32,33],"damage_taken":[{"damage":2,"enemies":"2 Louse","floor":2,"turns":4},{"damage":1,"enemies":"Cultist","floor":3,"turns":3},{"damage":14,"enemies":"Cultist","floor":5,"turns":6},{"damage":3,"enemies":"Jaw Worm","floor":9,"turns":3},{"damage":4,"enemies":"Gremlin Gang","floor":10,"turns":3},{"damage":11,"enemies":"2 Fungi Beasts","floor":11,"turns":3},{"damage":0,"enemies":"Lots of Slimes","floor":12,"turns":1},{"damage":2,"enemies":"downfall:FleeingMerchant","floor":13,"turns":4},{"damage":12,"enemies":"3 Louse","floor":14,"turns":5},{"damage":6,"enemies":"Exordium Wildlife","floor":15,"turns":3},{"damage":27,"enemies":"WA_ARCHETYPE_RETAIN","floor":16,"turns":7},{"damage":14,"enemies":"Shell Parasite","floor":19,"turns":5},{"damage":0,"enemies":"Spheric Guardian","floor":20,"turns":4},{"damage":9,"enemies":"Snake Plant","floor":22,"turns":3},{"damage":9,"enemies":"Cultist and Chosen","floor":23,"turns":4},{"damage":0,"enemies":"Snecko","floor":25,"turns":3},{"damage":18,"enemies":"3 Cultists","floor":26,"turns":5},{"damage":10,"enemies":"Shelled Parasite and Fungi","floor":27,"turns":4},{"damage":18,"enemies":"Replay:Snechameleon","floor":29,"turns":3},{"damage":16,"enemies":"Snake Plant","floor":31,"turns":3},{"damage":15,"enemies":"3 Cultists","floor":32,"turns":4},{"damage":53,"enemies":"DF_ARCHETYPE_CLAW","floor":33,"turns":8}],"seed_played":"-6899223554324033793","potions_obtained":[{"floor":2,"key":"Adrenaline Potion"},{"floor":10,"key":"hexamod:SoulburnPotion"},{"floor":11,"key":"AttackPotion"},{"floor":15,"key":"Doom Potion"},{"floor":16,"key":"Strength Potion"},{"floor":22,"key":"Fire Potion"},{"floor":26,"key":"Explosive Potion"},{"floor":27,"key":"Weak Potion"},{"floor":31,"key":"PowerPotion"},{"floor":32,"key":"Weak Potion"}],"is_trial":false,"path_per_floor":["R","M","M","?","?","R","T","?","M","M","M","M","$","M","M","B",null,"R","M","M","?","M","M","T","M","M","M","?","E","R","M","M","B"],"character_chosen":"GUARDIAN","items_purchased":["Blood Vial","Guardian:CrystalBeam"],"campfire_rested":0,"item_purchase_floors":[13,13],"current_hp_per_floor":[88,86,85,85,65,65,65,65,62,58,47,47,45,35,31,6,88,88,74,76,76,69,62,62,64,48,40,88,70,70,56,43,0,0,0],"gold":581,"neow_bonus":"TEN_PERCENT_HP_BONUS","is_daily":false,"chose_seed":false,"campfire_upgraded":3,"win_rate":0.0,"timestamp":1613310418,"path_taken":["R","M","M","?","?","R","T","?","M","M","M","M","$","?","M","BOSS","R","M","?","?","M","?","T","M","M","M","?","E","R","?","M","BOSS"],"items_purchased_type":["Relic","Card"],"build_version":"2020-12-22","purchased_purges":0,"victory":false,"max_hp_per_floor":[88,88,88,88,88,88,88,88,88,88,88,88,88,88,88,88,88,88,88,88,88,88,88,88,88,88,88,88,88,88,88,88,88,88,88],"card_choices":[{"not_picked":["Guardian:BronzeArmor","Guardian:WalkerClaw"],"picked":"Guardian:PolyBeam","floor":2},{"not_picked":["Guardian:MultiBeam","Guardian:RollAttack"],"picked":"Guardian:Reroute","floor":3},{"not_picked":["Guardian:DecasProtection","Guardian:BronzeArmor"],"picked":"Guardian:PrismaticBeam","floor":9},{"not_picked":["Guardian:ShieldSpikes","Guardian:Incinerate"],"picked":"Guardian:CrystalBeam","floor":10},{"not_picked":["Guardian:ShieldCharger","Guardian:Planning"],"picked":"Guardian:BronzeArmor","floor":11},{"not_picked":["Guardian:PrimingBeam","Guardian:TemporalStrike"],"picked":"Guardian:Suspension","floor":12},{"not_picked":["Guardian:RefractedBeam","Guardian:SentryBeam"],"picked":"Guardian:Gem_Crimson","floor":13},{"not_picked":["Guardian:Gem_Lightblue","Guardian:CrystalBeam"],"picked":"Guardian:Gem_Green","floor":14},{"not_picked":["Guardian:ArmoredProtocol","Guardian:Gem_Red"],"picked":"Guardian:Gem_Orange","floor":15},{"not_picked":["Guardian:RevengeProtocol","Guardian:TimeSifter"],"picked":"Guardian:ConstructionForm","floor":16},{"not_picked":["Guardian:PiercingHide+1","Guardian:TemporalStrike+1"],"picked":"Guardian:CrystalBeam","floor":19},{"not_picked":["Guardian:PrismaticBeam","Guardian:TemporalStrike+1"],"picked":"Guardian:BronzeOrb+1","floor":20},{"not_picked":["Guardian:Gem_Lightblue","Guardian:PrismaticBarrier"],"picked":"Guardian:Preprogram","floor":22},{"not_picked":["Guardian:Gem_Fragmented","Guardian:PiercingHide"],"picked":"Guardian:Incinerate","floor":23},{"not_picked":["Guardian:FloatingOrbs+1","Guardian:Gem_Red"],"picked":"Guardian:CrystalBeam+1","floor":25},{"not_picked":["Guardian:ChargeCore","Guardian:Gem_Cyan"],"picked":"Guardian:VentSteam","floor":26},{"not_picked":["Guardian:PrismaticBarrier","Guardian:WalkerClaw"],"picked":"Guardian:StasisStrike","floor":27},{"not_picked":["Guardian:Gem_Synthetic","Guardian:Gem_Red"],"picked":"Guardian:Gem_Green","floor":29},{"not_picked":["Guardian:ChargeCore","Guardian:Recover"],"picked":"Guardian:Gem_Cyan","floor":31},{"not_picked":["Guardian:Gem_Yellow","Guardian:VentSteam"],"picked":"Guardian:TemporalStrike+1","floor":32}],"player_experience":70784,"relics_obtained":[{"floor":24,"key":"Blue Candle"},{"floor":29,"key":"Dream Catcher"}],"event_choices":[{"damage_healed":48,"gold_gain":0,"player_choice":"Full Heal","damage_taken":0,"max_hp_gain":0,"max_hp_loss":0,"event_name":"Wheel of Change","floor":28,"gold_loss":0}],"is_beta":false,"boss_relics":[{"not_picked":["Runic Dome","Sozu"],"picked":"Guardian:StasisSlotReductionRelic"}],"items_purged_floors":[],"is_endless":false,"potions_floor_spawned":[2,10,11,15,16,22,26,27,31,32],"killed_by":"DF_ARCHETYPE_CLAW","ascension_level":0}}