{"host":"ty2cix8xj6r3ad26","time":1613296897,"event":{"mods":["AchievementEnabler","BaseMod","BetterRewards","Marisa????????","Minty Spire (QoL Compilation)","Quick Restart","StSLib","SuperFastMode"],"gold_per_floor":[113,127,139,158,170,170,184,209,209,209,209,225,0,17,17,114,114,128,138,138,13,32,32,107,107,107,127,143,143,154,172,172,172,172],"floor_reached":33,"language":"ENG","playtime":3249,"items_purged":["Strike_B","Defend_B","Strike_B"],"score":395,"play_id":"81058dfe-fe47-40be-80b4-1d5e37d95e62","local_time":"20210214120137","is_ascension_mode":true,"campfire_choices":[{"data":"Defragment","floor":6,"key":"SMITH"},{"data":"Zap","floor":11,"key":"SMITH"},{"data":"Hologram","floor":15,"key":"SMITH"},{"data":"Loop","floor":23,"key":"SMITH"},{"data":"Dualcast","floor":25,"key":"SMITH"},{"data":"Amplify","floor":29,"key":"SMITH"},{"floor":32,"key":"REST"}],"circlet_count":0,"master_deck":["AscendersBane","Strike_B","Strike_B+1","Defend_B","Defend_B","Zap+1","Dualcast+1","Core Surge+1","Defragment+1","Hologram+1","Loop+1","Chill","Amplify+1","Cold Snap","Capacitor","Electrodynamics","Genetic Algorithm+1","Biased Cognition"],"relics":["Cracked Core","Lee\u0027s Waffle","Symbiotic Virus","Whetstone","Lantern","Anchor","Inserter","Nunchaku","Bag of Marbles"],"acts_visited":["Exordium","TheCity"],"potions_floor_usage":[16,18,31,31],"damage_taken":[{"damage":1,"enemies":"Cultist","floor":1,"turns":3},{"damage":2,"enemies":"Jaw Worm","floor":2,"turns":2},{"damage":8,"enemies":"Small Slimes","floor":3,"turns":3},{"damage":6,"enemies":"Exordium Wildlife","floor":4,"turns":7},{"damage":13,"enemies":"Lots of Slimes","floor":5,"turns":5},{"damage":10,"enemies":"Looter","floor":7,"turns":3},{"damage":3,"enemies":"3 Sentries","floor":8,"turns":10},{"damage":7,"enemies":"3 Louse","floor":12,"turns":3},{"damage":0,"enemies":"2 Fungi Beasts","floor":14,"turns":3},{"damage":4,"enemies":"The Guardian","floor":16,"turns":8},{"damage":2,"enemies":"Shell Parasite","floor":18,"turns":5},{"damage":0,"enemies":"3 Byrds","floor":19,"turns":1},{"damage":32,"enemies":"Snecko","floor":22,"turns":7},{"damage":0,"enemies":"3 Cultists","floor":27,"turns":2},{"damage":17,"enemies":"Snake Plant","floor":28,"turns":4},{"damage":3,"enemies":"Centurion and Healer","floor":30,"turns":3},{"damage":0,"enemies":"Shelled Parasite and Fungi","floor":31,"turns":5},{"damage":30,"enemies":"Collector","floor":33,"turns":2}],"seed_played":"166556606903972698","potions_obtained":[{"floor":4,"key":"Ancient Potion"},{"floor":12,"key":"FearPotion"},{"floor":16,"key":"Block Potion"},{"floor":22,"key":"PotionOfCapacity"},{"floor":28,"key":"SneckoOil"},{"floor":30,"key":"SkillPotion"}],"is_trial":false,"path_per_floor":["M","M","M","M","M","R","M","E","T","?","R","M","$","M","R","B",null,"M","M","?","$","M","R","?","R","T","M","M","R","M","M","R","B"],"character_chosen":"DEFECT","items_purchased":["Lee\u0027s Waffle","Symbiotic Virus","Core Surge","Whetstone","Defragment","Cold Snap","Capacitor"],"campfire_rested":1,"item_purchase_floors":[0,0,0,0,0,13,13],"current_hp_per_floor":[81,79,71,65,52,52,42,39,39,32,32,25,25,25,25,21,67,65,65,65,65,33,33,25,25,25,25,8,8,5,5,29,0,0],"gold":172,"neow_bonus":"","is_daily":false,"chose_seed":false,"campfire_upgraded":6,"win_rate":0.0,"timestamp":1613296897,"path_taken":["M","M","?","?","?","R","M","E","T","?","R","M","$","M","R","BOSS","M","M","?","$","M","R","?","R","T","M","M","R","M","?","R","BOSS"],"items_purchased_type":["Relic","Relic","Card","Relic","Card","Card","Card"],"build_version":"2020-12-22","purchased_purges":3,"victory":false,"max_hp_per_floor":[82,82,82,82,82,82,82,82,82,82,82,82,82,82,82,82,82,82,82,82,82,82,82,82,82,82,82,82,82,82,82,82,82,82],"card_choices":[{"not_picked":["Force Field","Sweeping Beam"],"picked":"Hologram","floor":1},{"not_picked":["Leap","Go for the Eyes"],"picked":"Loop","floor":2},{"not_picked":["Turbo","Coolheaded"],"picked":"Chill","floor":3},{"not_picked":["Leap","Defragment"],"picked":"Amplify","floor":4},{"not_picked":["Redo","Barrage","Beam Cell"],"picked":"SKIP","floor":5},{"not_picked":["Stack","Reinforced Body","Darkness"],"picked":"SKIP","floor":7},{"not_picked":["Fusion","Stack","FTL"],"picked":"SKIP","floor":8},{"not_picked":["Steam Power","Chill","Steam"],"picked":"SKIP","floor":12},{"not_picked":["Stack","Auto Shields","Rebound"],"picked":"SKIP","floor":14},{"not_picked":["Rainbow","Thunder Strike"],"picked":"Electrodynamics","floor":16},{"not_picked":["Redo","Double Energy","Compile Driver"],"picked":"SKIP","floor":18},{"not_picked":["Darkness","Steam","Ball Lightning"],"picked":"SKIP","floor":19},{"not_picked":["Hologram","Turbo","Sunder"],"picked":"SKIP","floor":22},{"not_picked":["Hologram","Stack","Blizzard"],"picked":"SKIP","floor":27},{"not_picked":["Steam","Static Discharge"],"picked":"Genetic Algorithm+1","floor":28},{"not_picked":["Sunder","Compile Driver"],"picked":"Biased Cognition","floor":30},{"not_picked":["Hologram","Ball Lightning","Redo"],"picked":"SKIP","floor":31}],"player_experience":580020,"relics_obtained":[{"floor":8,"key":"Lantern"},{"floor":9,"key":"Anchor"},{"floor":26,"key":"Bag of Marbles"}],"event_choices":[{"cards_removed":["Defend_B"],"damage_healed":0,"gold_gain":0,"player_choice":"Card Removal","damage_taken":7,"max_hp_gain":0,"max_hp_loss":0,"event_name":"Golden Wing","floor":10,"gold_loss":0},{"damage_healed":0,"gold_gain":0,"player_choice":"Opened","damage_taken":0,"relics_obtained":["Nunchaku"],"max_hp_gain":0,"max_hp_loss":0,"event_name":"The Mausoleum","floor":20,"gold_loss":0},{"damage_healed":0,"gold_gain":75,"player_choice":"Touch","damage_taken":8,"max_hp_gain":0,"max_hp_loss":0,"event_name":"FaceTrader","floor":24,"gold_loss":0}],"is_beta":false,"boss_relics":[{"not_picked":["Runic Pyramid","SacredBark"],"picked":"Inserter"}],"items_purged_floors":[0,13,21],"is_endless":false,"potions_floor_spawned":[4,12,16,22,28,30],"killed_by":"Collector","ascension_level":11}}