{"host":"qc8p2flj7wsy3zpg","time":1613340861,"event":{"mods":["BaseMod","Highlight Path","Minty Spire (QoL Compilation)","Relic Stats","StSLib"],"gold_per_floor":[109,127,30,47,47,81,81,101,101,118,144,196,222,239,239,311,311,329,341,359,359,373,404,75,115,115,115,150,159,159,159,159,242,242,252,264,214,229,71,71,71,0,0,16,51,108,142,157,157,157,157,157],"floor_reached":51,"language":"ENG","playtime":3808,"items_purged":["Strike_G"],"score":1619,"play_id":"2c0a7694-005d-4212-9bdd-9527a343e3fd","local_time":"20210214161421","is_ascension_mode":true,"campfire_choices":[{"floor":7.0,"key":"REST"},{"data":"Wraith Form v2","floor":15.0,"key":"SMITH"},{"data":"Catalyst","floor":27.0,"key":"SMITH"},{"floor":30.0,"key":"REST"},{"floor":32.0,"key":"REST"},{"data":"Noxious Fumes","floor":40.0,"key":"SMITH"},{"floor":49.0,"key":"RECALL"}],"circlet_count":0,"master_deck":["AscendersBane","Strike_G","Strike_G","Strike_G","Strike_G","Defend_G+1","Defend_G","Defend_G","Defend_G","Defend_G","Survivor","Neutralize","Adrenaline","Riddle With Holes","Bouncing Flask","Dagger Spray","Noxious Fumes+1","Dagger Throw+1","Wraith Form v2+1","PiercingWail","Catalyst+1","PiercingWail","Night Terror","Deadly Poison","Bullet Time","Footwork","Acrobatics","Leg Sweep","Crippling Poison+1","Crippling Poison+1","Malaise+1","Dodge and Roll+1"],"relics":["Ring of the Snake","Pen Nib","PreservedInsect","Kunai","Oddly Smooth Stone","Bronze Scales","Snecko Eye","Spirit Poop","CeramicFish","OrangePellets","Toxic Egg 2","Bottled Tornado","Boot","Enchiridion","Busted Crown","Anchor","Red Mask","Molten Egg 2","StoneCalendar","CaptainsWheel"],"acts_visited":["Exordium","TheCity","TheBeyond"],"potions_floor_usage":[],"damage_taken":[{"damage":2.0,"enemies":"Jaw Worm","floor":1.0,"turns":6.0},{"damage":0.0,"enemies":"2 Louse","floor":2.0,"turns":3.0},{"damage":1.0,"enemies":"Cultist","floor":4.0,"turns":3.0},{"damage":29.0,"enemies":"Lagavulin","floor":6.0,"turns":7.0},{"damage":0.0,"enemies":"3 Louse","floor":8.0,"turns":2.0},{"damage":2.0,"enemies":"Blue Slaver","floor":10.0,"turns":3.0},{"damage":9.0,"enemies":"Gremlin Nob","floor":11.0,"turns":4.0},{"damage":1.0,"enemies":"Lagavulin","floor":13.0,"turns":5.0},{"damage":5.0,"enemies":"2 Fungi Beasts","floor":14.0,"turns":3.0},{"damage":6.0,"enemies":"Hexaghost","floor":16.0,"turns":7.0},{"damage":0.0,"enemies":"3 Byrds","floor":18.0,"turns":2.0},{"damage":0.0,"enemies":"Spheric Guardian","floor":19.0,"turns":2.0},{"damage":2.0,"enemies":"Cultist and Chosen","floor":20.0,"turns":6.0},{"damage":12.0,"enemies":"Centurion and Healer","floor":22.0,"turns":6.0},{"damage":0.0,"enemies":"Book of Stabbing","floor":23.0,"turns":3.0},{"damage":4.0,"enemies":"Gremlin Leader","floor":25.0,"turns":5.0},{"damage":5.0,"enemies":"Slavers","floor":28.0,"turns":5.0},{"damage":10.0,"enemies":"Champ","floor":33.0,"turns":5.0},{"damage":0.0,"enemies":"3 Shapes","floor":35.0,"turns":3.0},{"damage":10.0,"enemies":"3 Darklings","floor":36.0,"turns":5.0},{"damage":0.0,"enemies":"4 Shapes","floor":38.0,"turns":3.0},{"damage":0.0,"enemies":"Maw","floor":44.0,"turns":6.0},{"damage":17.0,"enemies":"Reptomancer","floor":45.0,"turns":3.0},{"damage":3.0,"enemies":"2 Orb Walkers","floor":46.0,"turns":4.0},{"damage":0.0,"enemies":"Giant Head","floor":47.0,"turns":7.0},{"damage":9.0,"enemies":"3 Darklings","floor":48.0,"turns":4.0},{"damage":17.0,"enemies":"Awakened One","floor":50.0,"turns":13.0},{"damage":1,"enemies":"Donu and Deca","floor":51,"turns":5}],"seed_played":"-7049382036126353944","potions_obtained":[{"floor":1.0,"key":"Weak Potion"},{"floor":6.0,"key":"SpeedPotion"},{"floor":10.0,"key":"GamblersBrew"},{"floor":11.0,"key":"Energy Potion"},{"floor":14.0,"key":"LiquidMemories"},{"floor":16.0,"key":"EntropicBrew"}],"is_trial":false,"path_per_floor":["M","M","$","M","?","E","R","M","T","M","E","T","E","M","R","B",null,"M","M","M","?","M","E","$","E","T","R","E","?","R","?","R","B",null,"M","M","?","M","$","R","$","?","T","M","E","?","E","M","R","B","B"],"character_chosen":"THE_SILENT","items_purchased":["Dagger Spray","Noxious Fumes","OrangePellets","Leg Sweep","Anchor"],"campfire_rested":3,"item_purchase_floors":[3,3,24,24,39],"current_hp_per_floor":[57,57,57,56,56,27,46,46,46,44,35,35,34,29,29,23,55,55,55,53,53,41,41,41,37,37,37,32,32,50,29,47,37,57,57,47,47,47,47,47,47,47,47,47,30,27,27,18,18,1,0,0],"gold":157,"neow_bonus":"THREE_RARE_CARDS","is_daily":false,"chose_seed":false,"campfire_upgraded":3,"win_rate":0.0,"timestamp":1613340861,"path_taken":["M","M","$","M","?","E","R","M","T","M","E","?","E","M","R","BOSS","M","M","M","?","?","E","$","E","T","R","E","?","R","?","R","BOSS","M","M","?","?","?","R","$","?","T","M","E","?","E","M","R","BOSS","BOSS"],"items_purchased_type":["Card","Card","Relic","Card","Relic"],"build_version":"2020-12-22","purchased_purges":1,"victory":false,"max_hp_per_floor":[66,66,66,66,66,66,66,66,66,66,66,66,66,66,66,66,66,66,66,66,63,63,63,63,63,63,63,63,63,63,63,63,63,63,63,63,63,63,63,63,63,63,63,63,63,63,63,63,63,63,63,63],"relic_stats":{"counters":[28,130],"CeramicFish":45,"StoneCalendar":[70],"Pen Nib":[16],"PreservedInsect":379,"Boot":[94],"OrangePellets":[29],"Busted Crown":16,"Bronze Scales":[333],"Snecko Eye":[111,110,78,112],"Kunai":[25],"obtain_stats":[{"CeramicFish":23,"Oddly Smooth Stone":12,"Spirit Poop":21,"Enchiridion":31,"StoneCalendar":46,"Pen Nib":6,"PreservedInsect":9,"Bottled Tornado":26,"Boot":28,"OrangePellets":24,"Anchor":39,"CaptainsWheel":47,"Busted Crown":34,"Bronze Scales":13,"Snecko Eye":17,"Molten Egg 2":45,"Red Mask":42,"Kunai":11,"Toxic Egg 2":25,"Ring of the Snake":0},{"CeramicFish":15,"Oddly Smooth Stone":7,"Spirit Poop":13,"Enchiridion":17,"StoneCalendar":24,"Pen Nib":4,"PreservedInsect":5,"Bottled Tornado":16,"Boot":17,"OrangePellets":15,"Anchor":21,"CaptainsWheel":25,"Busted Crown":18,"Bronze Scales":8,"Snecko Eye":10,"Molten Egg 2":23,"Red Mask":21,"Kunai":7,"Toxic Egg 2":16,"Ring of the Snake":0},{"CeramicFish":62,"Oddly Smooth Stone":28,"Spirit Poop":53,"Enchiridion":72,"StoneCalendar":101,"Pen Nib":19,"PreservedInsect":21,"Bottled Tornado":67,"Boot":72,"OrangePellets":62,"Anchor":88,"CaptainsWheel":108,"Busted Crown":77,"Bronze Scales":33,"Snecko Eye":43,"Molten Egg 2":97,"Red Mask":88,"Kunai":28,"Toxic Egg 2":67,"Ring of the Snake":0}],"Ring of the Snake":[56]},"card_choices":[{"not_picked":["Tools of the Trade","Phantasmal Killer"],"picked":"Adrenaline","floor":0.0},{"not_picked":["Footwork","Concentrate"],"picked":"Riddle With Holes","floor":1.0},{"not_picked":["Accuracy","Prepared"],"picked":"Bouncing Flask","floor":2.0},{"not_picked":["Choke","Cloak And Dagger"],"picked":"Dagger Throw","floor":4.0},{"not_picked":["Slice","Predator"],"picked":"Wraith Form v2","floor":6.0},{"not_picked":["Deflect","Acrobatics"],"picked":"PiercingWail","floor":8.0},{"not_picked":["Underhanded Strike","Quick Slash"],"picked":"Catalyst","floor":10.0},{"not_picked":["Dagger Spray","Deflect"],"picked":"PiercingWail","floor":11.0},{"not_picked":["Flying Knee","Finisher"],"picked":"Night Terror","floor":13.0},{"not_picked":["Backflip","Dagger Spray"],"picked":"Deadly Poison","floor":14.0},{"not_picked":["Phantasmal Killer","Envenom"],"picked":"Bullet Time","floor":16.0},{"not_picked":["Dagger Spray","Deflect+1"],"picked":"Footwork","floor":18.0},{"not_picked":["Blade Dance","Accuracy"],"picked":"Acrobatics","floor":20.0},{"not_picked":["Poisoned Stab","Riddle With Holes","Outmaneuver"],"picked":"SKIP","floor":22.0},{"not_picked":["Eviscerate","Glass Knife","Backflip"],"picked":"SKIP","floor":23.0},{"not_picked":["Sucker Punch","Predator"],"picked":"Crippling Poison+1","floor":25.0},{"not_picked":["Glass Knife","Phantasmal Killer+1"],"picked":"Malaise+1","floor":33.0},{"not_picked":["Deadly Poison+1"],"picked":"SKIP","floor":38.0},{"not_picked":["Sucker Punch+1"],"picked":"SKIP","floor":45.0},{"not_picked":[],"picked":"Dodge and Roll+1","floor":46.0},{"not_picked":["Die Die Die+1"],"picked":"SKIP","floor":47.0},{"not_picked":["Poisoned Stab+1"],"picked":"SKIP","floor":48.0}],"player_experience":2381432,"relics_obtained":[{"floor":6.0,"key":"Pen Nib"},{"floor":9.0,"key":"PreservedInsect"},{"floor":11.0,"key":"Kunai"},{"floor":12.0,"key":"Oddly Smooth Stone"},{"floor":13.0,"key":"Bronze Scales"},{"floor":23.0,"key":"CeramicFish"},{"floor":25.0,"key":"Toxic Egg 2"},{"floor":26.0,"key":"Bottled Tornado"},{"floor":28.0,"key":"Boot"},{"floor":31.0,"key":"Enchiridion"},{"floor":45.0,"key":"Molten Egg 2"},{"floor":46.0,"key":"StoneCalendar"},{"floor":47.0,"key":"CaptainsWheel"}],"event_choices":[{"damage_healed":0.0,"max_hp_gain":0.0,"max_hp_loss":0.0,"gold_gain":0.0,"event_name":"Liars Game","player_choice":"Ignored","floor":5.0,"gold_loss":0.0,"damage_taken":0.0},{"cards_removed":["Parasite"],"damage_healed":0.0,"max_hp_gain":0.0,"max_hp_loss":0.0,"gold_gain":0.0,"event_name":"Bonfire Elementals","player_choice":"Offered Curse","floor":21.0,"gold_loss":0.0,"damage_taken":0.0,"relics_obtained":["Spirit Poop"]},{"damage_healed":0.0,"max_hp_gain":0.0,"max_hp_loss":0.0,"gold_gain":0.0,"event_name":"The Library","player_choice":"Read","floor":29.0,"gold_loss":0.0,"damage_taken":0.0,"cards_obtained":["Crippling Poison"]},{"damage_healed":0.0,"max_hp_gain":0.0,"max_hp_loss":0.0,"gold_gain":0.0,"event_name":"Cursed Tome","player_choice":"Obtained Book","floor":31.0,"gold_loss":0.0,"damage_taken":21.0},{"damage_healed":0.0,"max_hp_gain":0.0,"max_hp_loss":0.0,"gold_gain":0.0,"event_name":"Designer","player_choice":"Upgraded Two","floor":37.0,"gold_loss":50.0,"damage_taken":0.0,"cards_upgraded":["Defend_G","Dagger Throw"]},{"damage_healed":0.0,"max_hp_gain":0.0,"max_hp_loss":0.0,"gold_gain":0.0,"event_name":"Tomb of Lord Red Mask","player_choice":"Paid","floor":42.0,"gold_loss":71.0,"damage_taken":0.0,"relics_obtained":["Red Mask"]},{"damage_healed":0.0,"max_hp_gain":0.0,"max_hp_loss":0.0,"gold_gain":0.0,"event_name":"Mysterious Sphere","player_choice":"Fight","floor":46.0,"gold_loss":0.0,"damage_taken":0.0}],"is_beta":false,"boss_relics":[{"not_picked":["Fusion Hammer","Velvet Choker"],"picked":"Snecko Eye"},{"not_picked":["Pandora\u0027s Box","SlaversCollar"],"picked":"Busted Crown"}],"items_purged_floors":[24],"is_endless":false,"potions_floor_spawned":[1,6,10,11,14,16,18,19,28,36,38,45],"killed_by":"Donu and Deca","ascension_level":20}}