{"host":"c83fcgyuu74iknko","time":1613305261,"event":{"mods":["BaseMod","BetterRewards","Colored Map","Colored Powertips","Minty Spire (QoL Compilation)","Quick Restart","StSLib","The Animator","The Senshi"],"gold_per_floor":[117,142,142,68,68,95,109,123,149,149,177,33,33,33,33,140,190,209,209,209,209,248,248,248],"floor_reached":23,"language":"ENG","playtime":1150,"items_purged":["animator:Strike"],"score":247,"play_id":"0ea92935-e090-4235-8e63-51a0a781ff9c","local_time":"20210214042101","is_ascension_mode":false,"campfire_choices":[{"data":"animator:Kaijin","floor":10,"key":"SMITH"},{"data":"animator:Vesta","floor":13,"key":"SMITH"},{"data":"animator:Hakurou","floor":15,"key":"SMITH"}],"circlet_count":0,"master_deck":["animator:Strike_TenSura+1","animator:Defend_TenSura","animator:Strike","animator:Strike","animator:Defend","animator:Defend","animator:Defend","animator:Benimaru+1","animator:Shuna","animator:Hakurou+1","animator:Kaijin+1","animator:SwordMaiden","animator:Vesta+1","animator:Souei","animator:Shizu","animator:Shion","Decay","animator:Millim"],"relics":["animator:LivingPicture","animator:TheMissingPiece","NeowsBlessing","TungstenRod","Orichalcum","Bottled Flame","Regal Pillow","Tiny House","HornCleat","Nilry\u0027s Codex"],"acts_visited":["Exordium","TheCity"],"potions_floor_usage":[8,16,23],"damage_taken":[{"damage":0,"enemies":"Small Slimes","floor":1,"turns":1},{"damage":0,"enemies":"Jaw Worm","floor":2,"turns":1},{"damage":0,"enemies":"Gremlin Nob","floor":6,"turns":1},{"damage":0,"enemies":"2 Louse","floor":7,"turns":3},{"damage":12,"enemies":"Red Slaver","floor":8,"turns":4},{"damage":15,"enemies":"3 Sentries","floor":11,"turns":8},{"damage":24,"enemies":"The Guardian","floor":16,"turns":9},{"damage":23,"enemies":"2 Thieves","floor":18,"turns":4},{"damage":14,"enemies":"Spheric Guardian","floor":22,"turns":4},{"damage":39,"enemies":"Book of Stabbing","floor":23,"turns":5}],"seed_played":"-3169544309228344659","potions_obtained":[{"floor":2,"key":"SpeedPotion"},{"floor":8,"key":"Fruit Juice"},{"floor":16,"key":"BlessingOfTheForge"},{"floor":17,"key":"SmokeBomb"}],"is_trial":false,"path_per_floor":["M","M","?","$","?","E","M","M","T","R","E","$","R","?","R","B",null,"M","?","?","?","M","E"],"character_chosen":"THE_ANIMATOR","items_purchased":["animator:Kaijin","animator:Souei"],"campfire_rested":0,"item_purchase_floors":[4,12],"current_hp_per_floor":[66,66,66,66,71,71,72,65,65,65,50,50,50,48,48,24,83,60,60,48,48,34,0,0],"gold":248,"neow_bonus":"THREE_ENEMY_KILL","is_daily":false,"chose_seed":false,"campfire_upgraded":3,"win_rate":0.0,"timestamp":1613305261,"path_taken":["M","M","?","$","?","E","M","M","T","R","E","$","R","?","R","BOSS","M","?","?","?","?","E"],"items_purchased_type":["Card","Card"],"build_version":"2020-12-22","purchased_purges":1,"victory":false,"max_hp_per_floor":[66,66,66,66,71,71,72,77,77,77,77,77,77,77,77,77,83,83,83,83,83,83,83,83],"card_choices":[{"not_picked":["animator:Verdia","animator:LizardPriest","animator:Priestess"],"picked":"SKIP","floor":1},{"not_picked":["animator:Jibril","animator:Viivi"],"picked":"animator:Hakurou","floor":2},{"not_picked":["animator:Lu","animator:ChlammyZell"],"picked":"animator:SwordMaiden","floor":6},{"not_picked":["animator:Hakurou","animator:Souei"],"picked":"animator:Vesta","floor":7},{"not_picked":["animator:FielNirvalen","animator:Aqua","animator:TukaLunaMarceau"],"picked":"SKIP","floor":8},{"not_picked":["animator:Ain","animator:Raven","animator:FielNirvalen"],"picked":"SKIP","floor":11},{"not_picked":["animator:Elesis","animator:GoblinSlayer"],"picked":"animator:Shizu","floor":16},{"not_picked":["animator:Verdia","animator:YaoHaDucy"],"picked":"animator:Shion","floor":17},{"not_picked":["animator:Aisha","animator:DolaSchwi","animator:YaoHaDucy+1"],"picked":"SKIP","floor":18},{"not_picked":["animator:Vesta","animator:Shuna"],"picked":"animator:Millim","floor":22}],"player_experience":276642,"relics_obtained":[{"floor":6,"key":"TungstenRod"},{"floor":9,"key":"Orichalcum"},{"floor":11,"key":"Bottled Flame"},{"floor":20,"key":"Nilry\u0027s Codex"}],"event_choices":[{"damage_healed":0,"gold_gain":0,"player_choice":"Ignored","damage_taken":0,"max_hp_gain":0,"max_hp_loss":0,"event_name":"Liars Game","floor":3,"gold_loss":0},{"damage_healed":0,"gold_gain":0,"player_choice":"Donut","damage_taken":0,"max_hp_gain":5,"max_hp_loss":0,"event_name":"Big Fish","floor":5,"gold_loss":0},{"damage_healed":0,"gold_gain":0,"player_choice":"Success","damage_taken":3,"relics_obtained":["Regal Pillow"],"max_hp_gain":0,"max_hp_loss":0,"event_name":"Scrap Ooze","floor":14,"gold_loss":0},{"damage_healed":0,"gold_gain":0,"player_choice":"Opened","damage_taken":0,"relics_obtained":["HornCleat"],"max_hp_gain":0,"max_hp_loss":0,"event_name":"The Mausoleum","floor":19,"gold_loss":0},{"damage_healed":0,"gold_gain":0,"player_choice":"Obtained Book","damage_taken":16,"max_hp_gain":0,"max_hp_loss":0,"event_name":"Cursed Tome","floor":20,"gold_loss":0},{"damage_healed":0,"gold_gain":0,"player_choice":"Cursed","damage_taken":0,"max_hp_gain":0,"max_hp_loss":0,"event_name":"Wheel of Change","floor":21,"gold_loss":0,"cards_obtained":["Decay"]}],"is_beta":false,"boss_relics":[{"not_picked":["Runic Dome","Busted Crown"],"picked":"Tiny House"}],"items_purged_floors":[12],"is_endless":false,"potions_floor_spawned":[2,8,16],"killed_by":"Book of Stabbing","ascension_level":0}}