{"host":"u8f6oqzdc7r6igag","time":1613284535,"event":{"mods":["BaseMod","Minty Spire (QoL Compilation)","Relic Stats"],"gold_per_floor":[117,168,186,199,217,245,245,263,263,278,293,308,324,342,342,342,342],"floor_reached":16,"language":"ENG","playtime":2249,"items_purged":[],"score":154,"play_id":"cef16b26-c179-4adb-abf7-6bc6d9bf85e1","local_time":"20210214003535","is_ascension_mode":true,"campfire_choices":[{"floor":7,"key":"REST"},{"floor":15,"key":"REST"}],"circlet_count":0,"master_deck":["Strike_B","Strike_B","Strike_B","Strike_B","Defend_B","Defend_B","Defend_B","Defend_B","Zap","Dualcast","Seek","Streamline","Ball Lightning","Sweeping Beam","Beam Cell","Gash","Conserve Battery","Genetic Algorithm","Beam Cell","Compile Driver","Gash","Gash"],"relics":["Cracked Core","Happy Flower","Darkstone Periapt"],"acts_visited":["Exordium"],"potions_floor_usage":[6,11,13,16],"damage_taken":[{"damage":1,"enemies":"2 Louse","floor":1,"turns":3},{"damage":7,"enemies":"Jaw Worm","floor":3,"turns":3},{"damage":0,"enemies":"Small Slimes","floor":4,"turns":2},{"damage":19,"enemies":"Blue Slaver","floor":5,"turns":4},{"damage":25,"enemies":"Lagavulin","floor":6,"turns":5},{"damage":3,"enemies":"Large Slime","floor":8,"turns":4},{"damage":0,"enemies":"Red Slaver","floor":10,"turns":2},{"damage":1,"enemies":"Exordium Wildlife","floor":11,"turns":3},{"damage":3,"enemies":"3 Louse","floor":12,"turns":4},{"damage":13,"enemies":"Large Slime","floor":13,"turns":6},{"damage":1,"enemies":"Blue Slaver","floor":14,"turns":2},{"damage":47,"enemies":"The Guardian","floor":16,"turns":7}],"seed_played":"4149844659398820449","potions_obtained":[{"floor":5,"key":"Strength Potion"},{"floor":6,"key":"EssenceOfSteel"},{"floor":8,"key":"Block Potion"},{"floor":11,"key":"DistilledChaos"},{"floor":12,"key":"PotionOfCapacity"}],"is_trial":false,"path_per_floor":["M","?","M","M","M","E","R","M","T","M","M","M","M","M","R","B"],"character_chosen":"DEFECT","items_purchased":[],"campfire_rested":2,"item_purchase_floors":[],"current_hp_per_floor":[67,67,60,60,41,16,38,35,35,35,34,31,18,17,39,0,0],"gold":342,"neow_bonus":"ONE_RANDOM_RARE_CARD","is_daily":false,"chose_seed":false,"campfire_upgraded":0,"win_rate":0.0,"timestamp":1613284535,"path_taken":["M","?","M","M","M","E","R","M","T","M","M","M","M","M","R","BOSS"],"items_purchased_type":[],"build_version":"2020-12-22","purchased_purges":0,"victory":false,"max_hp_per_floor":[75,75,75,75,75,75,75,75,75,75,75,75,75,75,75,75,75],"relic_stats":{"Darkstone Periapt":0,"Happy Flower":[9],"counters":[12,45],"obtain_stats":[{"Darkstone Periapt":9,"Happy Flower":6,"Cracked Core":0},{"Darkstone Periapt":6,"Happy Flower":5,"Cracked Core":0},{"Darkstone Periapt":21,"Happy Flower":17,"Cracked Core":0}]},"card_choices":[{"not_picked":["Coolheaded","Heatsinks"],"picked":"Streamline","floor":1},{"not_picked":["Thunder Strike","Stack"],"picked":"Ball Lightning","floor":3},{"not_picked":["Barrage","Coolheaded"],"picked":"Sweeping Beam","floor":4},{"not_picked":["Rebound","Steam"],"picked":"Beam Cell","floor":5},{"not_picked":["Sweeping Beam","Turbo"],"picked":"Gash","floor":6},{"not_picked":["Ball Lightning","Doom and Gloom"],"picked":"Conserve Battery","floor":8},{"not_picked":["Fission","Coolheaded"],"picked":"Genetic Algorithm","floor":10},{"not_picked":["Leap","Steam"],"picked":"Beam Cell","floor":11},{"not_picked":["Rebound","Turbo"],"picked":"Compile Driver","floor":12},{"not_picked":["Rebound","Reprogram"],"picked":"Gash","floor":13},{"not_picked":["Recycle","Coolheaded"],"picked":"Gash","floor":14}],"player_experience":195381,"relics_obtained":[{"floor":6,"key":"Happy Flower"},{"floor":9,"key":"Darkstone Periapt"}],"event_choices":[{"damage_healed":0,"gold_gain":51,"player_choice":"Gained Gold","damage_taken":0,"max_hp_gain":0,"max_hp_loss":0,"event_name":"Golden Wing","floor":2,"gold_loss":0}],"is_beta":false,"boss_relics":[],"items_purged_floors":[],"is_endless":false,"potions_floor_spawned":[5,6,8,11,12],"killed_by":"The Guardian","ascension_level":8}}