{"host":"bakf0s4odzu8z5xt","time":1613262557,"event":{"mods":["2.2 Compatiblity","BaseMod","Downfall","Friendly Minions","Minty Spire (QoL Compilation)","StSLib"],"gold_per_floor":[99,117,127,143,153,153,226,236,270,270,270,295,295,295,310,310,310,310],"floor_reached":16,"language":"ENG","playtime":811,"items_purged":[],"score":131,"play_id":"41174152-daf3-4dfd-b04e-eecde823db3c","local_time":"20210213182917","is_ascension_mode":true,"campfire_choices":[{"data":"Guardian:TwinSlam","floor":1,"key":"SMITH"},{"data":"Guardian:PrismaticBeam","floor":6,"key":"SMITH"},{"floor":11,"key":"RECALL"}],"circlet_count":0,"master_deck":["Guardian:Strike_Guardian","Guardian:Strike_Guardian","Guardian:Strike_Guardian","Guardian:Strike_Guardian","Guardian:Defend_Guardian","Guardian:Defend_Guardian","Guardian:Defend_Guardian","Guardian:Defend_Guardian","Guardian:CurlUp","Guardian:TwinSlam+1","Guardian:RollAttack","Guardian:PrismaticBeam+1","Guardian:ShieldCharger","Guardian:Gem_Crimson","Guardian:Gem_Fragmented","Guardian:Gem_Green","Guardian:Gem_Red"],"relics":["Guardian:ModeShifter","White Beast Statue","Happy Flower","Potion Belt","hexamod:CandleOfCauterizing","Guardian:PickAxe"],"acts_visited":["Exordium"],"potions_floor_usage":[3,9,10,14,16,16],"damage_taken":[{"damage":3,"enemies":"2 Louse","floor":2,"turns":3},{"damage":12,"enemies":"Jaw Worm","floor":3,"turns":1},{"damage":4,"enemies":"Small Slimes","floor":4,"turns":4},{"damage":0,"enemies":"3 Louse","floor":5,"turns":3},{"damage":6,"enemies":"Lots of Slimes","floor":8,"turns":4},{"damage":22,"enemies":"Lagavulin","floor":9,"turns":6},{"damage":0,"enemies":"Exordium Thugs","floor":10,"turns":1},{"damage":10,"enemies":"3 Sentries","floor":12,"turns":7},{"damage":1,"enemies":"3 Sentries","floor":14,"turns":4},{"damage":4,"enemies":"Exordium Wildlife","floor":15,"turns":3},{"damage":26,"enemies":"IC_STATUS_ARCHETYPE","floor":16,"turns":8}],"seed_played":"4708504459892907095","potions_obtained":[{"floor":2,"key":"champ:CounterPotion"},{"floor":3,"key":"SmokeBomb"},{"floor":8,"key":"Slimebound:ThreeZeroPotion"},{"floor":9,"key":"Weak Potion"},{"floor":12,"key":"DuplicationPotion"},{"floor":15,"key":"BlessingOfTheForge"}],"is_trial":false,"path_per_floor":["R","M","M","M","M","R","T","M","E","M","R","E","?","?","M","B"],"character_chosen":"GUARDIAN","items_purchased":[],"campfire_rested":0,"item_purchase_floors":[],"current_hp_per_floor":[88,85,73,69,69,69,69,63,41,41,41,31,24,23,19,0,0,0],"gold":310,"neow_bonus":"TEN_PERCENT_HP_BONUS","is_daily":false,"chose_seed":false,"campfire_upgraded":2,"win_rate":0.0,"timestamp":1613262557,"path_taken":["R","M","M","M","M","R","T","M","E","M","R","E","?","?","M","BOSS"],"items_purchased_type":[],"build_version":"2020-12-22","purchased_purges":0,"victory":false,"max_hp_per_floor":[88,88,88,88,88,88,88,88,88,88,88,88,88,88,88,88,88,88],"card_choices":[{"not_picked":["Guardian:ArmoredProtocol","Guardian:CrystalBeam"],"picked":"Guardian:Gem_Cyan","floor":2},{"not_picked":["Guardian:TemporalShield","Guardian:Recover"],"picked":"Guardian:RollAttack","floor":3},{"not_picked":["Guardian:FastForward","Guardian:TemporalShield","Guardian:TimeBomb"],"picked":"SKIP","floor":4},{"not_picked":["Guardian:Gem_Yellow","Guardian:ChargeCore"],"picked":"Guardian:PrismaticBeam","floor":5},{"not_picked":["Guardian:ShieldCharger","Guardian:WalkerClaw"],"picked":"Guardian:Gem_Green","floor":8},{"not_picked":["Guardian:FloatingOrbs","Guardian:GuardianWhirl"],"picked":"Guardian:Gem_White","floor":9},{"not_picked":["Guardian:RefractedBeam","Guardian:FastForward"],"picked":"Guardian:ShieldCharger","floor":12},{"not_picked":["Guardian:Incinerate","Guardian:ChargeCore"],"picked":"Guardian:Gem_Red","floor":15}],"player_experience":2190731,"relics_obtained":[{"floor":7,"key":"White Beast Statue"},{"floor":9,"key":"Happy Flower"},{"floor":12,"key":"Potion Belt"}],"event_choices":[{"damage_healed":0,"gold_gain":0,"player_choice":"Success","damage_taken":7,"relics_obtained":["hexamod:CandleOfCauterizing"],"max_hp_gain":0,"max_hp_loss":0,"event_name":"Scrap Ooze","floor":13,"gold_loss":0}],"is_beta":false,"boss_relics":[],"items_purged_floors":[],"is_endless":false,"potions_floor_spawned":[2,3,8,9,10,12,14,15],"killed_by":"IC_STATUS_ARCHETYPE","ascension_level":3}}