{"host":"64qzurqwi0x0qgxo","time":1613327574,"event":{"mods":["Act Like it!","BaseMod","Colored Map","Colored Powertips","Downfall","Googly Eyes","Minty Spire (QoL Compilation)","Rare Cards Sparkle","Relic Stats","Replay The Spire","StSLib","The Poker Player","noobMod"],"gold_per_floor":[99,114,24,24,9,43,95,108,267,167,184,196,207,207,226,328,328,328,346,363,380,179,179,202,232,242,261,271,302,149,149,163,262,262,62,77,77,94,154,164,164,264,264,277,277,288,288,312,327,327,327,358,22,22,22,22],"floor_reached":57,"language":"ZHS","playtime":2329,"items_purged":["Slimebound:Defend_Slimebound","Slimebound:Defend_Slimebound","Slimebound:Strike_Slimebound","Slimebound:Strike_Slimebound"],"score":1373,"play_id":"00a329f0-90bc-45b7-ac32-413e357a9797","local_time":"20210215023254","is_ascension_mode":false,"campfire_choices":[{"floor":1,"key":"RECALL"},{"data":"Slimebound:CheckThePlaybook","floor":10,"key":"SMITH"},{"data":"Slimebound:MassRepurpose","floor":18,"key":"SMITH"},{"data":"Slimebound:Repurpose","floor":23,"key":"SMITH"},{"data":"Slimebound:MinionMaster","floor":35,"key":"SMITH"},{"data":"Slimebound:Darklings","floor":43,"key":"SMITH"},{"data":"Slimebound:LevelUp","floor":45,"key":"SMITH"},{"data":"Slimebound:ForwardTackle","floor":47,"key":"SMITH"},{"data":"Slimebound:Overexert","floor":54,"key":"SMITH"}],"circlet_count":0,"master_deck":["Slimebound:Strike_Slimebound","Slimebound:Tackle","Slimebound:Split","Slimebound:CorrosiveSpit","Slimebound:LivingWall","Slimebound:Chomp","Slimebound:HauntingLick","Slimebound:SamplingLick","Slimebound:CheckThePlaybook+1","Slimebound:SplitBruiser","Slimebound:SplitAcid+1","Slimebound:LeadByExample","Slimebound:SplitLeeching+1","Slimebound:SlimeBrawl","Slimebound:ComboTackle","Slimebound:SplitLeeching","Slimebound:MassRepurpose+1","Slimebound:SlimeBarrage","Slimebound:GoopTackle","Slimebound:SplitMire+1","Slimebound:Repurpose+1","Slimebound:Darklings+1","Slimebound:SplitAcid","Slimebound:LevelUp+1","Slimebound:ForwardTackle+1","Slimebound:RainOfGoop+1","Writhe","Slimebound:SlimeTap","Slimebound:MinionMaster+1","Slimebound:ItLooksTasty+1","Slimebound:HauntingLick","ReplayTheSpireMod:Splinters","Slimebound:TongueLash+1","Slimebound:SlimeSpikes+1","Slimebound:ComboTackle","Slimebound:SplitLeeching+1","Slimebound:ComboTackle+1","Slimebound:LivingWall+1","Slimebound:Repurpose+1","Slimebound:Overexert+1","Slimebound:SamplingLick"],"relics":["ice","Honey Jar","Oddly Smooth Stone","Slimebound:AggressiveSlimeRelic","downfall:HeartBlessingRed","Runic Pyramid","Anchor","Replay:Ringing Soul","War Paint","Strawberry","Ring of Chaos","downfall:HeartBlessingGreen","downfall:HeartBlessingBlue","InkBottle","Question Card","Pen Nib","Torii"],"acts_visited":["Exordium","TheCity","TheBeyond","TheEnding"],"potions_floor_usage":[16],"damage_taken":[{"damage":14,"enemies":"Jaw Worm","floor":2,"turns":3},{"damage":14,"enemies":"downfall:FleeingMerchant","floor":3,"turns":4},{"damage":24,"enemies":"downfall:FleeingMerchant","floor":5,"turns":4},{"damage":21,"enemies":"Gremlin Nob","floor":6,"turns":4},{"damage":3,"enemies":"Cultist","floor":8,"turns":2},{"damage":44,"enemies":"downfall:FleeingMerchant","floor":9,"turns":4},{"damage":0,"enemies":"2 Louse","floor":11,"turns":1},{"damage":3,"enemies":"Large Slime","floor":12,"turns":2},{"damage":0,"enemies":"downfall:LooterAlt","floor":13,"turns":2},{"damage":0,"enemies":"3 Louse","floor":15,"turns":1},{"damage":3,"enemies":"DF_ARCHETYPE_STREAMLINE","floor":16,"turns":2},{"damage":3,"enemies":"3 Byrds","floor":19,"turns":2},{"damage":0,"enemies":"Chosen","floor":20,"turns":2},{"damage":18,"enemies":"Snake Plant","floor":21,"turns":1},{"damage":15,"enemies":"Book of Stabbing","floor":25,"turns":2},{"damage":0,"enemies":"Centurion and Healer","floor":26,"turns":2},{"damage":0,"enemies":"Sentry and Sphere","floor":27,"turns":1},{"damage":3,"enemies":"3 Cultists","floor":28,"turns":2},{"damage":14,"enemies":"Gremlin Leader","floor":29,"turns":3},{"damage":0,"enemies":"Shelled Parasite and Fungi","floor":32,"turns":2},{"damage":15,"enemies":"WA_ARCHETYPE_CALM","floor":33,"turns":3},{"damage":25,"enemies":"3 Darklings","floor":36,"turns":3},{"damage":0,"enemies":"3 Shapes","floor":38,"turns":2},{"damage":8,"enemies":"Spire Growth","floor":40,"turns":2},{"damage":13,"enemies":"Transient","floor":44,"turns":5},{"damage":25,"enemies":"Maw","floor":46,"turns":3},{"damage":13,"enemies":"Sphere and 2 Shapes","floor":49,"turns":2},{"damage":29,"enemies":"SI_POISON_ARCHETYPE","floor":50,"turns":4},{"damage":6,"enemies":"downfall:CharBossMerchant","floor":52,"turns":3},{"damage":6,"enemies":"downfall:NeowBoss","floor":55,"turns":6},{"damage":71,"enemies":"downfall:NeowBossFinal","floor":56,"turns":6}],"seed_played":"4483051153694819743","potions_obtained":[{"floor":6,"key":"ColorlessPotion"},{"floor":8,"key":"Reflective Coating"},{"floor":11,"key":"Swift Potion"},{"floor":12,"key":"Weak Potion"},{"floor":15,"key":"champ:CounterPotion"},{"floor":16,"key":"Fruit Juice"},{"floor":20,"key":"PowerPotion"},{"floor":21,"key":"Fire Potion"},{"floor":29,"key":"Reflective Coating"},{"floor":32,"key":"Fire Potion"},{"floor":36,"key":"Fire Potion"},{"floor":44,"key":"Swift Potion"},{"floor":46,"key":"Fire Potion"},{"floor":49,"key":"Energy Potion"},{"floor":52,"key":"PowerPotion"}],"is_trial":false,"path_per_floor":["R","M","$","?","$","E","T","M","$","R","M","M","M","?","M","B",null,"R","M","M","M","$","R","T","E","M","M","M","E","$","?","M","B",null,"R","M","?","M","?","M","T","?","R","M","R","M","R","T","M","B",null,"E","$","R","B","B",null],"character_chosen":"SLIMEBOUND","items_purchased":["Slimebound:LeadByExample","Slimebound:Repurpose","War Paint","Slimebound:Overexert","Slimebound:SamplingLick"],"campfire_rested":0,"item_purchase_floors":[9,22,30,53,53],"current_hp_per_floor":[65,51,37,37,13,44,44,41,65,65,65,62,62,62,62,64,77,77,74,74,56,56,56,56,41,41,41,38,27,27,37,40,28,113,123,101,101,104,107,102,102,102,102,92,92,70,70,70,60,31,162,159,162,162,156,85],"gold":22,"neow_bonus":"BOSS_RELIC","is_daily":false,"chose_seed":false,"campfire_upgraded":8,"win_rate":0.0,"timestamp":1613327574,"path_taken":["R","M","$","?","$","E","T","M","$","R","M","?","M","?","M","BOSS","R","M","M","M","$","R","T","E","M","M","?","E","$","?","M","BOSS","R","M","?","M","?","M","T","?","R","M","R","?","R","?","M","BOSS","E","$","R","BOSS","BOSS"],"items_purchased_type":["Card","Card","Relic","Card","Card"],"build_version":"2020-12-22","purchased_purges":4,"victory":true,"max_hp_per_floor":[65,65,65,65,65,66,66,66,71,71,71,71,72,72,72,77,77,77,82,84,84,84,84,84,85,86,86,86,93,93,103,108,113,113,123,131,131,138,141,144,144,144,144,151,151,155,155,155,159,162,162,166,169,169,169,179],"relic_stats":{"Torii":0,"counters":[31,84],"Pen Nib":[5],"War Paint":["Slimebound:SplitLeeching","Slimebound:SplitAcid"],"Question Card":4,"obtain_stats":[{"Slimebound:AggressiveSlimeRelic":7,"downfall:HeartBlessingRed":10,"Torii":52,"Oddly Smooth Stone":6,"downfall:HeartBlessingGreen":35,"Ring of Chaos":34,"Pen Nib":48,"ice":0,"War Paint":30,"Question Card":41,"Replay:Ringing Soul":29,"Anchor":25,"downfall:HeartBlessingBlue":35,"Strawberry":31,"Honey Jar":0,"Slimebound:AbsorbEndCombat":0,"InkBottle":39,"Runic Pyramid":17},{"Slimebound:AggressiveSlimeRelic":4,"downfall:HeartBlessingRed":6,"Torii":29,"Oddly Smooth Stone":4,"downfall:HeartBlessingGreen":21,"Ring of Chaos":21,"Pen Nib":26,"ice":0,"War Paint":19,"Question Card":24,"Replay:Ringing Soul":19,"Anchor":15,"downfall:HeartBlessingBlue":21,"Strawberry":19,"Honey Jar":0,"Slimebound:AbsorbEndCombat":0,"InkBottle":23,"Runic Pyramid":11},{"Slimebound:AggressiveSlimeRelic":15,"downfall:HeartBlessingRed":21,"Torii":73,"Oddly Smooth Stone":15,"downfall:HeartBlessingGreen":49,"Ring of Chaos":49,"Pen Nib":64,"ice":0,"War Paint":44,"Question Card":56,"Replay:Ringing Soul":44,"Anchor":36,"downfall:HeartBlessingBlue":49,"Strawberry":44,"Honey Jar":0,"Slimebound:AbsorbEndCombat":0,"InkBottle":54,"Runic Pyramid":29}],"InkBottle":[23]},"card_choices":[{"not_picked":["Slimebound:PressTheAttack","Slimebound:FormOfPuddle","Slimebound:LeechEnergy"],"picked":"Slimebound:LivingWall","floor":2},{"not_picked":["Slimebound:Schlurp","Slimebound:SpikyOuterGoop","Slimebound:Equalize"],"picked":"Slimebound:Chomp","floor":3},{"not_picked":["Slimebound:LeechEnergy","Slimebound:SlimeBrawl","Slimebound:RollThrough"],"picked":"Slimebound:SamplingLick","floor":5},{"not_picked":["Slimebound:FlameTackle","Slimebound:DivideAndConquer","Slimebound:FormOfPuddle"],"picked":"Slimebound:CheckThePlaybook","floor":6},{"not_picked":["Slimebound:LeechingTouch","Slimebound:GoopTackle","Slimebound:LeechEnergy"],"picked":"Slimebound:SplitBruiser","floor":8},{"not_picked":["Slimebound:Gluttony","Slimebound:SlimeSpikes","Slimebound:GoopSpray"],"picked":"Slimebound:SplitAcid","floor":9},{"not_picked":["Slimebound:LeadByExample","Slimebound:SplitBruiser","Slimebound:Schlurp"],"picked":"Slimebound:SplitLeeching","floor":11},{"not_picked":["Slimebound:LeechingTouch","Slimebound:SplitLeeching","Slimebound:Overexert"],"picked":"Slimebound:SlimeBrawl","floor":12},{"not_picked":["Slimebound:HauntingLick","Slimebound:Schlurp","Slimebound:FinishingTackle"],"picked":"Slimebound:ComboTackle","floor":13},{"not_picked":["Slimebound:Schlurp","Slimebound:SlimeTap","Slimebound:RollThrough"],"picked":"Slimebound:SplitLeeching","floor":15},{"not_picked":["Slimebound:MassFeed","Slimebound:OozeBath","Slimebound:MinionMaster"],"picked":"Slimebound:MassRepurpose","floor":16},{"not_picked":["Slimebound:ComboTackle+1","Slimebound:ServeAndProtect","Slimebound:PressTheAttack"],"picked":"Slimebound:SlimeBarrage","floor":19},{"not_picked":["Slimebound:SplitLeeching","Slimebound:SpikyOuterGoop","Slimebound:SplitAcid"],"picked":"Slimebound:GoopTackle","floor":20},{"not_picked":["Slimebound:FinishingTackle","Slimebound:BestDefense","Slimebound:Prepare"],"picked":"Slimebound:SplitMire+1","floor":21},{"not_picked":["Slimebound:Prepare","Slimebound:ForwardTackle","Slimebound:SplitLeeching"],"picked":"Slimebound:Darklings","floor":25},{"not_picked":["Slimebound:Prepare","Slimebound:SplitLeeching","Slimebound:Schlurp"],"picked":"Slimebound:SplitAcid","floor":26},{"not_picked":["Slimebound:Equalize","Slimebound:LivingWall","Slimebound:PressTheAttack"],"picked":"Slimebound:LevelUp","floor":27},{"not_picked":["Slimebound:LeechingTouch","Slimebound:FlameTackle","Slimebound:LeechEnergy+1"],"picked":"Slimebound:ForwardTackle","floor":28},{"not_picked":["Slimebound:SplitBruiser","Slimebound:SpikyOuterGoop","Slimebound:Gluttony"],"picked":"Slimebound:RainOfGoop+1","floor":29},{"not_picked":["Slimebound:ProtectTheBoss+1","Slimebound:Prepare","Slimebound:SplitLeeching"],"picked":"Slimebound:SlimeTap","floor":32},{"not_picked":["Slimebound:Darklings","Slimebound:TagTeam","Slimebound:OozeBath"],"picked":"Slimebound:MinionMaster","floor":33},{"not_picked":["Slimebound:ProtectTheBoss","Slimebound:SplitMire+1","Slimebound:Nibble"],"picked":"Slimebound:ItLooksTasty+1","floor":36},{"not_picked":["Slimebound:SplitAcid","Slimebound:SplitMire","Slimebound:PressTheAttack"],"picked":"Slimebound:HauntingLick","floor":38},{"not_picked":["Slimebound:Schlurp","Slimebound:LeechingTouch","Slimebound:LeechEnergy"],"picked":"Slimebound:TongueLash+1","floor":39},{"not_picked":["Slimebound:LeechEnergy","Slimebound:Schlurp","Slimebound:AcidTongue"],"picked":"Slimebound:SlimeSpikes+1","floor":39},{"not_picked":["Slimebound:OneTwoCombo","Slimebound:SplitBruiser","Slimebound:PressTheAttack"],"picked":"Slimebound:ComboTackle","floor":40},{"not_picked":["Slimebound:RollThrough+1","Slimebound:Equalize","Slimebound:LivingWall+1","Slimebound:Dissolve+1"],"picked":"Slimebound:SplitLeeching+1","floor":44},{"not_picked":["Slimebound:SplitAcid","Slimebound:ServeAndProtect+1","Slimebound:TongueLash","Slimebound:GoopTackle+1"],"picked":"Slimebound:ComboTackle+1","floor":46},{"not_picked":["Slimebound:SlimeSpikes","Slimebound:Grow+1","Slimebound:SplitLeeching","Slimebound:ItLooksTasty+1"],"picked":"Slimebound:LivingWall+1","floor":49},{"not_picked":["Slimebound:PrepareCrush","Slimebound:Dissolve+1","Slimebound:ProtectTheBoss+1","Slimebound:LeechEnergy+1"],"picked":"Slimebound:Repurpose+1","floor":52}],"player_experience":122704,"relics_obtained":[{"floor":6,"key":"Oddly Smooth Stone"},{"floor":7,"key":"Slimebound:AggressiveSlimeRelic"},{"floor":25,"key":"Anchor"},{"floor":29,"key":"Replay:Ringing Soul"},{"floor":39,"key":"InkBottle"},{"floor":41,"key":"Question Card"},{"floor":48,"key":"Pen Nib"},{"floor":52,"key":"Torii"}],"event_choices":[],"is_beta":false,"boss_relics":[{"not_picked":["Velvet Choker","Runic Dome"],"picked":"Runic Pyramid"},{"not_picked":["Replay:Wanted Poster","Philosopher\u0027s Stone"],"picked":"Ring of Chaos"}],"items_purged_floors":[3,9,22,53],"is_endless":false,"potions_floor_spawned":[6,8,11,12,15,16,20,21,29,32,36,44,46,49,52],"ascension_level":0}}