{"host":"vpnygm79y7yi43ig","time":1613285107,"event":{"mods":["BaseMod","Bestiary","Minty Spire (QoL Compilation)"],"gold_per_floor":[112,123,123,136,101,130,130,161,161,176,195,195,195,208,208,304,304,317,317,248,248,266,292,304,351,663,707,734,758,770,793,805,917,929,951,963,710,710,710,736,660,689,759,811,830,858,530,557,557,557],"floor_reached":51,"language":"ENG","playtime":2843,"items_purged":["Coolheaded","Sweeping Beam"],"score":948,"play_id":"c111bbc2-fb5e-4379-a3eb-20a258e51bc4","local_time":"20210213224507","daily_mods":["Draft"],"is_ascension_mode":true,"campfire_choices":[{"data":"Hologram","floor":13,"key":"SMITH"},{"data":"Hologram","floor":15,"key":"SMITH"},{"data":"Coolheaded","floor":24,"key":"SMITH"},{"data":"Coolheaded","floor":32,"key":"SMITH"},{"data":"Conserve Battery","floor":49,"key":"SMITH"}],"circlet_count":0,"master_deck":["Hologram+1","Conserve Battery+1","Hologram+1","Beam Cell","Coolheaded+1","Sweeping Beam","Rebound","Coolheaded+1","Gash","Steam Power","Steam","Gash","Gash","Seek+1","Skim+1","Core Surge","Chill+1","All For One","Go for the Eyes","Gash+1","Seek+1"],"relics":["Cracked Core","Cables","Centennial Puzzle","Toxic Egg 2","MealTicket","Coffee Dripper","MawBank","Frozen Egg 2","Old Coin","Lizard Tail","Inserter","Membership Card","Juzu Bracelet","PreservedInsect","Blood Vial","Letter Opener","Torii","Symbiotic Virus","Gremlin Horn","Lantern","DollysMirror","Pen Nib"],"acts_visited":["Exordium","TheCity","TheBeyond"],"potions_floor_usage":[6,16,22,25,44,50,50,50],"damage_taken":[{"damage":0,"enemies":"Small Slimes","floor":1,"turns":1},{"damage":0,"enemies":"2 Louse","floor":2,"turns":1},{"damage":6,"enemies":"Jaw Worm","floor":4,"turns":2},{"damage":4,"enemies":"Lagavulin","floor":6,"turns":4},{"damage":7,"enemies":"3 Sentries","floor":8,"turns":4},{"damage":0,"enemies":"Exordium Wildlife","floor":10,"turns":3},{"damage":0,"enemies":"2 Fungi Beasts","floor":11,"turns":2},{"damage":1,"enemies":"Gremlin Gang","floor":14,"turns":2},{"damage":19,"enemies":"Hexaghost","floor":16,"turns":6},{"damage":0,"enemies":"Shell Parasite","floor":18,"turns":3},{"damage":14,"enemies":"2 Thieves","floor":22,"turns":3},{"damage":2,"enemies":"Book of Stabbing","floor":23,"turns":3},{"damage":5,"enemies":"Slavers","floor":25,"turns":5},{"damage":4,"enemies":"Gremlin Leader","floor":27,"turns":4},{"damage":0,"enemies":"Centurion and Healer","floor":28,"turns":4},{"damage":6,"enemies":"Cultist and Chosen","floor":29,"turns":3},{"damage":8,"enemies":"Snake Plant","floor":31,"turns":3},{"damage":13,"enemies":"Automaton","floor":33,"turns":5},{"damage":0,"enemies":"Orb Walker","floor":35,"turns":2},{"damage":5,"enemies":"Reptomancer","floor":40,"turns":3},{"damage":0,"enemies":"Giant Head","floor":42,"turns":3},{"damage":5,"enemies":"2 Orb Walkers","floor":44,"turns":2},{"damage":0,"enemies":"3 Shapes","floor":45,"turns":3},{"damage":19,"enemies":"Nemesis","floor":46,"turns":3},{"damage":0,"enemies":"Reptomancer","floor":48,"turns":2},{"damage":10,"enemies":"Awakened One","floor":50,"turns":5}],"seed_played":"5790728994691235899","potions_obtained":[{"floor":1,"key":"Block Potion"},{"floor":4,"key":"LiquidMemories"},{"floor":11,"key":"Ancient Potion"},{"floor":16,"key":"AttackPotion"},{"floor":23,"key":"Regen Potion"},{"floor":27,"key":"CultistPotion"},{"floor":40,"key":"Block Potion"},{"floor":48,"key":"Explosive Potion"}],"is_trial":true,"path_per_floor":["M","M","?","M","?","E","T","E","T","M","M","$","R","M","R","B",null,"M","?","$","?","M","E","R","E","T","E","M","M","?","M","R","B",null,"M","?","$","?","?","E","$","E","T","?","M","E","$","E","R","B",null],"character_chosen":"DEFECT","items_purchased":["Skim+1","Membership Card","Juzu Bracelet","PreservedInsect","Gremlin Horn","Lantern","DollysMirror"],"campfire_rested":0,"item_purchase_floors":[20,37,37,41,47,47,47],"current_hp_per_floor":[75,75,75,69,75,71,71,64,64,64,64,75,75,74,74,55,75,75,75,75,72,58,56,56,65,65,61,61,55,41,33,33,20,80,80,80,80,80,80,75,80,80,80,75,77,60,75,77,77,69],"gold":557,"neow_bonus":"","is_daily":false,"chose_seed":false,"campfire_upgraded":5,"win_rate":0.0,"timestamp":1613285107,"path_taken":["M","M","?","M","?","E","?","E","T","?","M","$","R","M","R","BOSS","M","?","$","?","?","E","R","E","T","E","M","M","?","M","R","BOSS","M","?","$","?","?","E","$","E","T","?","M","E","$","E","R","BOSS"],"items_purchased_type":["Card","Relic","Relic","Relic","Relic","Relic","Relic"],"build_version":"2020-12-22","purchased_purges":2,"victory":true,"max_hp_per_floor":[75,75,75,75,75,75,75,75,75,75,75,75,75,75,75,75,75,75,75,75,75,75,75,75,75,75,75,75,75,80,80,80,80,80,80,80,80,80,80,80,80,80,80,80,80,80,80,80,80,80],"card_choices":[{"not_picked":["Reinforced Body","Streamline"],"picked":"Hologram","floor":0},{"not_picked":["Streamline","Aggregate"],"picked":"Conserve Battery","floor":0},{"not_picked":["Rebound","Conserve Battery"],"picked":"Hologram","floor":0},{"not_picked":["Hologram","Glacier"],"picked":"Sweeping Beam","floor":0},{"not_picked":["Cold Snap","Steam"],"picked":"Beam Cell","floor":0},{"not_picked":["Go for the Eyes","Reinforced Body"],"picked":"Coolheaded","floor":0},{"not_picked":["BootSequence","Barrage"],"picked":"Streamline","floor":0},{"not_picked":["Hologram","Redo"],"picked":"Sweeping Beam","floor":0},{"not_picked":["Loop","Go for the Eyes"],"picked":"Rebound","floor":0},{"not_picked":["Cold Snap","Steam"],"picked":"Coolheaded","floor":0},{"not_picked":["Sweeping Beam","Streamline"],"picked":"Gash","floor":0},{"not_picked":["Redo","Stack"],"picked":"Steam Power","floor":0},{"not_picked":["Turbo","Loop"],"picked":"Steam","floor":0},{"not_picked":["Aggregate","Stack"],"picked":"Gash","floor":0},{"not_picked":["Barrage","Streamline"],"picked":"Static Discharge","floor":0},{"not_picked":["Barrage","Static Discharge","Hologram"],"picked":"SKIP","floor":1},{"not_picked":["Leap","Ball Lightning"],"picked":"Coolheaded","floor":2},{"not_picked":["Fusion","Coolheaded","Undo"],"picked":"SKIP","floor":4},{"not_picked":["Stack","Conserve Battery","Sweeping Beam"],"picked":"SKIP","floor":6},{"not_picked":["Buffer","Hologram+1","Steam+1"],"picked":"SKIP","floor":8},{"not_picked":["Go for the Eyes","Hologram+1"],"picked":"Gash","floor":10},{"not_picked":["Stack+1","Consume+1","Force Field+1"],"picked":"SKIP","floor":11},{"not_picked":["Steam+1","Blizzard","Conserve Battery+1"],"picked":"SKIP","floor":14},{"not_picked":["Multi-Cast+1","Fission+1"],"picked":"Seek+1","floor":16},{"not_picked":["Barrage+1","Rebound","Heatsinks"],"picked":"SKIP","floor":18},{"not_picked":["Leap+1","Compile Driver+1","Sunder+1"],"picked":"SKIP","floor":22},{"not_picked":["Doom and Gloom","Go for the Eyes+1"],"picked":"Core Surge","floor":23},{"not_picked":["Darkness+1","Coolheaded+1","Static Discharge+1"],"picked":"SKIP","floor":25},{"not_picked":["White Noise+1","Reprogram+1"],"picked":"Chill+1","floor":27},{"not_picked":["Tempest+1","Recycle+1","Cold Snap"],"picked":"SKIP","floor":28},{"not_picked":["Hello World+1","Sweeping Beam+1","Tempest+1"],"picked":"SKIP","floor":29},{"not_picked":["Streamline","Barrage","Coolheaded+1"],"picked":"SKIP","floor":31},{"not_picked":["Amplify+1","Creative AI+1"],"picked":"All For One","floor":33},{"not_picked":["Consume+1","Undo+1","Redo+1"],"picked":"SKIP","floor":35},{"not_picked":["Turbo+1","Loop+1"],"picked":"Go for the Eyes","floor":40},{"not_picked":["Blizzard+1","Steam Power+1","Hologram+1"],"picked":"SKIP","floor":42},{"not_picked":["Melter+1","FTL","Redo+1"],"picked":"SKIP","floor":45},{"not_picked":["Defragment+1","Hologram+1"],"picked":"Gash+1","floor":46},{"not_picked":["Coolheaded+1","All For One","Compile Driver+1"],"picked":"SKIP","floor":48}],"player_experience":205234,"relics_obtained":[{"floor":6,"key":"Cables"},{"floor":7,"key":"Centennial Puzzle"},{"floor":8,"key":"Toxic Egg 2"},{"floor":9,"key":"MealTicket"},{"floor":23,"key":"MawBank"},{"floor":25,"key":"Frozen Egg 2"},{"floor":26,"key":"Old Coin"},{"floor":27,"key":"Lizard Tail"},{"floor":42,"key":"Blood Vial"},{"floor":43,"key":"Letter Opener"},{"floor":44,"key":"Torii"},{"floor":46,"key":"Symbiotic Virus"},{"floor":48,"key":"Pen Nib"}],"event_choices":[{"cards_removed":["Static Discharge"],"damage_healed":0,"gold_gain":0,"player_choice":"Forget","damage_taken":0,"max_hp_gain":0,"max_hp_loss":0,"event_name":"Living Wall","floor":3,"gold_loss":0},{"damage_healed":18,"gold_gain":0,"player_choice":"Healed","damage_taken":0,"max_hp_gain":0,"max_hp_loss":0,"event_name":"The Cleric","floor":5,"gold_loss":35},{"damage_healed":0,"gold_gain":0,"player_choice":"Ignored","damage_taken":0,"max_hp_gain":0,"max_hp_loss":0,"event_name":"Cursed Tome","floor":19,"gold_loss":0},{"damage_healed":0,"gold_gain":0,"player_choice":"Punched","damage_taken":3,"max_hp_gain":0,"max_hp_loss":0,"event_name":"Designer","floor":21,"gold_loss":0},{"damage_healed":0,"gold_gain":0,"player_choice":"Shed Blood","damage_taken":19,"max_hp_gain":5,"max_hp_loss":0,"event_name":"Forgotten Altar","floor":30,"gold_loss":0},{"damage_healed":0,"gold_gain":0,"player_choice":"Ignored","damage_taken":0,"max_hp_gain":0,"max_hp_loss":0,"event_name":"Tomb of Lord Red Mask","floor":36,"gold_loss":0},{"cards_removed":["Streamline"],"damage_healed":5,"gold_gain":0,"player_choice":"Offered Common","damage_taken":0,"max_hp_gain":0,"max_hp_loss":0,"event_name":"Bonfire Elementals","floor":38,"gold_loss":0},{"cards_removed":["Streamline"],"damage_healed":5,"gold_gain":0,"player_choice":"Offered Special","damage_taken":0,"max_hp_gain":0,"max_hp_loss":0,"event_name":"Bonfire Elementals","floor":38,"gold_loss":0},{"damage_healed":0,"gold_gain":0,"player_choice":"Memory 1","damage_taken":0,"max_hp_gain":0,"max_hp_loss":0,"event_name":"SensoryStone","floor":39,"gold_loss":0},{"damage_healed":0,"gold_gain":0,"player_choice":"Fight","damage_taken":0,"max_hp_gain":0,"max_hp_loss":0,"event_name":"Mysterious Sphere","floor":44,"gold_loss":0}],"is_beta":false,"boss_relics":[{"not_picked":["Cursed Key","Velvet Choker"],"picked":"Coffee Dripper"},{"not_picked":["Sozu","SlaversCollar"],"picked":"Inserter"}],"items_purged_floors":[37,47],"is_endless":false,"potions_floor_spawned":[1,4,11,16,23,27,40,42,48],"ascension_level":1}}