{"host":"5wf60zc4jjt9ov65","time":1613330404,"event":{"mods":["AchievementEnabler","BaseMod","Beaked The Cultist","Bestiary","Better Altar","Better Match","Better Note","Better Sensory Stone","Better Skull","Better Third Choice","BetterRewards","Colored Map","Colored Powertips","Downfall","Googly Eyes","Halation","Highlight Path","Hubris","Infinite Spire","Minty Spire (QoL Compilation)","Permanent Neow","Quick Restart","Relic Sorter","Replay The Spire","StSLib","SuperFastMode","The Bug Knight","The Construct"],"gold_per_floor":[99,116,116,116,116,136,162,175,175,230,230,230,230,230],"floor_reached":12,"language":"ENG","playtime":864,"items_purged":[],"score":66,"play_id":"ddf14d6e-3d68-4b49-964a-4c5703fa022f","local_time":"20210214142004","is_ascension_mode":false,"campfire_choices":[{"data":"Guardian:TwinSlam","floor":1,"key":"SMITH"},{"floor":11,"key":"RECALL"}],"circlet_count":0,"master_deck":["Guardian:Strike_Guardian","Guardian:Strike_Guardian","Guardian:Defend_Guardian","Guardian:Defend_Guardian","Guardian:Defend_Guardian","Guardian:Defend_Guardian","Guardian:CurlUp","Guardian:TwinSlam+1","Guardian:Planning","Guardian:Gem_Yellow","Guardian:Gem_Green","Guardian:Gem_Cyan","Guardian:DonusPower","Guardian:ChargeCore","Guardian:Gem_Blue"],"relics":["bronze:BronzeCore","infinitespire:Cubic Diamond","halation:EternalFortune","Guardian:PickAxe","halation:PrussianBluePaint","MealTicket"],"acts_visited":["Exordium"],"potions_floor_usage":[10],"damage_taken":[{"damage":2,"enemies":"Small Slimes","floor":2,"turns":4},{"damage":14,"enemies":"Small Slimes","floor":5,"turns":7},{"damage":10,"enemies":"Jaw Worm","floor":6,"turns":5},{"damage":0,"enemies":"Cultist","floor":8,"turns":5},{"damage":26,"enemies":"3 Sentries","floor":10,"turns":8},{"damage":21,"enemies":"3 Sentries","floor":12,"turns":7}],"seed_played":"4714956946433502131","potions_obtained":[{"floor":6,"key":"Languid Potion"}],"is_trial":false,"path_per_floor":["R","M","?","?","?","M","T","M","?","?","R","E"],"character_chosen":"GUARDIAN","items_purchased":[],"campfire_rested":0,"item_purchase_floors":[],"current_hp_per_floor":[80,78,78,81,55,45,45,45,45,19,19,0,0,0],"gold":230,"neow_bonus":"REMOVE_CARD","is_daily":false,"chose_seed":false,"campfire_upgraded":1,"win_rate":0.0,"timestamp":1613330404,"path_taken":["R","M","?","?","?","M","T","M","?","?","R","E"],"items_purchased_type":[],"build_version":"2020-12-22","purchased_purges":0,"victory":false,"max_hp_per_floor":[80,80,80,83,83,83,83,83,83,83,83,83,83,83],"card_choices":[{"not_picked":["Guardian:TemporalStrike","Guardian:ShieldSpikes"],"picked":"Guardian:Planning","floor":2},{"not_picked":["Guardian:PiercingHide","Guardian:WalkerClaw"],"picked":"Guardian:DonusPower","floor":6},{"not_picked":["Guardian:PrimingBeam","Guardian:Recover"],"picked":"Guardian:ChargeCore","floor":8},{"not_picked":["Guardian:Gem_Purple","Guardian:ChargeCore"],"picked":"Guardian:Gem_Blue","floor":10}],"player_experience":173680,"relics_obtained":[{"floor":7,"key":"halation:PrussianBluePaint"}],"event_choices":[],"is_beta":false,"boss_relics":[],"items_purged_floors":[],"is_endless":false,"potions_floor_spawned":[5,6],"killed_by":"3 Sentries","ascension_level":0}}