{"host":"xp5rvh2jwe2ejyfm","time":1613318739,"event":{"mods":["2.2 Compatiblity","Aspiration","BaseMod","Better Altar","Better Match","Better Note","Better Sensory Stone","Better Skull","BetterRewards","Colored Powertips","Conspire","Downfall","GifTheSpireLib","Gremlin Mod","GungeonMod","Hermit","Hubris","Jorbs\u0027s Wanderer Trilogy","Minty Spire (QoL Compilation)","Potionbrewer","Quick Restart","Replay The Spire","Robot Space Explorer","Shade Mod","Somnambulant","StSLib","The Bug Knight","The Clintock","The Construct","The Cursed","The Disciple","The Forsaken","The Hierophant","The Necromancer","The Runesmith","The Servant 0.9.4","The Valiant","The Witch","TheFirefly","thorton"],"gold_per_floor":[112,112,123,138,151,181,181,195,195,205,205,205,205,217,217,321,321,305,305,33,52,1,1,27,27,27],"floor_reached":25,"language":"ENG","playtime":795,"items_purged":[],"score":223,"play_id":"b37e85b9-0c87-4a73-b8c3-b45e7ee7e3fd","local_time":"20210214110539","is_ascension_mode":false,"campfire_choices":[{"floor":7,"key":"RECALL"},{"floor":13,"key":"REST"},{"floor":15,"key":"REST"},{"floor":23,"key":"REST"}],"circlet_count":0,"master_deck":["TheCursedMod:Strike_TheCursed","TheCursedMod:Strike_TheCursed","TheCursedMod:Strike_TheCursed","TheCursedMod:Strike_TheCursed","TheCursedMod:Defend_TheCursed","TheCursedMod:Defend_TheCursed","TheCursedMod:Defend_TheCursed","TheCursedMod:Defend_TheCursed+1","TheCursedMod:CursedWand","TheCursedMod:CleanUpWorkshop","TheCursedMod:Dregs","TheCursedMod:SmokeScreen","TheCursedMod:HellfireBreathing","TheCursedMod:CursedBlade+1","TheCursedMod:AbyssShockwave","TheCursedMod:CircleOfBlood","TheCursedMod:HellfireBreathing","TheCursedMod:Hemoplague","TheCursedMod:CursedBlade","TheCursedMod:ShockAndAwe","TheCursedMod:HellfireBreathing+1","TheCursedMod:SpitefulStrike","TheCursedMod:CircleOfFlame","TheCursedMod:WearCloak","TheCursedMod:ReleasedStrength"],"relics":["TheCursedMod:BlackMagic101","NeowsBlessing","hubris:Towel","DemoMod:PoisonVial","hubris:BundleOfHerbs","construct:WeddingRing","Frozen Egg 2","DemoMod:MeatBun","theForsaken:ScaryMask"],"acts_visited":["Exordium","TheCity"],"potions_floor_usage":[5,6,10,18],"damage_taken":[{"damage":0,"enemies":"2 Louse","floor":1,"turns":1},{"damage":0,"enemies":"Small Slimes","floor":3,"turns":1},{"damage":0,"enemies":"Jaw Worm","floor":4,"turns":1},{"damage":0,"enemies":"Looter","floor":5,"turns":4},{"damage":33,"enemies":"3 Sentries","floor":6,"turns":7},{"damage":12,"enemies":"Large Slime","floor":8,"turns":5},{"damage":19,"enemies":"Exordium Wildlife","floor":10,"turns":3},{"damage":0,"enemies":"3 Louse","floor":14,"turns":1},{"damage":55,"enemies":"The Guardian","floor":16,"turns":8},{"damage":23,"enemies":"2 Thieves","floor":18,"turns":4},{"damage":49,"enemies":"Centurion and Healer","floor":21,"turns":4},{"damage":37,"enemies":"Book of Stabbing","floor":24,"turns":6},{"damage":12,"enemies":"Chosen and Byrds","floor":25,"turns":5}],"seed_played":"-9168489859892493329","potions_obtained":[{"floor":1,"key":"potionbrewer:DiscountPotion"},{"floor":4,"key":"Explosive Potion"},{"floor":8,"key":"ColorlessPotion"},{"floor":16,"key":"Dexterity Potion"},{"floor":24,"key":"GamblersBrew"}],"is_trial":false,"path_per_floor":["M","?","M","M","M","E","R","M","T","M","?","?","R","M","R","B",null,"M","?","$","M","$","R","E","M"],"character_chosen":"THE_CURSED","items_purchased":["TheCursedMod:HellfireBreathing+1","DemoMod:MeatBun","TheCursedMod:SpitefulStrike","TheCursedMod:WearCloak"],"campfire_rested":3,"item_purchase_floors":[20,20,20,22],"current_hp_per_floor":[75,75,75,75,75,42,42,34,34,25,25,10,32,36,58,19,75,52,52,66,19,19,41,8,0,0],"gold":27,"neow_bonus":"THREE_ENEMY_KILL","is_daily":false,"chose_seed":false,"campfire_upgraded":0,"win_rate":0.0,"timestamp":1613318739,"path_taken":["M","?","M","M","M","E","R","M","T","M","?","?","R","?","R","BOSS","M","?","$","M","$","R","E","M"],"items_purchased_type":["Card","Relic","Card","Card"],"build_version":"2020-12-22","purchased_purges":0,"victory":false,"max_hp_per_floor":[75,75,75,75,75,75,75,75,75,75,75,75,75,75,75,75,75,75,75,75,75,75,75,75,75,75],"card_choices":[{"not_picked":["TheCursedMod:WearCloak","TheCursedMod:RavingStaff"],"picked":"TheCursedMod:SmokeScreen","floor":1},{"not_picked":["TheCursedMod:Torture","TheCursedMod:CursedArmor"],"picked":"TheCursedMod:HellfireBreathing","floor":3},{"not_picked":["TheCursedMod:Grudge","TheCursedMod:CursedMace"],"picked":"TheCursedMod:CursedBlade","floor":4},{"not_picked":["TheCursedMod:ManaCirculation","TheCursedMod:SpreadPlague"],"picked":"TheCursedMod:AbyssShockwave","floor":5},{"not_picked":["TheCursedMod:Stigma","TheCursedMod:CursedMace"],"picked":"TheCursedMod:CircleOfBlood","floor":6},{"not_picked":["TheCursedMod:ManaBullet","TheCursedMod:FleshFromBone"],"picked":"TheCursedMod:HellfireBreathing","floor":8},{"not_picked":["TheCursedMod:AshesToAshes","TheCursedMod:SmokeScreen"],"picked":"TheCursedMod:Hemoplague","floor":10},{"not_picked":["TheCursedMod:CursedShiv","TheCursedMod:StingEye"],"picked":"TheCursedMod:CursedBlade","floor":14},{"not_picked":["TheCursedMod:UltimatePain","TheCursedMod:OutForBlood"],"picked":"TheCursedMod:ShockAndAwe","floor":16},{"not_picked":["TheCursedMod:SpitefulPray+1","TheCursedMod:Torture"],"picked":"TheCursedMod:Stigma","floor":18},{"not_picked":["TheCursedMod:CircleOfCorruption","TheCursedMod:CursedAmulet+1"],"picked":"TheCursedMod:CircleOfFlame","floor":21},{"not_picked":["TheCursedMod:SaltUponWound","TheCursedMod:RapidMovement"],"picked":"TheCursedMod:ReleasedStrength","floor":24}],"player_experience":505455,"relics_obtained":[{"floor":6,"key":"DemoMod:PoisonVial"},{"floor":9,"key":"hubris:BundleOfHerbs"},{"floor":24,"key":"theForsaken:ScaryMask"}],"event_choices":[{"damage_healed":0,"gold_gain":0,"player_choice":"Ignored","damage_taken":0,"max_hp_gain":0,"max_hp_loss":0,"event_name":"Golden Idol","floor":11,"gold_loss":0},{"damage_healed":0,"gold_gain":0,"player_choice":"Entered Light","damage_taken":15,"max_hp_gain":0,"max_hp_loss":0,"event_name":"Shining Light","floor":12,"gold_loss":0,"cards_upgraded":["TheCursedMod:CursedBlade","TheCursedMod:Defend_TheCursed"]},{"cards_removed":["TheCursedMod:Stigma"],"damage_healed":0,"gold_gain":0,"player_choice":"Gave Card","damage_taken":0,"relics_obtained":["Frozen Egg 2"],"max_hp_gain":0,"max_hp_loss":0,"event_name":"WeMeetAgain","floor":19,"gold_loss":0}],"is_beta":false,"boss_relics":[{"not_picked":["Ring of Chaos","hubris:Backtick"],"picked":"construct:WeddingRing"}],"items_purged_floors":[],"is_endless":false,"potions_floor_spawned":[1,4,8,16,24],"killed_by":"Chosen and Byrds","ascension_level":0}}