{"host":"prxrhpgaxnj4om9r","time":1613315399,"event":{"mods":["AchievementEnabler","BaseMod","Colored Map","DeckTracker","Minty Spire (QoL Compilation)"],"gold_per_floor":[111,111,129,129,129,129,172,206,206,240,262,22,22,52,52,189,189,212,245,170,26,35,87,120,159,213,213,246,289,289,302,302,432,459,486,70,70,83,99,99,124,155,155,155,12,44,44,68,68,68,68],"floor_reached":50,"language":"KOR","playtime":2065,"items_purged":[],"score":836,"play_id":"352ffe12-0d95-45c0-9ba7-2dfe728b71b8","local_time":"20210215000959","is_ascension_mode":true,"campfire_choices":[{"data":"Searing Blow","floor":6,"key":"SMITH"},{"data":"Searing Blow+1","floor":13,"key":"SMITH"},{"data":"Armaments","floor":15,"key":"SMITH"},{"data":"Searing Blow+2","floor":27,"key":"SMITH"},{"floor":30,"key":"REST"},{"floor":32,"key":"REST"},{"floor":40,"key":"REST"},{"floor":44,"key":"REST"},{"floor":49,"key":"REST"}],"circlet_count":0,"master_deck":["Strike_R","Strike_R","Defend_R","Defend_R","Defend_R","Bash","Searing Blow+3","Sword Boomerang","Impervious","Armaments+1","Dropkick","Thunderclap","Inflame","Immolate","Heavy Blade+1","Clothesline+1","Intimidate+1","Demon Form","Battle Trance","Seeing Red","Reaper","Anger+1","Armaments+1","Reckless Charge+1","Flex+1","Perfected Strike","Fire Breathing","Parasite"],"relics":["Burning Blood","NeowsBlessing","Golden Idol","MealTicket","CeramicFish","White Beast Statue","Singing Bowl","Snecko Eye","PreservedInsect","Vajra","Mercury Hourglass","StoneCalendar","Tiny Chest","Ginger","Astrolabe","Mango","Akabeko","Bottled Lightning","Dream Catcher"],"acts_visited":["Exordium","TheCity","TheBeyond"],"potions_floor_usage":[8,10,14,16,16,16,16,19,23,23,24,25,29,29,33,39,41,41,42,42,46,50,50],"damage_taken":[{"damage":0,"enemies":"2 Louse","floor":1,"turns":1},{"damage":0,"enemies":"Small Slimes","floor":3,"turns":1},{"damage":0,"enemies":"Gremlin Nob","floor":7,"turns":1},{"damage":0,"enemies":"Cultist","floor":8,"turns":2},{"damage":8,"enemies":"Large Slime","floor":10,"turns":7},{"damage":11,"enemies":"Looter","floor":11,"turns":2},{"damage":14,"enemies":"Red Slaver","floor":14,"turns":2},{"damage":0,"enemies":"Slime Boss","floor":16,"turns":4},{"damage":41,"enemies":"3 Byrds","floor":18,"turns":6},{"damage":13,"enemies":"2 Thieves","floor":19,"turns":4},{"damage":10,"enemies":"Book of Stabbing","floor":23,"turns":2},{"damage":0,"enemies":"Shelled Parasite and Fungi","floor":24,"turns":1},{"damage":0,"enemies":"Slavers","floor":25,"turns":1},{"damage":36,"enemies":"Centurion and Healer","floor":28,"turns":7},{"damage":15,"enemies":"Book of Stabbing","floor":29,"turns":3},{"damage":18,"enemies":"Snake Plant","floor":31,"turns":3},{"damage":24,"enemies":"Champ","floor":33,"turns":6},{"damage":35,"enemies":"3 Darklings","floor":35,"turns":4},{"damage":45,"enemies":"3 Shapes","floor":38,"turns":4},{"damage":60,"enemies":"Sphere and 2 Shapes","floor":39,"turns":4},{"damage":12,"enemies":"Jaw Worm Horde","floor":41,"turns":2},{"damage":85,"enemies":"Reptomancer","floor":42,"turns":4},{"damage":56,"enemies":"Writhing Mass","floor":46,"turns":4},{"damage":15,"enemies":"3 Darklings","floor":48,"turns":2},{"damage":97,"enemies":"Donu and Deca","floor":50,"turns":4}],"seed_played":"695596775536467546","potions_obtained":[{"floor":5,"key":"HeartOfIron"},{"floor":5,"key":"EntropicBrew"},{"floor":5,"key":"BlessingOfTheForge"},{"floor":10,"key":"SmokeBomb"},{"floor":11,"key":"ColorlessPotion"},{"floor":14,"key":"SkillPotion"},{"floor":16,"key":"Ancient Potion"},{"floor":18,"key":"FearPotion"},{"floor":19,"key":"ElixirPotion"},{"floor":23,"key":"AttackPotion"},{"floor":24,"key":"DuplicationPotion"},{"floor":25,"key":"SpeedPotion"},{"floor":28,"key":"SneckoOil"},{"floor":29,"key":"Fire Potion"},{"floor":31,"key":"SpeedPotion"},{"floor":33,"key":"LiquidBronze"},{"floor":35,"key":"BloodPotion"},{"floor":38,"key":"Weak Potion"},{"floor":39,"key":"SkillPotion"},{"floor":41,"key":"Strength Potion"},{"floor":42,"key":"Weak Potion"},{"floor":46,"key":"BloodPotion"},{"floor":48,"key":"Energy Potion"}],"is_trial":false,"path_per_floor":["M","?","M","?","?","R","E","M","T","M","M","$","R","M","R","B",null,"M","M","?","$","?","E","M","E","T","R","M","E","R","M","R","B",null,"M","$","?","M","M","R","M","E","T","R","$","M","?","M","R","B"],"character_chosen":"IRONCLAD","items_purchased":["Singing Bowl","PreservedInsect","Mango","Perfected Strike","Fire Breathing","Dream Catcher"],"campfire_rested":5,"item_purchase_floors":[12,21,36,36,36,45],"current_hp_per_floor":[80,60,66,48,48,48,54,60,60,58,53,68,68,60,60,66,80,45,38,38,53,53,54,60,68,68,68,38,29,53,43,68,50,84,55,84,84,62,43,73,69,13,13,44,59,28,28,22,57,0,0],"gold":68,"neow_bonus":"THREE_ENEMY_KILL","is_daily":false,"chose_seed":false,"campfire_upgraded":4,"win_rate":0.0,"timestamp":1613315399,"path_taken":["M","?","M","?","?","R","E","M","T","?","M","$","R","M","R","BOSS","M","M","?","$","?","E","M","E","T","R","M","E","R","M","R","BOSS","M","$","?","M","?","R","M","E","T","R","$","M","?","M","R","BOSS"],"items_purchased_type":["Relic","Relic","Relic","Card","Card","Relic"],"build_version":"2020-12-22","purchased_purges":0,"victory":false,"max_hp_per_floor":[80,80,80,80,80,80,80,80,80,80,80,80,80,80,80,80,80,80,80,80,80,80,80,80,82,82,82,82,82,82,84,84,84,84,84,98,98,100,102,102,104,106,106,106,106,108,108,110,112,112,112],"card_choices":[{"not_picked":["Headbutt","Iron Wave"],"picked":"Searing Blow","floor":1},{"not_picked":["Sever Soul","Anger"],"picked":"Sword Boomerang","floor":3},{"not_picked":["Combust","Perfected Strike"],"picked":"Impervious","floor":7},{"not_picked":["Iron Wave","Searing Blow"],"picked":"Armaments","floor":8},{"not_picked":["Disarm","Flame Barrier"],"picked":"Dropkick","floor":10},{"not_picked":["True Grit","Iron Wave"],"picked":"Thunderclap","floor":11},{"not_picked":["Pommel Strike","Sentinel"],"picked":"Inflame","floor":14},{"not_picked":["Offering","Impervious"],"picked":"Immolate","floor":16},{"not_picked":["Body Slam","Sentinel"],"picked":"Heavy Blade+1","floor":18},{"not_picked":["Wild Strike","Fire Breathing"],"picked":"Clothesline+1","floor":19},{"not_picked":["Clothesline+1","Evolve"],"picked":"Intimidate+1","floor":23},{"not_picked":["Pommel Strike","Havoc"],"picked":"Demon Form","floor":24},{"not_picked":["Juggernaut","Flex","Twin Strike"],"picked":"Singing Bowl","floor":25},{"not_picked":["Fire Breathing","Hemokinesis"],"picked":"Battle Trance","floor":28},{"not_picked":["Flex","Armaments"],"picked":"Seeing Red","floor":29},{"not_picked":["Rage+1","Flex+1","Dual Wield"],"picked":"Singing Bowl","floor":31},{"not_picked":["Limit Break","Brutality"],"picked":"Reaper","floor":33},{"not_picked":["Dual Wield+1","Warcry+1"],"picked":"Flex+1","floor":35},{"not_picked":["Intimidate","Wild Strike+1","Rage+1"],"picked":"Singing Bowl","floor":38},{"not_picked":["Wild Strike+1","Body Slam+1","Infernal Blade"],"picked":"Singing Bowl","floor":39},{"not_picked":["Perfected Strike+1","Berserk","Cleave+1"],"picked":"Singing Bowl","floor":41},{"not_picked":["Warcry+1","Havoc","Cleave"],"picked":"Singing Bowl","floor":42},{"not_picked":["Brutality","Burning Pact","Wild Strike"],"picked":"Singing Bowl","floor":46},{"not_picked":["Armaments+1","Anger","Cleave+1"],"picked":"Singing Bowl","floor":48},{"not_picked":["True Grit+1","Body Slam+1","Havoc"],"picked":"Singing Bowl","floor":49}],"player_experience":456828,"relics_obtained":[{"floor":7,"key":"CeramicFish"},{"floor":9,"key":"White Beast Statue"},{"floor":23,"key":"Mercury Hourglass"},{"floor":25,"key":"StoneCalendar"},{"floor":26,"key":"Tiny Chest"},{"floor":29,"key":"Ginger"},{"floor":42,"key":"Akabeko"},{"floor":43,"key":"Bottled Lightning"}],"event_choices":[{"damage_healed":0,"gold_gain":0,"player_choice":"Take Damage","damage_taken":20,"relics_obtained":["Golden Idol"],"max_hp_gain":0,"max_hp_loss":0,"event_name":"Golden Idol","floor":2,"gold_loss":0},{"damage_healed":0,"gold_gain":0,"player_choice":"Success","damage_taken":18,"relics_obtained":["MealTicket"],"max_hp_gain":0,"max_hp_loss":0,"event_name":"Scrap Ooze","floor":4,"gold_loss":0},{"damage_healed":0,"gold_gain":0,"player_choice":"Got Potions","damage_taken":0,"max_hp_gain":0,"max_hp_loss":0,"event_name":"Lab","floor":5,"gold_loss":0},{"cards_removed":["Strike_R"],"damage_healed":0,"gold_gain":0,"player_choice":"Gave Gold","damage_taken":0,"max_hp_gain":0,"max_hp_loss":0,"event_name":"Beggar","floor":20,"gold_loss":75},{"damage_healed":0,"gold_gain":0,"player_choice":"Stole Relic","damage_taken":0,"relics_obtained":["Vajra"],"max_hp_gain":0,"max_hp_loss":0,"event_name":"Addict","floor":22,"gold_loss":0,"cards_obtained":["Shame"]},{"cards_removed":["Shame"],"damage_healed":0,"gold_gain":0,"player_choice":"Removed Curses","damage_taken":0,"max_hp_gain":0,"max_hp_loss":0,"event_name":"Fountain of Cleansing","floor":37,"gold_loss":0},{"damage_healed":0,"gold_gain":0,"player_choice":"Ignored","damage_taken":0,"max_hp_gain":0,"max_hp_loss":0,"event_name":"SecretPortal","floor":47,"gold_loss":0}],"is_beta":false,"boss_relics":[{"not_picked":["Tiny House","Runic Pyramid"],"picked":"Snecko Eye"},{"not_picked":["Busted Crown","Coffee Dripper"],"picked":"Astrolabe"}],"items_purged_floors":[],"is_endless":false,"potions_floor_spawned":[7,10,11,14,16,18,19,23,24,25,28,29,31,33,35,38,39,41,42,46,48],"killed_by":"Donu and Deca","ascension_level":4}}