{"host":"d73an99q9oevilk5","time":1613268203,"event":{"mods":["2.2 Compatiblity","AchievementEnabler","Act Like it!","Aspiration","BaseMod","Beaked The Cultist","Better Third Choice","BetterRewards","Colored Map","Colored Powertips","Conspire","Downfall","GifTheSpireLib","GungeonMod","Halation","Hubris","Infinite Spire","Marisa????????","Mimic Mod","Minty Spire (QoL Compilation)","Quick Restart","Relic Sorter","Reliquary","Replay The Spire","Shop Mod","Spikes Relics","StSLib","Stuff the Spire","The Bug Knight","The Cursed","The Jungle","The Necromancer","The Saiyan","Waifu the Spire","egg","slay the spire mod where everything is the same but ironclad has a cowboy hat"],"gold_per_floor":[115,131,198,198,198,198,225,225,262,262,279,312,326,345,345,441,441,453,453,472,485,485,485,495,524,524,524,524,524,179,194,285,385,435,453,453,466,466,478,478,497,243,282,282,282,314,8,8,8,8],"floor_reached":51,"language":"ENG","playtime":1760,"items_purged":["Regret"],"score":1073,"play_id":"46ca59e7-766c-42ec-be60-2001b1cab378","local_time":"20210213190323","is_ascension_mode":false,"campfire_choices":[{"data":"beaked:CrazyRituals","floor":6,"key":"SMITH"},{"data":"beaked:CrazyRituals","floor":8,"key":"SMITH"},{"data":"beaked:Tweet","floor":15,"key":"SMITH"},{"data":"beaked:Foresight","floor":23,"key":"SMITH"},{"data":"beaked:Insight","floor":27,"key":"SMITH"},{"data":"hubris:EnhanceAbility","floor":40,"key":"SMITH"},{"data":"infinitespire:Fortify","floor":45,"key":"SMITH"},{"floor":49,"key":"DIG"}],"circlet_count":0,"master_deck":["beaked:Strike_Y","beaked:Strike_Y","beaked:Strike_Y","beaked:Strike_Y","beaked:Strike_Y","beaked:Defend_Y","beaked:Defend_Y","beaked:Defend_Y","beaked:Defend_Y","beaked:Ceremony+1","beaked:CrazyRituals+1","beaked:CrazyRituals+1","Sadistic Nature+1","beaked:Tweet+1","ReplayTheSpireMod:Wings of Steel","beaked:Foresight","beaked:AwakenedForm","beaked:Brace","beaked:Pecker","Core Surge","beaked:Foresight+1","beaked:Evade+1","beaked:CrazyRituals+1","beaked:Insight+1","hubris:EnhanceAbility+1","beaked:ScreechingChant","beaked:CursingBlood+1","infinitespire:Fortify+1","Slimebound:SlimeSpikes+1","Slimebound:SlimeSpikes","beaked:Insight"],"relics":["beaked:MendingPlumage","infinitespire:ShieldingShard","Ginger","PreservedInsect","Chemical X","StuffTheSpire:RedRose","Onion Ring","hubris:BottledRain","Du-Vu Doll","RetroEgg","Ring of Chaos","Replay:PocketPolymizer","Philosopher\u0027s Stone","hubris:CrystalStatue","hubris:MobiusCoin","hubris:EmptyBottle","hubris:ScarierMask","aspiration:Nostalgia","m_SlimeRing","infinitespire:PuzzleCube","aspiration:FetidBarrel","halation:LettersToHer","aspiration:HummingbirdHeart","LugNut","halation:PenCase"],"acts_visited":["Exordium","TheCity","TheBeyond"],"potions_floor_usage":[12,16,25,31,37,50,50],"damage_taken":[{"damage":3,"enemies":"Jaw Worm","floor":1,"turns":3},{"damage":4,"enemies":"2 Louse","floor":2,"turns":3},{"damage":8,"enemies":"Replay:BlueRogue","floor":7,"turns":5},{"damage":6,"enemies":"conspire:RoseBush","floor":9,"turns":7},{"damage":4,"enemies":"conspire:RoseBush","floor":11,"turns":3},{"damage":19,"enemies":"3 Sentries","floor":12,"turns":6},{"damage":12,"enemies":"Large Slime","floor":13,"turns":3},{"damage":9,"enemies":"Blue Slaver","floor":14,"turns":3},{"damage":38,"enemies":"Hexaghost","floor":16,"turns":9},{"damage":38,"enemies":"Shell Parasite","floor":18,"turns":5},{"damage":12,"enemies":"Spheric Guardian","floor":20,"turns":5},{"damage":21,"enemies":"Snecko","floor":21,"turns":6},{"damage":4,"enemies":"Centurion and Healer","floor":24,"turns":7},{"damage":0,"enemies":"Replay:Snechameleon","floor":25,"turns":5},{"damage":11,"enemies":"Snake Plant","floor":31,"turns":4},{"damage":0,"enemies":"conspire:MysteriousRune","floor":33,"turns":7},{"damage":44,"enemies":"Orb Walker","floor":35,"turns":6},{"damage":45,"enemies":"3 Shapes","floor":37,"turns":4},{"damage":9,"enemies":"3 Darklings","floor":39,"turns":9},{"damage":5,"enemies":"4 Shapes","floor":41,"turns":6},{"damage":0,"enemies":"Jaw Worm Horde","floor":43,"turns":7},{"damage":0,"enemies":"Jaw Worm Horde","floor":46,"turns":7},{"damage":0,"enemies":"Donu and Deca","floor":50,"turns":7}],"seed_played":"7116091832885815624","potions_obtained":[{"floor":3,"key":"SmokeBomb"},{"floor":3,"key":"DistilledChaos"},{"floor":3,"key":"ColorlessPotion"},{"floor":13,"key":"SkillPotion"},{"floor":16,"key":"Elixir"}],"is_trial":false,"path_per_floor":["M","M","?","?","?","R","E","R","MIM","?","M","E","M","M","R","B",null,"M","?","M","M","AVR","R","M","E","T","R","?","?","$","M","R_BF","B",null,"M","?","M","AVR","M","R","M","$","MIM","?","R","MIM","$","?","R_BF","B",null],"character_chosen":"BEAKED_THE_CULTIST","items_purchased":["infinitespire:ShieldingShard","Sadistic Nature","PreservedInsect","Chemical X","hubris:EmptyBottle","hubris:EnhanceAbility","aspiration:FetidBarrel","LugNut","beaked:Insight"],"campfire_rested":0,"item_purchase_floors":[0,0,0,0,30,30,42,47,47],"current_hp_per_floor":[50,50,38,38,38,38,49,49,50,50,47,42,43,44,44,50,50,23,23,35,40,40,40,50,50,50,50,50,50,50,50,50,50,50,26,26,2,2,44,44,52,52,52,52,52,52,52,52,52,52],"gold":8,"neow_bonus":"","is_daily":false,"chose_seed":false,"campfire_upgraded":7,"win_rate":0.0,"timestamp":1613268203,"path_taken":["M","M","?","?","?","R","E","R","MIM","?","?","E","M","M","R","BOSS","M","?","M","?","AVR","R","M","E","T","R","?","?","$","?","R_BF","BOSS","M","?","?","AVR","M","R","M","$","MIM","?","R","?","$","?","R_BF","BOSS"],"items_purchased_type":["Relic","Card","Relic","Relic","Relic","Card","Relic","Relic","Card"],"build_version":"2020-12-22","purchased_purges":1,"victory":true,"max_hp_per_floor":[50,50,50,50,50,50,50,50,50,50,50,50,50,50,50,50,50,50,50,50,50,50,50,50,50,50,50,50,50,50,50,50,50,50,52,52,52,52,52,52,52,52,52,52,52,52,52,52,52,52],"card_choices":[{"not_picked":["beaked:Overpower","beaked:WarriorEssence"],"picked":"beaked:Tweet","floor":1},{"not_picked":["beaked:Pecker","beaked:Replenish"],"picked":"ReplayTheSpireMod:Wings of Steel","floor":2},{"not_picked":["beaked:MachineSpirit","beaked:Redirect"],"picked":"beaked:Foresight","floor":3},{"not_picked":["beaked:DigDeeper","beaked:DarkTribute","beaked:HuntressEssence"],"picked":"SKIP","floor":7},{"not_picked":["beaked:Resilience","beaked:Devastation"],"picked":"beaked:AwakenedForm","floor":11},{"not_picked":["beaked:Molting","beaked:BounceBack","beaked:BraceForImpact"],"picked":"SKIP","floor":12},{"not_picked":["beaked:Replenish","beaked:MimicWarrior"],"picked":"beaked:Brace","floor":13},{"not_picked":["beaked:VigorBurst","beaked:FeelMyPain"],"picked":"beaked:Pecker","floor":14},{"not_picked":["beaked:Flinch","beaked:SacrificialAttack","beaked:DigDeeper"],"picked":"SKIP","floor":18},{"not_picked":["beaked:Redirect+1","beaked:Tradeoff"],"picked":"beaked:Foresight","floor":20},{"not_picked":["beaked:RitualOfBody","beaked:BraceForImpact"],"picked":"beaked:Evade+1","floor":21},{"not_picked":["beaked:Tradeoff","beaked:FeelMyPain","beaked:SurvivalInstinct"],"picked":"SKIP","floor":21},{"not_picked":["ReplayTheSpireMod:Prepare the Ceremony","beaked:FullHouse"],"picked":"beaked:CrazyRituals+1","floor":24},{"not_picked":["beaked:Pecker","beaked:FeelMyPain"],"picked":"beaked:Insight","floor":25},{"not_picked":["beaked:Flinch","beaked:TuckingFeathers","beaked:Insight"],"picked":"SKIP","floor":31},{"not_picked":["beaked:LiftOff","beaked:AwakenedForm"],"picked":"beaked:ScreechingChant","floor":33},{"not_picked":["beaked:StickSmack+1","beaked:TuckingFeathers","beaked:WarriorSpirit+1"],"picked":"SKIP","floor":35},{"not_picked":["beaked:Insight","beaked:BraceForImpact"],"picked":"beaked:CursingBlood+1","floor":37},{"not_picked":["beaked:Redirect","beaked:MimicWarrior","beaked:FeelMyPain"],"picked":"SKIP","floor":39},{"not_picked":["beaked:WarriorSpirit+1","Storm of Steel"],"picked":"Slimebound:SlimeSpikes+1","floor":41},{"not_picked":["beaked:Foresight+1","Blade Dance"],"picked":"Slimebound:SlimeSpikes","floor":43}],"player_experience":1917881,"relics_obtained":[{"floor":7,"key":"Onion Ring"},{"floor":9,"key":"hubris:BottledRain"},{"floor":12,"key":"RetroEgg"},{"floor":25,"key":"hubris:CrystalStatue"},{"floor":26,"key":"hubris:MobiusCoin"},{"floor":39,"key":"infinitespire:PuzzleCube"},{"floor":43,"key":"halation:LettersToHer"},{"floor":46,"key":"aspiration:HummingbirdHeart"},{"floor":46,"key":"halation:LettersToHer"},{"floor":49,"key":"halation:PenCase"}],"event_choices":[{"damage_healed":0,"gold_gain":0,"player_choice":"Box","damage_taken":0,"relics_obtained":["Du-Vu Doll"],"max_hp_gain":0,"max_hp_loss":0,"event_name":"Big Fish","floor":10,"gold_loss":0,"cards_obtained":["Regret"]},{"cards_removed":["Regret"],"damage_healed":0,"gold_gain":0,"player_choice":"Took Card","damage_taken":0,"max_hp_gain":0,"max_hp_loss":0,"event_name":"NoteForYourself","floor":19,"gold_loss":0,"cards_obtained":["Core Surge"]},{"damage_healed":0,"gold_gain":0,"player_choice":"Bought 0 Potions","damage_taken":0,"max_hp_gain":0,"max_hp_loss":0,"event_name":"The Woman in Blue","floor":36,"gold_loss":0},{"cards_removed":["beaked:Strike_Y"],"damage_healed":0,"gold_gain":0,"player_choice":"Removed Attack","damage_taken":0,"max_hp_gain":0,"max_hp_loss":0,"event_name":"Falling","floor":48,"gold_loss":0}],"is_beta":false,"boss_relics":[{"not_picked":["ReplayTheSpireMod:SealedPack","halation:Yufonium"],"picked":"Ring of Chaos"},{"not_picked":["Tiny House","aspiration:SilentSkillbook"],"picked":"hubris:ScarierMask"}],"items_purged_floors":[22],"is_endless":false,"potions_floor_spawned":[7,11,13,16,18,21,24,25,37,39],"ascension_level":0}}