{"host":"zxkjcgzis4pm3za5","time":1613304300,"event":{"mods":["AchievementEnabler","BaseMod","Colored Map","Colored Powertips","Minty Spire (QoL Compilation)","Quick Restart","Random Character Button","Relic Sorter","Relic Stats","StSLib"],"gold_per_floor":[367,367,382,402,45,77,77,93,93,93,93,122,122,138,138,211,211,227,152,52,52,52,94,94,130,130,130,167,167,167],"floor_reached":29,"language":"ENG","playtime":1032,"items_purged":["Clumsy","Strike_G"],"score":574,"play_id":"ffc6f3b3-565e-491e-a3f9-ebfab5957ac1","local_time":"20210214173500","is_ascension_mode":true,"campfire_choices":[{"floor":7,"key":"REST"},{"floor":11,"key":"REST"},{"data":"Footwork","floor":13,"key":"SMITH"},{"data":"Noxious Fumes","floor":15,"key":"SMITH"},{"floor":24,"key":"REST"},{"floor":27,"key":"REST"}],"circlet_count":0,"master_deck":["AscendersBane","Strike_G","Defend_G","Defend_G","Defend_G+1","Defend_G","Defend_G+1","Survivor","Neutralize","Slice","All Out Attack","Blade Dance","Footwork+1","Dagger Throw","Blade Dance","Quick Slash","Die Die Die","Noxious Fumes+1","Blade Dance","Burst","Terror","Well Laid Plans+1","Adrenaline","Storm of Steel","After Image","Accuracy+1","Acrobatics"],"relics":["Ring of the Snake","Sundial","Vajra","Lizard Tail","Prayer Wheel","War Paint","Philosopher\u0027s Stone","CeramicFish","Tiny Chest","Pantograph","Thread and Needle"],"acts_visited":["Exordium","TheCity"],"potions_floor_usage":[12,18,18,25,29],"damage_taken":[{"damage":0.0,"enemies":"2 Louse","floor":1.0,"turns":4.0},{"damage":4,"enemies":"Small Slimes","floor":3,"turns":6},{"damage":1,"enemies":"Cultist","floor":4,"turns":3},{"damage":34,"enemies":"Gremlin Nob","floor":6,"turns":4},{"damage":16,"enemies":"Exordium Thugs","floor":8,"turns":6},{"damage":3,"enemies":"3 Sentries","floor":12,"turns":5},{"damage":0,"enemies":"3 Louse","floor":14,"turns":2},{"damage":19,"enemies":"Hexaghost","floor":16,"turns":9},{"damage":0,"enemies":"Chosen","floor":18,"turns":3},{"damage":46,"enemies":"Slavers","floor":23,"turns":6},{"damage":54,"enemies":"Book of Stabbing","floor":25,"turns":5},{"damage":24,"enemies":"Gremlin Leader","floor":28,"turns":5},{"damage":5,"enemies":"Masked Bandits","floor":29,"turns":2}],"seed_played":"-776659635700422109","potions_obtained":[{"floor":8,"key":"PowerPotion"},{"floor":12,"key":"Poison Potion"},{"floor":14,"key":"AttackPotion"},{"floor":23,"key":"AttackPotion"},{"floor":25,"key":"Strength Potion"}],"is_trial":false,"path_per_floor":["M","?","M","M","$","E","R","M","T","?","R","E","R","M","R","B",null,"M","?","$","?","?","E","R","E","T","R","E","?"],"character_chosen":"THE_SILENT","items_purchased":["Vajra","Footwork","Dagger Throw"],"campfire_rested":4,"item_purchase_floors":[5,5,5],"current_hp_per_floor":[59,54,50,49,49,15,34,18,18,18,37,34,34,34,34,15,53,53,53,53,53,53,7,26,9,9,28,4,0,0],"gold":167,"neow_bonus":"TWO_FIFTY_GOLD","is_daily":false,"chose_seed":false,"campfire_upgraded":2,"win_rate":0.0,"timestamp":1613304300,"path_taken":["M","?","M","M","$","E","R","M","T","?","R","E","R","M","R","BOSS","M","?","?","?","?","E","R","E","T","R","E","?"],"items_purchased_type":["Relic","Card","Card"],"build_version":"2020-12-22","purchased_purges":2,"victory":false,"max_hp_per_floor":[66,66,66,66,66,66,66,66,66,66,66,66,66,66,66,66,66,66,66,66,66,66,66,66,66,66,66,66,66,66],"relic_stats":{"Lizard Tail":33,"counters":[13,60],"Sundial":[6],"CeramicFish":27,"Pantograph":0,"Prayer Wheel":2,"Tiny Chest":0,"War Paint":["Defend_G","Defend_G"],"obtain_stats":[{"Lizard Tail":6,"Sundial":2,"CeramicFish":23,"Pantograph":26,"Vajra":5,"Prayer Wheel":9,"Philosopher\u0027s Stone":17,"Tiny Chest":25,"Thread and Needle":28,"War Paint":12,"Ring of the Snake":0},{"Lizard Tail":4,"Sundial":1,"CeramicFish":10,"Pantograph":11,"Vajra":3,"Prayer Wheel":5,"Philosopher\u0027s Stone":8,"Tiny Chest":11,"Thread and Needle":12,"War Paint":6,"Ring of the Snake":0},{"Lizard Tail":17,"Sundial":4,"CeramicFish":48,"Pantograph":53,"Vajra":13,"Prayer Wheel":23,"Philosopher\u0027s Stone":39,"Tiny Chest":53,"Thread and Needle":58,"War Paint":28,"Ring of the Snake":0}],"Ring of the Snake":[26]},"card_choices":[{"not_picked":["Prepared","Cloak And Dagger"],"picked":"Slice","floor":1.0},{"not_picked":["Acrobatics","Catalyst"],"picked":"All Out Attack","floor":3},{"not_picked":["Caltrops","Distraction"],"picked":"Blade Dance","floor":4},{"not_picked":["Distraction","Caltrops"],"picked":"Blade Dance","floor":6},{"not_picked":["Poisoned Stab","PiercingWail"],"picked":"Quick Slash","floor":8},{"not_picked":["Expertise","Tactician"],"picked":"Die Die Die","floor":12},{"not_picked":["Poisoned Stab","Dagger Spray"],"picked":"Noxious Fumes","floor":14},{"not_picked":["Dagger Spray","Riddle With Holes"],"picked":"Blade Dance","floor":14},{"not_picked":["Die Die Die","Storm of Steel"],"picked":"Burst","floor":16},{"not_picked":["Deflect+1","Acrobatics"],"picked":"Terror","floor":18},{"not_picked":["Dash","Setup"],"picked":"Well Laid Plans+1","floor":18},{"not_picked":["Infinite Blades","Footwork+1"],"picked":"After Image","floor":23},{"not_picked":["PiercingWail","Dodge and Roll"],"picked":"Accuracy+1","floor":25},{"not_picked":["Deflect","Footwork"],"picked":"Acrobatics","floor":28}],"player_experience":366783,"relics_obtained":[{"floor":6,"key":"Lizard Tail"},{"floor":9,"key":"Prayer Wheel"},{"floor":12,"key":"War Paint"},{"floor":23,"key":"CeramicFish"},{"floor":25,"key":"Tiny Chest"},{"floor":26,"key":"Pantograph"},{"floor":28,"key":"Thread and Needle"}],"event_choices":[{"damage_healed":0.0,"max_hp_gain":0.0,"max_hp_loss":0.0,"gold_gain":0.0,"event_name":"Scrap Ooze","player_choice":"Success","floor":2.0,"gold_loss":0.0,"damage_taken":5.0,"relics_obtained":["Sundial"]},{"cards_removed":["Strike_G"],"damage_healed":0,"gold_gain":0,"player_choice":"Purged","damage_taken":0,"max_hp_gain":0,"max_hp_loss":0,"event_name":"Purifier","floor":10,"gold_loss":0},{"damage_healed":0,"gold_gain":0,"cards_transformed":["Strike_G","Strike_G"],"player_choice":"Transformed Cards","damage_taken":0,"max_hp_gain":0,"max_hp_loss":0,"event_name":"Designer","floor":19,"gold_loss":75,"cards_obtained":["Adrenaline","Storm of Steel"]},{"damage_healed":0,"gold_gain":0,"player_choice":"Smashed Altar","damage_taken":0,"max_hp_gain":0,"max_hp_loss":0,"event_name":"Forgotten Altar","floor":21,"gold_loss":0,"cards_obtained":["Decay"]},{"cards_removed":["Decay"],"damage_healed":0,"gold_gain":0,"player_choice":"Elegance","damage_taken":0,"max_hp_gain":0,"max_hp_loss":0,"event_name":"Back to Basics","floor":22,"gold_loss":0},{"damage_healed":0,"gold_gain":0,"player_choice":"Fought Bandits","damage_taken":0,"max_hp_gain":0,"max_hp_loss":0,"event_name":"Masked Bandits","floor":29,"gold_loss":0}],"is_beta":false,"boss_relics":[{"not_picked":["SacredBark","Coffee Dripper"],"picked":"Philosopher\u0027s Stone"}],"items_purged_floors":[5,20],"is_endless":false,"potions_floor_spawned":[8,12,14,23,25],"killed_by":"Masked Bandits","ascension_level":20}}