{"host":"bvp2uifzy1c463d9","time":1613290042,"event":{"mods":["AchievementEnabler","BaseMod","Better Note","Block Reminder","Bossed Relics","ChefMod","Colored Map","Colored Powertips","Energized Spire","Hermit","Highlight Path","Hubris","Infinite Spire","Minty Spire (QoL Compilation)","Random Character Button","Relic Sorter","Relic Stats","Reliquary","Replay The Spire","Robot Space Explorer","StSLib","The Blue Laboratory","The Jungle","The Servant 0.9.4","Wandering Minibosses"],"gold_per_floor":[114,127,37,37,57,91,91,107,107,107,107,124,138,157,157,252,252,266,266,266,266,365,365,365,365,365],"floor_reached":25,"language":"ENG","playtime":1004,"items_purged":[],"score":221,"play_id":"4b814838-ce4e-466c-9715-3e519988b9cc","local_time":"20210214020722","is_ascension_mode":true,"campfire_choices":[{"floor":7,"key":"DIG"},{"floor":10,"key":"REST"},{"floor":15,"key":"DIG"},{"floor":23,"key":"DIG"}],"circlet_count":0,"master_deck":["hermit:Strike_Hermit+1","hermit:Strike_Hermit+1","hermit:Strike_Hermit+1","hermit:Strike_Hermit+1","hermit:Defend_Hermit+1","hermit:Defend_Hermit+1","hermit:Defend_Hermit+1","hermit:Defend_Hermit+1","hermit:Snapshot","hermit:Covet","hermit:Coalescence","hermit:HighCaliber","hermit:LuckOfTheDraw","hermit:WideOpen","hermit:CalledShot","hermit:FlashPowder","hermit:HighCaliber","hermit:Virtue","hermit:Grudge","hermit:Grudge"],"relics":["hermit:Momento","NeowsBlessing","Shovel","Oddly Smooth Stone","reliquary:BoilingFlask","White Beast Statue","hermit:Spyglass","SacredBark","Replay:Bottled Steam"],"acts_visited":["Exordium","TheCity"],"potions_floor_usage":[5,16,18,25,25,25],"damage_taken":[{"damage":0,"enemies":"Jaw Worm","floor":1,"turns":1},{"damage":0,"enemies":"Cultist","floor":2,"turns":1},{"damage":0,"enemies":"2 Louse","floor":5,"turns":1},{"damage":30,"enemies":"Gremlin Nob","floor":6,"turns":4},{"damage":16,"enemies":"2 Fungi Beasts","floor":8,"turns":3},{"damage":28,"enemies":"Exordium Thugs","floor":12,"turns":5},{"damage":0,"enemies":"Exordium Wildlife","floor":13,"turns":3},{"damage":0,"enemies":"Red Slaver","floor":14,"turns":3},{"damage":21,"enemies":"Fading Forest","floor":16,"turns":11},{"damage":23,"enemies":"2 Thieves","floor":18,"turns":6},{"damage":77,"enemies":"Gremlin Leader","floor":25,"turns":9}],"seed_played":"-5540814602180985624","potions_obtained":[{"floor":1,"key":"blueLaboratory:EmptyBottle"},{"floor":12,"key":"Milkshake"},{"floor":13,"key":"Energy Potion"},{"floor":14,"key":"blueLaboratory:NullPotion"},{"floor":16,"key":"hermit:Tonic"},{"floor":18,"key":"blueLaboratory:RememoryPotion"}],"is_trial":false,"path_per_floor":["M","M","$","?","M","E","R","M","T","R","$","M","M","M","R_BF","B",null,"M","?","$","?","?","R","?","E"],"character_chosen":"HERMIT","items_purchased":["hermit:HighCaliber","hermit:LuckOfTheDraw"],"campfire_rested":1,"item_purchase_floors":[3,3],"current_hp_per_floor":[75,75,75,75,75,45,45,29,29,51,51,23,23,23,23,2,75,52,52,52,52,52,52,75,0,0],"gold":365,"neow_bonus":"THREE_ENEMY_KILL","is_daily":false,"chose_seed":false,"campfire_upgraded":0,"win_rate":0.0,"timestamp":1613290042,"path_taken":["M","M","$","?","M","E","R","M","T","R","$","?","?","M","R_BF","BOSS","M","?","$","?","?","R","?","E"],"items_purchased_type":["Card","Card"],"build_version":"2020-12-22","purchased_purges":0,"victory":false,"max_hp_per_floor":[75,75,75,75,75,75,75,75,75,75,75,75,75,75,75,75,75,75,75,75,75,75,75,75,75,75],"relic_stats":{"Shovel":3,"counters":[11,47],"obtain_stats":[{"Shovel":4,"NeowsBlessing":0,"reliquary:BoilingFlask":7,"SacredBark":17,"Oddly Smooth Stone":6,"hermit:Momento":0,"White Beast Statue":9,"hermit:Spyglass":15,"Replay:Bottled Steam":23},{"Shovel":2,"NeowsBlessing":0,"reliquary:BoilingFlask":4,"SacredBark":9,"Oddly Smooth Stone":4,"hermit:Momento":0,"White Beast Statue":5,"hermit:Spyglass":8,"Replay:Bottled Steam":10},{"Shovel":2,"NeowsBlessing":0,"reliquary:BoilingFlask":7,"SacredBark":32,"Oddly Smooth Stone":7,"hermit:Momento":0,"White Beast Statue":10,"hermit:Spyglass":21,"Replay:Bottled Steam":38}]},"card_choices":[{"not_picked":["hermit:Misfire","hermit:Manifest"],"picked":"hermit:Vantage","floor":1},{"not_picked":["hermit:Malice","hermit:Feint"],"picked":"hermit:Coalescence","floor":2},{"not_picked":["hermit:PistolWhip","hermit:GoldenBullet"],"picked":"hermit:WideOpen","floor":5},{"not_picked":["hermit:Ricochet","hermit:Desperado"],"picked":"hermit:CalledShot","floor":6},{"not_picked":["hermit:FromBeyond","hermit:Feint"],"picked":"hermit:Vantage","floor":8},{"not_picked":["hermit:Coalescence","hermit:Combo"],"picked":"hermit:FlashPowder","floor":12},{"not_picked":["hermit:Snipe","hermit:GhostlyPresence"],"picked":"hermit:HighCaliber","floor":13},{"not_picked":["hermit:TrackingShot","hermit:Combo"],"picked":"hermit:NoHoldsBarred","floor":14},{"not_picked":["hermit:FromBeyond","hermit:Purgatory"],"picked":"hermit:Adapt","floor":16},{"not_picked":["hermit:HoleUp","hermit:ItchyTrigger"],"picked":"hermit:Virtue","floor":18}],"player_experience":356102,"relics_obtained":[{"floor":6,"key":"Oddly Smooth Stone"},{"floor":7,"key":"reliquary:BoilingFlask"},{"floor":9,"key":"White Beast Statue"},{"floor":15,"key":"hermit:Spyglass"},{"floor":23,"key":"Replay:Bottled Steam"}],"event_choices":[{"cards_removed":["hermit:Vantage"],"damage_healed":0,"gold_gain":0,"player_choice":"Gave Card","damage_taken":0,"relics_obtained":["Shovel"],"max_hp_gain":0,"max_hp_loss":0,"event_name":"WeMeetAgain","floor":4,"gold_loss":0},{"damage_healed":0,"gold_gain":0,"cards_transformed":["hermit:Adapt","hermit:Vantage"],"player_choice":"Became Test Subject","damage_taken":0,"max_hp_gain":0,"max_hp_loss":0,"event_name":"Drug Dealer","floor":19,"gold_loss":0,"cards_obtained":["hermit:Grudge","hermit:Grudge"]},{"damage_healed":0,"gold_gain":0,"player_choice":"Simplicity","damage_taken":0,"max_hp_gain":0,"max_hp_loss":0,"event_name":"Back to Basics","floor":21,"gold_loss":0,"cards_upgraded":["hermit:Strike_Hermit","hermit:Strike_Hermit","hermit:Strike_Hermit","hermit:Strike_Hermit","hermit:Defend_Hermit","hermit:Defend_Hermit","hermit:Defend_Hermit","hermit:Defend_Hermit"]},{"damage_healed":0,"gold_gain":99,"player_choice":"Stole From Cult","damage_taken":0,"max_hp_gain":0,"max_hp_loss":0,"event_name":"Nest","floor":22,"gold_loss":0},{"cards_removed":["hermit:NoHoldsBarred"],"damage_healed":23,"gold_gain":0,"player_choice":"Offered Uncommon","damage_taken":0,"max_hp_gain":0,"max_hp_loss":0,"event_name":"Bonfire Elementals","floor":24,"gold_loss":0}],"is_beta":false,"boss_relics":[{"not_picked":["hermit:BartenderGlass","Replay:Drink Me"],"picked":"SacredBark"}],"items_purged_floors":[],"is_endless":false,"potions_floor_spawned":[1,12,13,14,16,18],"killed_by":"Gremlin Leader","ascension_level":2}}