{"host":"g0zlq7spi0ykrc8e","time":1613324741,"event":{"mods":["BaseMod","Colored Powertips","Friendly Minions","Kiyohime（清姬）","Minty Spire (QoL Compilation)","Nova Terra(诺娃・泰拉)","Quick Restart","Remilia（蕾米莉亚）","StSLib","UnlockEverythingMod","WarShipGirlsR/战舰少女R mod"],"gold_per_floor":[364,314,73,83,83,114,114,142,167,182,182,193,43,74,74,171,171,183,29,48,38,49,75,91,126,126,140,140,166,66,66,66,164,164,175,175,194,38,57,82,99,124,148,180,261,290,302,317,317,317,317,317,14,14,14],"floor_reached":54,"language":"ZHS","playtime":2930,"items_purged":["Defend_RM","Defend_RM"],"score":1236,"play_id":"38a74070-b0e1-4c9a-84f6-1e293ade76e8","local_time":"20210215014541","is_ascension_mode":true,"campfire_choices":[{"data":"EquivalentExchange","floor":7,"key":"SMITH"},{"data":"ScarletNetherworld","floor":15,"key":"SMITH"},{"floor":32,"key":"REST"},{"floor":49,"key":"RECALL"},{"data":"HeartBreak","floor":52,"key":"SMITH"}],"circlet_count":0,"master_deck":["Strike_RM","Defend_RM","RedMoon","ScarletShoot","ScarletDevilSign","Maim","MastersStateliness","BombardNight","StarOfDavid","EquivalentExchange+1","MiserableFate","EternalNight","ScarletNetherworld+1","BloodySeventeenLaser","TransientEternity","ChaoticDestiny","EternalNight+1","CharismaGuard","AfternoonTea+1","EmergencyRegeneration","HeartBreak+1","LeisurelyOfLord","VampireKiss+1","CurseOfVladTepes","DemonKingCradle"],"relics":["ScarletHat","Frozen Eye","Tiny Chest","Meat on the Bone","Akabeko","Incense Burner","APieceOfRedMist","Vajra","Blood Vial","Strawberry","Pen Nib","Lizard Tail","Letter Opener","ScarletEmblem","Boot","PreservedInsect","Juzu Bracelet","Dream Catcher","Omamori","Sundial","Oddly Smooth Stone","Dead Branch"],"acts_visited":["Exordium","TheCity","TheBeyond","TheEnding"],"potions_floor_usage":[14,16,16,25,29,41,41,46,47,47,47],"damage_taken":[{"damage":0,"enemies":"Small Slimes","floor":1,"turns":3},{"damage":0,"enemies":"2 Louse","floor":4,"turns":3},{"damage":18,"enemies":"Lagavulin","floor":6,"turns":6},{"damage":6,"enemies":"3 Sentries","floor":8,"turns":3},{"damage":7,"enemies":"Jaw Worm","floor":10,"turns":3},{"damage":5,"enemies":"Blue Slaver","floor":12,"turns":4},{"damage":0,"enemies":"Gremlin Nob","floor":14,"turns":2},{"damage":18,"enemies":"Hexaghost","floor":16,"turns":6},{"damage":12,"enemies":"2 Thieves","floor":18,"turns":4},{"damage":2,"enemies":"3 Byrds","floor":20,"turns":4},{"damage":4,"enemies":"Cultist and Chosen","floor":22,"turns":5},{"damage":20,"enemies":"Book of Stabbing","floor":23,"turns":3},{"damage":13,"enemies":"Centurion and Healer","floor":24,"turns":3},{"damage":28,"enemies":"Slavers","floor":25,"turns":3},{"damage":16,"enemies":"Snake Plant","floor":27,"turns":3},{"damage":28,"enemies":"Gremlin Leader","floor":29,"turns":2},{"damage":31,"enemies":"Champ","floor":33,"turns":7},{"damage":17,"enemies":"3 Shapes","floor":35,"turns":6},{"damage":3,"enemies":"Orb Walker","floor":37,"turns":3},{"damage":64,"enemies":"4 Shapes","floor":39,"turns":6},{"damage":40,"enemies":"Nemesis","floor":40,"turns":5},{"damage":40,"enemies":"Jaw Worm Horde","floor":41,"turns":4},{"damage":31,"enemies":"Giant Head","floor":42,"turns":6},{"damage":65,"enemies":"Nemesis","floor":44,"turns":5},{"damage":117,"enemies":"Reptomancer","floor":46,"turns":3},{"damage":64,"enemies":"Writhing Mass","floor":47,"turns":5},{"damage":50,"enemies":"4 Shapes","floor":48,"turns":4},{"damage":104,"enemies":"Donu and Deca","floor":50,"turns":6},{"damage":124,"enemies":"Shield and Spear","floor":54,"turns":5}],"seed_played":"-9156035457976254182","potions_obtained":[{"floor":4,"key":"DestinyDice"},{"floor":10,"key":"FearPotion"},{"floor":12,"key":"DuplicationPotion"},{"floor":14,"key":"AttackPotion"},{"floor":18,"key":"AttackPotion"},{"floor":27,"key":"Strength Potion"},{"floor":29,"key":"Block Potion"},{"floor":35,"key":"Explosive Potion"},{"floor":42,"key":"SteroidPotion"},{"floor":42,"key":"ColorlessPotion"},{"floor":46,"key":"Strength Potion"}],"is_trial":false,"path_per_floor":["M","?","$","M","?","E","R","E","T","M","?","M","$","E","R","B",null,"M","$","M","?","M","E","M","E","T","M","T","E","$","?","R","B",null,"M","?","M","$","M","E","M","E","T","E","T","E","M","M","R","B",null,"R","$","E"],"character_chosen":"REMILIA","items_purchased":["Maim","MastersStateliness","Frozen Eye","ScarletNetherworld","Vajra","Boot","Dead Branch"],"campfire_rested":1,"item_purchase_floors":[3,3,3,13,19,38,53],"current_hp_per_floor":[50,50,50,53,53,41,41,41,41,48,48,44,44,44,44,45,68,62,62,60,60,64,48,41,36,36,37,37,26,26,26,50,60,77,67,67,81,81,43,52,48,44,44,44,44,50,53,50,50,39,71,71,71,0,0],"gold":14,"neow_bonus":"TWO_FIFTY_GOLD","is_daily":false,"chose_seed":false,"campfire_upgraded":3,"win_rate":0.0,"timestamp":1613324741,"path_taken":["M","?","$","M","?","E","R","E","T","M","?","M","?","E","R","BOSS","M","$","M","?","M","E","M","E","T","M","?","E","?","?","R","BOSS","M","?","M","$","M","E","M","E","T","E","?","E","M","M","R","BOSS","R","$","E"],"items_purchased_type":["Card","Card","Relic","Card","Relic","Relic","Relic"],"build_version":"2020-12-22","purchased_purges":2,"victory":false,"max_hp_per_floor":[75,75,75,75,75,75,75,75,75,75,75,75,75,75,75,75,75,75,75,75,75,75,75,75,82,82,82,82,82,82,82,82,82,82,82,82,82,82,82,82,82,82,82,82,82,82,82,82,82,82,82,82,82,82,82],"card_choices":[{"not_picked":["ScarletImprint","UnstableMagic"],"picked":"ScarletDevilSign","floor":1},{"not_picked":["BloodHunter","FavorOfDestiny"],"picked":"BombardNight","floor":4},{"not_picked":["ScarletImprint","VampireSweep"],"picked":"EquivalentExchange","floor":6},{"not_picked":["VampireClaw","BlasphemousPunishment"],"picked":"MiserableFate","floor":8},{"not_picked":["DiffusionOfMisfortune","BlasphemousPunishment"],"picked":"EternalNight","floor":10},{"not_picked":["BloodHunter","ScarletImprint","VampireClaw"],"picked":"SKIP","floor":12},{"not_picked":["VampireKiss","UnstableMagic"],"picked":"BloodySeventeenLaser","floor":14},{"not_picked":["ScarletCoffin","TricksterDevil"],"picked":"TransientEternity","floor":16},{"not_picked":["StarOfDavid","RedRainbow","ScarletDevil"],"picked":"SKIP","floor":18},{"not_picked":["FavorOfDestiny","ScarletImprint","BloodHunter"],"picked":"SKIP","floor":20},{"not_picked":["ScarletDevil+1","BombardNight+1"],"picked":"ChaoticDestiny","floor":22},{"not_picked":["BloodHunter+1","CharismaGuard"],"picked":"EternalNight+1","floor":23},{"not_picked":["DiffusionOfMisfortune+1","BloodyTrap","Stigmanizer"],"picked":"SKIP","floor":24},{"not_picked":["Ultimatum+1","NightDance"],"picked":"CharismaGuard","floor":25},{"not_picked":["BloodHunter","SuperhumanBloodyKnife"],"picked":"AfternoonTea+1","floor":27},{"not_picked":["CharismaGuard","ForecastOfChange"],"picked":"EmergencyRegeneration","floor":29},{"not_picked":["TricksterDevil","CeilingFear"],"picked":"HeartBreak","floor":33},{"not_picked":["BombardNight","UnderTheZenith","StarOfDavid"],"picked":"SKIP","floor":35},{"not_picked":["BloodAndWine","ScarletDevil"],"picked":"LeisurelyOfLord","floor":37},{"not_picked":["FavorOfDestiny","MiserableFate"],"picked":"VampireKiss+1","floor":39},{"not_picked":["Septette+1","TricksterDevil","ScarletImprint"],"picked":"SKIP","floor":40},{"not_picked":["BombardNight","CharismaGuard+1","VampireSweep"],"picked":"SKIP","floor":41},{"not_picked":["BloodHunter+1","StarOfDavid+1","DiffusionOfMisfortune"],"picked":"SKIP","floor":42},{"not_picked":["VampireKiss+1","StarOfDavid+1","DiffusionOfMisfortune+1"],"picked":"SKIP","floor":44},{"not_picked":["NightDance","BloodHunter+1"],"picked":"CurseOfVladTepes","floor":46},{"not_picked":["DiffusionOfMisfortune+1","BloodHunter+1","EndlessAdversity"],"picked":"SKIP","floor":47},{"not_picked":["RedRainbow","UnstableMagic"],"picked":"DemonKingCradle","floor":48}],"player_experience":137843,"relics_obtained":[{"floor":6,"key":"Tiny Chest"},{"floor":8,"key":"Meat on the Bone"},{"floor":14,"key":"Incense Burner"},{"floor":23,"key":"Blood Vial"},{"floor":25,"key":"Strawberry"},{"floor":26,"key":"Pen Nib"},{"floor":28,"key":"Lizard Tail"},{"floor":29,"key":"Letter Opener"},{"floor":40,"key":"PreservedInsect"},{"floor":42,"key":"Juzu Bracelet"},{"floor":43,"key":"Dream Catcher"},{"floor":44,"key":"Omamori"},{"floor":45,"key":"Sundial"},{"floor":46,"key":"Oddly Smooth Stone"}],"event_choices":[{"cards_removed":["Strike_RM"],"damage_healed":0,"gold_gain":0,"player_choice":"Card Removal","damage_taken":0,"max_hp_gain":0,"max_hp_loss":0,"event_name":"The Cleric","floor":2,"gold_loss":50},{"damage_healed":0,"gold_gain":0,"cards_transformed":["Strike_RM"],"player_choice":"Change","damage_taken":0,"max_hp_gain":0,"max_hp_loss":0,"event_name":"Living Wall","floor":5,"gold_loss":0,"cards_obtained":["StarOfDavid"]},{"damage_healed":0,"gold_gain":0,"player_choice":"Searched \u00272\u0027 times","damage_taken":0,"relics_obtained":["Akabeko"],"max_hp_gain":0,"max_hp_loss":0,"event_name":"Dead Adventurer","floor":11,"gold_loss":0},{"cards_removed":["Envy_TH"],"damage_healed":0,"gold_gain":0,"player_choice":"Removed Curses","damage_taken":0,"max_hp_gain":0,"max_hp_loss":0,"event_name":"Fountain of Cleansing","floor":36,"gold_loss":0}],"is_beta":false,"boss_relics":[{"not_picked":["Empty Cage","Cursed Key"],"picked":"APieceOfRedMist"},{"not_picked":["Fusion Hammer","SacredBark"],"picked":"ScarletEmblem"}],"items_purged_floors":[13,30],"is_endless":false,"potions_floor_spawned":[4,10,12,14,18,27,29,35,40,42,44,46],"killed_by":"Shield and Spear","ascension_level":9}}