{"host":"lg1lbglystyxcosi","time":1613313655,"event":{"mods":["AchievementEnabler","BaseMod","Better Third Choice","BetterRewards","Colored Powertips","Minty Spire (QoL Compilation)","Quick Restart","Replay The Spire","Shop Mod","StSLib","SuperFastMode","¡¾ÒÅÎï¿¨ÅÆ¡¿REMEMod"],"gold_per_floor":[109,184,149,165,21,21,31,31,31,51,69,69,69,90,90,209,209,223,241,211,234,234,234,234,234,260,260,260,276,276,301,301,424,424,448,448,305,423,448,491,491,491,561,92,92,92,92,106,106,106],"floor_reached":51,"language":"ZHS","playtime":2336,"items_purged":["Strike_G"],"score":719,"play_id":"2b57f4dc-7fd9-41b5-a56f-d81c6b2a4055","local_time":"20210214224055","is_ascension_mode":true,"campfire_choices":[{"data":"DevaForm","floor":6.0,"key":"SMITH"},{"data":"Replay:BasicMightCard","floor":8.0,"key":"SMITH"},{"floor":15.0,"key":"REST"},{"floor":23.0,"key":"REST"},{"data":"Blade Dance","floor":25.0,"key":"SMITH"},{"data":"Survivor","floor":30.0,"key":"SMITH"},{"data":"Replay:Bag of Tricks","floor":32.0,"key":"SMITH"},{"floor":41.0,"key":"REST"},{"data":"ReplayTheSpireMod:From All Sides","floor":45,"key":"SMITH"},{"data":"Strike_G+2","floor":45,"key":"SMITH"},{"floor":49,"key":"REST"}],"circlet_count":0,"master_deck":["Strike_G+3","Strike_G+1","Strike_G+1","Defend_G+2","Defend_G+1","Defend_G+1","Defend_G+1","Survivor+1","Neutralize","DevaForm+1","Replay:BasicMightCard+1","Flying Knee","Blade Dance+1","Flying Knee","Replay:Bag of Tricks+1","ReplayTheSpireMod:From All Sides+1","ReplayUltimateDefense+1"],"relics":["Ring of the Snake","Iron Hammer","Vajra","Dream Catcher","Onion Ring","Golden Idol","Toy Ornithopter","Juzu Bracelet","Nloth\u0027s Gift","Philosopher\u0027s Stone","Omamori","Oddly Smooth Stone","Frozen Egg 2","Replay:Ringing Soul","Simple Rune","Replay:Arrowhead"],"acts_visited":["Exordium","TheCity","TheBeyond"],"potions_floor_usage":[50,50,50],"damage_taken":[{"damage":0.0,"enemies":"Jaw Worm","floor":1.0,"turns":3.0},{"damage":0.0,"enemies":"2 Louse","floor":4.0,"turns":2.0},{"damage":0.0,"enemies":"Small Slimes","floor":7.0,"turns":3.0},{"damage":0.0,"enemies":"Looter","floor":10.0,"turns":1.0},{"damage":1.0,"enemies":"Red Slaver","floor":11.0,"turns":2.0},{"damage":0.0,"enemies":"2 Fungi Beasts","floor":14.0,"turns":2.0},{"damage":6.0,"enemies":"Fading Forest","floor":16.0,"turns":11.0},{"damage":11.0,"enemies":"2 Thieves","floor":18.0,"turns":3.0},{"damage":0.0,"enemies":"Chosen","floor":19.0,"turns":4.0},{"damage":14.0,"enemies":"Snake Plant","floor":21.0,"turns":7.0},{"damage":0.0,"enemies":"Centurion and Healer","floor":29.0,"turns":4.0},{"damage":18.0,"enemies":"Shelled Parasite and Fungi","floor":31.0,"turns":5.0},{"damage":44.0,"enemies":"Champ","floor":33.0,"turns":13.0},{"damage":0.0,"enemies":"Orb Walker","floor":35.0,"turns":2.0},{"damage":0.0,"enemies":"3 Shapes","floor":39.0,"turns":3.0},{"damage":18.0,"enemies":"R_Hoarder","floor":40.0,"turns":7.0},{"damage":14,"enemies":"Sphere and 2 Shapes","floor":48,"turns":6},{"damage":56,"enemies":"Donu and Deca","floor":50,"turns":15}],"seed_played":"-829936724497570022","potions_obtained":[{"floor":1.0,"key":"FearPotion"},{"floor":10.0,"key":"Explosive Potion"},{"floor":14.0,"key":"CultistPotion"},{"floor":19.0,"key":"REME_GoldPotion"},{"floor":20.0,"key":"EssenceOfSteel"},{"floor":20.0,"key":"FearPotion"},{"floor":29.0,"key":"GhostInAJar"},{"floor":40.0,"key":"Languid Potion"},{"floor":48,"key":"BlessingOfTheForge"}],"is_trial":false,"path_per_floor":["M","?","?","M","$","R","M","R","T","M","M","?","?","M","R","B",null,"M","M","?","M","?","R","$","R","T","?","?","M","R","M","R","B",null,"M","?","$","?","M","E","R","?","T","$","R","?","?","M","R","B",null],"character_chosen":"THE_SILENT","items_purchased":["Replay:BasicMightCard","Iron Hammer","Vajra","Dream Catcher","Omamori","Simple Rune","Replay:Arrowhead"],"campfire_rested":4,"item_purchase_floors":[0,0,0,5,37,44,44],"current_hp_per_floor":[49,38,55,55,55,55,55,55,55,55,54,37,37,37,58,64,70,59,64,64,50,50,70,70,70,70,70,70,70,70,52,52,13,70,70,70,70,53,53,40,61,61,61,61,61,61,64,50,71,27],"gold":106,"neow_bonus":"","is_daily":false,"chose_seed":false,"campfire_upgraded":7,"win_rate":0.0,"timestamp":1613313655,"path_taken":["M","?","?","M","$","R","M","R","T","M","M","?","?","M","R","BOSS","M","M","?","?","?","R","$","R","T","?","?","M","R","M","R","BOSS","M","?","?","?","M","E","R","?","T","$","R","?","?","M","R","BOSS"],"items_purchased_type":["Card","Relic","Relic","Relic","Relic","Relic","Relic"],"build_version":"2020-12-22","purchased_purges":1,"victory":true,"max_hp_per_floor":[70,70,70,70,70,70,70,70,70,70,70,70,70,70,70,70,70,70,70,70,70,70,70,70,70,70,70,70,70,70,70,70,70,70,70,70,70,70,70,70,70,70,70,70,70,70,73,73,73,73],"card_choices":[{"not_picked":["Deadly Poison","Crippling Poison"],"picked":"Flying Knee","floor":1.0},{"not_picked":["Dagger Throw","Poisoned Stab","Dagger Spray"],"picked":"SKIP","floor":4.0},{"not_picked":["Calculated Gamble","Deflect","Noxious Fumes"],"picked":"SKIP","floor":7.0},{"not_picked":["REME_GreenPollution","Hidden Blade","Sucker Punch"],"picked":"SKIP","floor":10.0},{"not_picked":["REME_ShadowStrike","Sneak Up"],"picked":"Blade Dance","floor":11.0},{"not_picked":["Endless Agony","Storm of Steel","Hidden Blade"],"picked":"SKIP","floor":14.0},{"not_picked":["Deflect","Backflip","Acrobatics"],"picked":"SKIP","floor":18.0},{"not_picked":["Well Laid Plans","Underhanded Strike","PiercingWail+1"],"picked":"SKIP","floor":19.0},{"not_picked":["Night Terror","Slice"],"picked":"Flying Knee","floor":21.0},{"not_picked":["Footwork","Flying Knee","Dagger Throw"],"picked":"SKIP","floor":29.0},{"not_picked":["Backflip","Outmaneuver"],"picked":"Replay:Bag of Tricks","floor":31.0},{"not_picked":["Atom Bomb","Night Terror"],"picked":"ReplayTheSpireMod:From All Sides","floor":33.0},{"not_picked":["Deadly Poison","REME_GrazeFinale","Riddle With Holes+1"],"picked":"SKIP","floor":35.0},{"not_picked":["Bane","Draining Mist","ReplayTheSpireMod:Tripwire+1"],"picked":"SKIP","floor":39.0},{"not_picked":["Heel Hook","Quick Slash+1","Deadly Poison"],"picked":"SKIP","floor":40.0},{"not_picked":["Replay:Parry","REME_ShortnessOfBreath"],"picked":"ReplayUltimateDefense+1","floor":47},{"not_picked":["Expertise","Sucker Punch+1","Flying Knee"],"picked":"SKIP","floor":48}],"player_experience":254262,"relics_obtained":[{"floor":9.0,"key":"Onion Ring"},{"floor":26.0,"key":"Juzu Bracelet"},{"floor":38.0,"key":"Oddly Smooth Stone"},{"floor":40.0,"key":"Frozen Egg 2"},{"floor":43,"key":"Replay:Ringing Soul"}],"event_choices":[{"damage_healed":0.0,"max_hp_gain":0.0,"max_hp_loss":0.0,"gold_gain":75.0,"event_name":"betterThird:BetterGoop","player_choice":"Gold","floor":2.0,"gold_loss":0.0,"damage_taken":11.0},{"damage_healed":17.0,"max_hp_gain":0.0,"max_hp_loss":0.0,"gold_gain":0.0,"event_name":"The Cleric","player_choice":"Healed","floor":3.0,"gold_loss":35.0,"damage_taken":0.0},{"damage_healed":0.0,"max_hp_gain":0.0,"max_hp_loss":0.0,"gold_gain":0.0,"event_name":"Golden Idol","player_choice":"Take Damage","floor":12.0,"gold_loss":0.0,"damage_taken":17.0,"relics_obtained":["Golden Idol"]},{"damage_healed":0.0,"max_hp_gain":0.0,"max_hp_loss":0.0,"gold_gain":0.0,"event_name":"WeMeetAgain","player_choice":"Gave Potion","floor":13.0,"gold_loss":0.0,"damage_taken":0.0,"relics_obtained":["Toy Ornithopter"]},{"damage_healed":0.0,"max_hp_gain":0.0,"max_hp_loss":0.0,"gold_gain":0.0,"event_name":"The Woman in Blue","player_choice":"Bought 2 Potions","floor":20.0,"gold_loss":0.0,"damage_taken":0.0},{"damage_healed":0.0,"max_hp_gain":0.0,"max_hp_loss":9.0,"gold_gain":0.0,"event_name":"betterThird:BetterWriting","player_choice":"Simplicity","floor":22.0,"gold_loss":0.0,"damage_taken":0.0},{"damage_healed":0.0,"max_hp_gain":0.0,"max_hp_loss":0.0,"gold_gain":0.0,"event_name":"N\u0027loth","player_choice":"Traded Relic","floor":28.0,"relics_lost":["REME_ComplimentaryCards"],"gold_loss":0.0,"damage_taken":0.0,"relics_obtained":["Nloth\u0027s Gift"]},{"cards_removed":["Defend_G"],"damage_healed":0.0,"max_hp_gain":0.0,"max_hp_loss":0.0,"gold_gain":0.0,"event_name":"Purifier","player_choice":"Purged","floor":36.0,"gold_loss":0.0,"damage_taken":0.0},{"damage_healed":0,"gold_gain":0,"player_choice":"0 cards matched","damage_taken":0,"max_hp_gain":0,"max_hp_loss":0,"event_name":"Match and Keep!","floor":42,"gold_loss":0,"cards_obtained":[]},{"cards_removed":["Strike_G"],"damage_healed":0,"gold_gain":0,"player_choice":"Removed Attack","damage_taken":0,"max_hp_gain":0,"max_hp_loss":0,"event_name":"Falling","floor":46,"gold_loss":0},{"damage_healed":0,"gold_gain":0,"player_choice":"Random: Blue","damage_taken":0,"max_hp_gain":0,"max_hp_loss":0,"event_name":"betterThird:BetterPortal","floor":47,"gold_loss":0},{"damage_healed":0,"gold_gain":0,"player_choice":"Memory 1","damage_taken":0,"max_hp_gain":0,"max_hp_loss":0,"event_name":"SensoryStone","floor":47,"gold_loss":0}],"is_beta":false,"boss_relics":[{"not_picked":["ReplayTheSpireMod:DimensionalGlitch","Snecko Scales","Sozu"]},{"not_picked":["Runic Dome","Black Star"],"picked":"Philosopher\u0027s Stone"}],"items_purged_floors":[0],"is_endless":false,"potions_floor_spawned":[1,10,14,19,29,40,48],"ascension_level":1}}