{"host":"vyffo8oc0x9el8u6","time":1613310016,"event":{"mods":["BaseMod","Dio Mod","GungeonMod","Minty Spire (QoL Compilation)","StSLib","TheHero"],"gold_per_floor":[113,113,113,113,66,66,95,109,109,127,127,150,74,74,74,177,227,242,242,242],"floor_reached":19,"language":"RUS","playtime":954,"items_purged":[],"score":188,"play_id":"caa443dd-2eab-4d65-a2fa-750d0bd717b0","local_time":"20210214164016","is_ascension_mode":false,"campfire_choices":[{"data":"animeID:Deku","floor":6.0,"key":"SMITH"},{"data":"animeID:Uraraka","floor":11.0,"key":"SMITH"},{"data":"animeID:DelawareSmash","floor":15.0,"key":"SMITH"}],"circlet_count":0,"master_deck":["animeID:Deku+1","animeID:Bakugo+1","animeID:Smash","animeID:Smash","animeID:Smash+1","animeID:Smash","animeID:DefendMH","animeID:DefendMH","animeID:DefendMH","animeID:DefendMH","animeID:SkinnyGum+1","animeID:ToruHagakure+1","animeID:DelawareSmash+1","animeID:Uraraka+1","animeID:FatGum","animeID:PlusUltra","animeID:Iida","animeID:Thirteen"],"relics":["animeID:HeroCostume","NeowsBlessing","Smiling Mask","Boot","HornCleat","Whetstone","Tiny House"],"acts_visited":[],"potions_floor_usage":[],"damage_taken":[{"damage":0.0,"enemies":"Jaw Worm","floor":1.0,"turns":1.0},{"damage":0.0,"enemies":"Lagavulin","floor":7.0,"turns":1.0},{"damage":5.0,"enemies":"Small Slimes","floor":8.0,"turns":1.0},{"damage":0.0,"enemies":"Cultist","floor":10.0,"turns":3.0},{"damage":34.0,"enemies":"Hexaghost","floor":16.0,"turns":7.0},{"damage":87.0,"enemies":"Chosen","floor":18.0,"turns":11.0},{"damage":13,"enemies":"Shell Parasite","floor":19,"turns":3}],"seed_played":"3016486800535788649","potions_obtained":[{"floor":1.0,"key":"Dexterity Potion"},{"floor":8.0,"key":"BlessingOfTheForge"},{"floor":10.0,"key":"SteroidPotion"},{"floor":17.0,"key":"GamblersBrew"},{"floor":18,"key":"Weak Potion"}],"is_trial":false,"path_per_floor":["M","?","?","?","$","R","E","M","T","M","R","T","$","?","R","B",null,"M","M"],"character_chosen":"THE_HERO","items_purchased":["animeID:ToruHagakure","DistilledChaos"],"campfire_rested":0,"item_purchase_floors":[5,13],"current_hp_per_floor":[75,72,72,75,75,75,75,70,70,72,72,72,72,72,72,50,80,8,0,0],"gold":242,"neow_bonus":"THREE_ENEMY_KILL","is_daily":false,"chose_seed":false,"campfire_upgraded":3,"win_rate":0.0,"timestamp":1613310016,"path_taken":["M","?","?","?","$","R","E","M","T","?","R","?","?","?","R","BOSS","M","?"],"items_purchased_type":["Card","Potion"],"build_version":"2020-12-22","purchased_purges":0,"victory":false,"max_hp_per_floor":[75,75,75,75,75,75,75,75,75,75,75,75,75,75,75,75,80,80,80,80],"card_choices":[{"not_picked":["animeID:Rei","animeID:Uraraka"],"picked":"animeID:SkinnyGum","floor":1.0},{"not_picked":["animeID:TodorokiShoto","animeID:HighFive"],"picked":"animeID:DelawareSmash","floor":7.0},{"not_picked":["animeID:FullCowl","animeID:HighFive"],"picked":"animeID:Uraraka","floor":8.0},{"not_picked":["animeID:Ojiro","animeID:Tengai"],"picked":"animeID:FatGum","floor":10.0},{"not_picked":["animeID:MirioTogata","animeID:PresentMic"],"picked":"animeID:PlusUltra","floor":16.0},{"not_picked":["animeID:Ojiro","animeID:ToruHagakure"],"picked":"animeID:Iida","floor":17.0},{"not_picked":["animeID:Mina","animeID:Himiko"],"picked":"animeID:Thirteen","floor":18}],"player_experience":355695,"relics_obtained":[{"floor":7.0,"key":"Boot"},{"floor":9.0,"key":"HornCleat"},{"floor":12.0,"key":"Whetstone"}],"event_choices":[{"damage_healed":0.0,"max_hp_gain":0.0,"max_hp_loss":0.0,"gold_gain":0.0,"event_name":"Scrap Ooze","player_choice":"Success","floor":2.0,"gold_loss":0.0,"damage_taken":3.0,"relics_obtained":["Smiling Mask"]},{"damage_healed":0.0,"max_hp_gain":0.0,"max_hp_loss":0.0,"gold_gain":0.0,"event_name":"Golden Idol","player_choice":"Ignored","floor":3.0,"gold_loss":0.0,"damage_taken":0.0},{"damage_healed":3.0,"max_hp_gain":0.0,"max_hp_loss":0.0,"gold_gain":0.0,"event_name":"Wheel of Change","player_choice":"Full Heal","floor":4.0,"gold_loss":0.0,"damage_taken":0.0},{"damage_healed":0.0,"max_hp_gain":0.0,"max_hp_loss":0.0,"gold_gain":0.0,"event_name":"Upgrade Shrine","player_choice":"Upgraded","floor":14.0,"gold_loss":0.0,"damage_taken":0.0,"cards_upgraded":["animeID:SkinnyGum"]}],"is_beta":false,"boss_relics":[{"not_picked":["SlaversCollar","Ectoplasm"],"picked":"Tiny House"}],"items_purged_floors":[],"is_endless":false,"potions_floor_spawned":[1,8,10,18],"killed_by":"Shell Parasite","ascension_level":0}}