{"host":"gc0hqzwg2gd3zszy","time":1613280424,"event":{"mods":["BaseMod","DeckTracker","Minty Spire (QoL Compilation)","Relic Stats","SuperFastMode"],"gold_per_floor":[109,119,41,41,41,41,41],"floor_reached":6,"language":"KOR","playtime":212,"items_purged":[],"score":68,"play_id":"e8e842b6-11d7-4ec3-88c4-59a8b289bc36","local_time":"20210214142704","is_ascension_mode":true,"campfire_choices":[],"circlet_count":0,"master_deck":["AscendersBane","Strike_R","Strike_R","Strike_R","Strike_R","Strike_R","Defend_R","Defend_R","Defend_R","Defend_R","Bash+1","Hemokinesis","Havoc","Rupture"],"relics":["Burning Blood","Golden Idol","Toy Ornithopter"],"acts_visited":["Exordium"],"potions_floor_usage":[],"damage_taken":[{"damage":7,"enemies":"Small Slimes","floor":1,"turns":3},{"damage":7,"enemies":"Jaw Worm","floor":2,"turns":3},{"damage":61,"enemies":"3 Sentries","floor":6,"turns":10}],"seed_played":"-5546986576948313696","potions_obtained":[],"is_trial":false,"path_per_floor":["M","M","$","?","?","E"],"character_chosen":"IRONCLAD","items_purchased":["Rupture"],"campfire_rested":0,"item_purchase_floors":[3],"current_hp_per_floor":[67,66,66,66,61,0,0],"gold":41,"neow_bonus":"UPGRADE_CARD","is_daily":false,"chose_seed":false,"campfire_upgraded":0,"win_rate":0.0,"timestamp":1613280424,"path_taken":["M","M","$","?","?","E"],"items_purchased_type":["Card"],"build_version":"2020-12-22","purchased_purges":0,"victory":false,"max_hp_per_floor":[75,75,75,68,68,68,68],"relic_stats":{"counters":[3,16],"Golden Idol":0,"obtain_stats":[{"Golden Idol":4,"Burning Blood":0,"Toy Ornithopter":5},{"Golden Idol":2,"Burning Blood":0,"Toy Ornithopter":2},{"Golden Idol":6,"Burning Blood":0,"Toy Ornithopter":6}],"Burning Blood":12,"Toy Ornithopter":0},"card_choices":[{"not_picked":["Iron Wave","Sentinel"],"picked":"Hemokinesis","floor":1},{"not_picked":["Heavy Blade","Sentinel"],"picked":"Havoc","floor":2}],"player_experience":1395597,"relics_obtained":[],"event_choices":[{"damage_healed":0,"gold_gain":0,"player_choice":"Lose Max HP","damage_taken":0,"relics_obtained":["Golden Idol"],"max_hp_gain":0,"max_hp_loss":7,"event_name":"Golden Idol","floor":4,"gold_loss":0},{"damage_healed":0,"gold_gain":0,"player_choice":"Success","damage_taken":5,"relics_obtained":["Toy Ornithopter"],"max_hp_gain":0,"max_hp_loss":0,"event_name":"Scrap Ooze","floor":5,"gold_loss":0}],"is_beta":false,"boss_relics":[],"items_purged_floors":[],"is_endless":false,"potions_floor_spawned":[],"killed_by":"3 Sentries","ascension_level":20}}