{"host":"cpsutu8lprjuipd6","time":1613285176,"event":{"mods":["BaseMod","Colored Map","Minty Spire (QoL Compilation)","Permanent Neow","StSLib","SuperFastMode","The Bug Knight","Together in Spire"],"gold_per_floor":[119,133,133,150,162,162,182,196,251,251,267,287,305,334,334,434,434,446,466,190,190,204,235,18,50,50,28,40,40,74,106,118,130,130],"floor_reached":33,"language":"KOR","playtime":1182,"items_purged":["Strike_P"],"score":436,"play_id":"4511b055-8b92-4e0e-b1e7-9f642483880b","local_time":"20210214154616","is_ascension_mode":false,"campfire_choices":[{"floor":6,"key":"RECALL"},{"data":"Eruption","floor":10,"key":"SMITH"},{"data":"Ragnarok","floor":15,"key":"SMITH"},{"data":"Tantrum","floor":32,"key":"SMITH"}],"circlet_count":0,"master_deck":["Strike_P","Strike_P","Defend_P","Defend_P","Eruption+1","Vigilance","FlurryOfBlows+1","WreathOfFlame","CarveReality","CutThroughFate","LessonLearned+1","Crescendo","CarveReality","CutThroughFate","Evaluate","Crescendo","BowlingBash","Ragnarok+1","Blasphemy","ClearTheMind+1","FollowUp+1","Consecrate","WheelKick","Adaptation+1","FlyingSleeves","Crescendo","Consecrate","CutThroughFate+1","Tantrum+1","FollowUp+1","WindmillStrike+1"],"relics":["PureWater","Odd Mushroom","HollowMod:StagPassRelic","Black Star","HollowMod:PaleOreRelic","Akabeko","Kunai","Toy Ornithopter","Boot","Potion Belt","Yang","Molten Egg 2","MawBank","Mummified Hand"],"acts_visited":["TheCity"],"potions_floor_usage":[11,11,12,18,18,25,28,31],"damage_taken":[{"damage":0.0,"enemies":"2 Louse","floor":1.0,"turns":1.0},{"damage":0.0,"enemies":"Jaw Worm","floor":2.0,"turns":1.0},{"damage":0.0,"enemies":"Cultist","floor":4.0,"turns":1.0},{"damage":0.0,"enemies":"3 Louse","floor":5.0,"turns":1.0},{"damage":0,"enemies":"Exordium Wildlife","floor":7,"turns":1},{"damage":0,"enemies":"Looter","floor":8,"turns":1},{"damage":10,"enemies":"Exordium Thugs","floor":11,"turns":2},{"damage":18,"enemies":"The Mushroom Lair","floor":12,"turns":2},{"damage":5,"enemies":"Lots of Slimes","floor":13,"turns":2},{"damage":0,"enemies":"Gremlin Nob","floor":14,"turns":1},{"damage":0,"enemies":"Slime Boss","floor":16,"turns":2},{"damage":0,"enemies":"Chosen","floor":18,"turns":2},{"damage":2,"enemies":"3 Byrds","floor":19,"turns":3},{"damage":4,"enemies":"Cultist and Chosen","floor":22,"turns":2},{"damage":0,"enemies":"Book of Stabbing","floor":23,"turns":1},{"damage":9,"enemies":"Slavers","floor":25,"turns":2},{"damage":0,"enemies":"Shelled Parasite and Fungi","floor":28,"turns":1},{"damage":0,"enemies":"Gremlin Leader","floor":30,"turns":2},{"damage":11,"enemies":"Centurion and Healer","floor":31,"turns":3},{"damage":55,"enemies":"Collector","floor":33,"turns":2}],"seed_played":"7205482359341481691","potions_obtained":[{"floor":2.0,"key":"SkillPotion"},{"floor":4.0,"key":"ColorlessPotion"},{"floor":8,"key":"SkillPotion"},{"floor":11,"key":"ColorlessPotion"},{"floor":13,"key":"BottledMiracle"},{"floor":14,"key":"Weak Potion"},{"floor":16,"key":"Energy Potion"},{"floor":19,"key":"PowerPotion"},{"floor":23,"key":"SmokeBomb"},{"floor":25,"key":"Ambrosia"},{"floor":28,"key":"Dexterity Potion"},{"floor":31,"key":"Ancient Potion"}],"is_trial":false,"path_per_floor":["M","M","?","M","M","R","M","M","T","R","M","?","M","E","R","B",null,"M","M","$","?","M","E","$","E","T","$","M","?","E","M","R","B"],"character_chosen":"WATCHER","items_purchased":["Consecrate","HollowMod:PaleOreRelic","FlyingSleeves","Crescendo","Toy Ornithopter","CutThroughFate"],"campfire_rested":0,"item_purchase_floors":[20,20,24,24,24,27],"current_hp_per_floor":[65,65,58,58,58,58,58,58,58,58,48,30,25,25,25,25,65,65,63,63,52,48,48,48,44,44,44,49,49,49,43,43,0,0],"gold":130,"neow_bonus":"TRANSFORM_TWO_CARDS","is_daily":false,"chose_seed":false,"campfire_upgraded":3,"win_rate":0.0,"timestamp":1613285176,"path_taken":["M","M","?","M","M","R","M","M","T","R","M","?","?","E","R","BOSS","M","M","?","?","M","E","?","E","T","$","M","?","E","M","R","BOSS"],"items_purchased_type":["Card","Relic","Card","Card","Relic","Card"],"build_version":"2020-12-22","purchased_purges":1,"victory":false,"max_hp_per_floor":[65,65,65,65,65,65,65,65,65,65,65,65,65,65,65,65,65,65,65,65,70,70,70,70,70,70,70,70,70,70,70,70,70,70],"card_choices":[{"not_picked":["JustLucky","PathToVictory"],"picked":"CarveReality","floor":1.0},{"not_picked":["Swivel","Halt"],"picked":"CutThroughFate","floor":2.0},{"not_picked":["PathToVictory","Evaluate"],"picked":"LessonLearned","floor":4.0},{"not_picked":["Swivel","FearNoEvil"],"picked":"Crescendo","floor":5.0},{"not_picked":["JustLucky","PathToVictory"],"picked":"CarveReality","floor":7},{"not_picked":["Swivel","Halt"],"picked":"CutThroughFate","floor":8},{"not_picked":["LessonLearned","PathToVictory"],"picked":"Evaluate","floor":11},{"not_picked":["Swivel","FearNoEvil"],"picked":"Crescendo","floor":12},{"not_picked":["SashWhip","JustLucky"],"picked":"BowlingBash","floor":13},{"not_picked":["InnerPeace","CutThroughFate"],"picked":"Ragnarok","floor":14},{"not_picked":["ConjureBlade","DevaForm"],"picked":"Blasphemy","floor":16},{"not_picked":["Halt","CrushJoints"],"picked":"ClearTheMind+1","floor":18},{"not_picked":["ReachHeaven","MentalFortress"],"picked":"FollowUp+1","floor":19},{"not_picked":["InnerPeace","Protect"],"picked":"WheelKick","floor":22},{"not_picked":["ReachHeaven","Protect"],"picked":"Adaptation+1","floor":23},{"not_picked":["Evaluate","Adaptation+1"],"picked":"Consecrate","floor":25},{"not_picked":["ClearTheMind","Evaluate"],"picked":"Tantrum","floor":28},{"not_picked":["Vault","Meditate"],"picked":"FollowUp+1","floor":30},{"not_picked":["ClearTheMind","WreathOfFlame"],"picked":"WindmillStrike+1","floor":31}],"player_experience":48348,"relics_obtained":[{"floor":12,"key":"Odd Mushroom"},{"floor":14,"key":"HollowMod:StagPassRelic"},{"floor":23,"key":"Akabeko"},{"floor":23,"key":"Kunai"},{"floor":25,"key":"Boot"},{"floor":25,"key":"Potion Belt"},{"floor":26,"key":"Yang"},{"floor":30,"key":"MawBank"},{"floor":30,"key":"Mummified Hand"}],"event_choices":[{"cards_removed":["Strike_P"],"damage_healed":0.0,"max_hp_gain":0.0,"max_hp_loss":0.0,"gold_gain":0.0,"event_name":"Golden Wing","player_choice":"Card Removal","floor":3.0,"gold_loss":0.0,"damage_taken":7.0},{"damage_healed":0,"gold_gain":0,"player_choice":"Fought Mushrooms","damage_taken":0,"max_hp_gain":0,"max_hp_loss":0,"event_name":"Mushrooms","floor":12,"gold_loss":0},{"damage_healed":0,"gold_gain":0,"player_choice":"Shed Blood","damage_taken":16,"max_hp_gain":5,"max_hp_loss":0,"event_name":"Forgotten Altar","floor":21,"gold_loss":0},{"damage_healed":0,"gold_gain":0,"player_choice":"Opened","damage_taken":0,"relics_obtained":["Molten Egg 2"],"max_hp_gain":0,"max_hp_loss":0,"event_name":"The Mausoleum","floor":29,"gold_loss":0}],"is_beta":false,"boss_relics":[{"not_picked":["Sozu","Tiny House"],"picked":"Black Star"}],"items_purged_floors":[20],"is_endless":false,"potions_floor_spawned":[2,4,8,11,13,14,16,19,23,25,28,31],"killed_by":"Collector","ascension_level":0}}