{"host":"rs956zbefct9hzhl","time":1613344779,"event":{"mods":["BaseMod","BetterRewards","Downfall","Minty Spire (QoL Compilation)","Shop Mod","Spikes Relics","StSLib"],"gold_per_floor":[99,99,99,99,274,274,274,128,188,188,201,201,213,213,213,213],"floor_reached":14,"language":"ENG","playtime":424,"items_purged":["Doubt"],"score":74,"play_id":"861a7804-9188-4cc8-ae54-bfb9fe82a324","local_time":"20210215001939","is_ascension_mode":false,"campfire_choices":[{"data":"bronze:Replicate","floor":1,"key":"SMITH"},{"data":"bronze:BuggyMess","floor":6,"key":"SMITH"},{"data":"bronze:FineTuning","floor":10,"key":"SMITH"},{"floor":12,"key":"REST"}],"circlet_count":0,"master_deck":["bronze:Strike","bronze:Strike","bronze:Strike","bronze:Defend","bronze:Defend","bronze:Defend","bronze:Defend","bronze:Replicate+1","bronze:Goto","bronze:FineTuning+1","bronze:BuggyMess+1","bronze:HardenedForm","bronze:WhirlingStrike","bronze:Allocate+1","bronze:DelayedGuard+1","bronze:Deprecate+1","bronze:ClassDefault"],"relics":["bronze:BronzeCore","downfall:HeartsMalice","Toxic Egg 2","Mango"],"acts_visited":["Exordium"],"potions_floor_usage":[13,14],"damage_taken":[{"damage":0,"enemies":"Jaw Worm","floor":2,"turns":1},{"damage":0,"enemies":"2 Louse","floor":4,"turns":1},{"damage":0,"enemies":"downfall:FleeingMerchant","floor":8,"turns":1},{"damage":59,"enemies":"Gremlin Nob","floor":9,"turns":6},{"damage":0,"enemies":"Small Slimes","floor":11,"turns":3},{"damage":9,"enemies":"Exordium Wildlife","floor":13,"turns":4},{"damage":48,"enemies":"Gremlin Nob","floor":14,"turns":5}],"seed_played":"-3934735102859278909","potions_obtained":[{"floor":9,"key":"Swift Potion"},{"floor":13,"key":"LiquidBronze"}],"is_trial":false,"path_per_floor":["R","M","?","M","?","R","T","$","?","R","M","R","M","E"],"character_chosen":"THE_AUTOMATON","items_purchased":["bronze:Allocate+1"],"campfire_rested":1,"item_purchase_floors":[8],"current_hp_per_floor":[70,70,70,70,70,70,70,70,25,25,25,50,41,0,0,0],"gold":213,"neow_bonus":"THREE_ENEMY_KILL","is_daily":false,"chose_seed":false,"campfire_upgraded":3,"win_rate":0.0,"timestamp":1613344779,"path_taken":["R","M","?","M","?","R","T","$","?","R","?","R","M","E"],"items_purchased_type":["Card"],"build_version":"2020-12-22","purchased_purges":1,"victory":false,"max_hp_per_floor":[70,70,70,70,70,70,70,70,84,84,84,84,84,84,84,84],"card_choices":[{"not_picked":["bronze:OilSpill","bronze:ItsAFeature"],"picked":"bronze:FineTuning","floor":2},{"not_picked":["bronze:FineTuning","bronze:OilSpill"],"picked":"bronze:HardenedForm","floor":4},{"not_picked":["bronze:Frontload+1","bronze:Return+1"],"picked":"bronze:WhirlingStrike","floor":8},{"not_picked":["bronze:Boost+1","bronze:Return+1"],"picked":"bronze:DelayedGuard+1","floor":9},{"not_picked":["bronze:BitShift+1","bronze:NullPointer"],"picked":"bronze:Deprecate+1","floor":11},{"not_picked":["bronze:DelayedGuard+1","bronze:Frontload+1"],"picked":"bronze:ClassDefault","floor":13}],"player_experience":510605,"relics_obtained":[{"floor":7,"key":"Toxic Egg 2"},{"floor":9,"key":"Mango"}],"event_choices":[],"is_beta":false,"boss_relics":[],"items_purged_floors":[8],"is_endless":false,"potions_floor_spawned":[9,13],"killed_by":"Gremlin Nob","ascension_level":0}}