{"host":"klzxa3457b6fcx00","time":1613290894,"event":{"mods":["AchievementEnabler","BaseMod","BetterRewards","Colored Powertips","Downfall","Infinite Spire","Jorbs\u0027s Wanderer Trilogy","Minty Spire (QoL Compilation)","Quick Restart","Replay The Spire","StSLib","Synergy Search","The Jungle"],"gold_per_floor":[111,127,145,70,86,118,128,82,134,134,148,323,323,337,337,442,442,397,148,148,148,148,148,148,148,148,148,148,148,148,148,148,148,148,148,148,148,148,148,148,148,148,148,148,148],"floor_reached":44,"language":"ENG","playtime":1875,"items_purged":["Strike_G","Doubt","Looming Evil"],"score":418,"play_id":"d4fa2ca5-fd22-4ecc-b6ff-d49b0601b99e","local_time":"20210214152134","is_ascension_mode":false,"campfire_choices":[{"data":"Crippling Poison","floor":10,"key":"SMITH"},{"floor":13,"key":"REST"},{"data":"Poison Darts","floor":15,"key":"SMITH"},{"data":"Deadly Poison","floor":23,"key":"SMITH"},{"floor":28,"key":"REST"},{"floor":40,"key":"REST"},{"floor":42,"key":"REST"}],"circlet_count":0,"master_deck":["Strike_G","Strike_G","Strike_G","Defend_G","Defend_G","Defend_G","Defend_G","Defend_G","Survivor","Neutralize","Dagger Throw","Deadly Poison+1","Crippling Poison+1","Poison Darts+1","Bane+1","Pot Of Greed","Pot Of Greed","Quick Slash+1","Underhanded Strike","Deadly Poison","Dagger Spray","Unload","PiercingWail","Pot Of Greed","Dagger Spray+1"],"relics":["Ring of the Snake","NeowsBlessing","infinitespire:Bottled Soul","Grinning Jar","Ectoplasm","Snake Skull","ReplayTheSpireMod:CursedCoin","Ninja Scroll","Cursed Key"],"acts_visited":["Exordium","TheCity","TheBeyond"],"potions_floor_usage":[7,16,21,33,33,33,44,44],"damage_taken":[{"damage":0,"enemies":"Jaw Worm","floor":1,"turns":1},{"damage":0,"enemies":"2 Louse","floor":2,"turns":1},{"damage":0,"enemies":"Small Slimes","floor":3,"turns":1},{"damage":7,"enemies":"3 Louse","floor":5,"turns":4},{"damage":19,"enemies":"Gremlin Nob","floor":6,"turns":4},{"damage":19,"enemies":"Gremlin Gang","floor":7,"turns":5},{"damage":3,"enemies":"Exordium Wildlife","floor":11,"turns":4},{"damage":0,"enemies":"Exordium Thugs","floor":14,"turns":4},{"damage":7,"enemies":"Hexaghost","floor":16,"turns":8},{"damage":11,"enemies":"2 Thieves","floor":18,"turns":4},{"damage":8,"enemies":"Shell Parasite","floor":21,"turns":3},{"damage":1,"enemies":"Sentry and Sphere","floor":22,"turns":3},{"damage":13,"enemies":"Shelled Parasite and Fungi","floor":24,"turns":3},{"damage":6,"enemies":"Snecko","floor":30,"turns":3},{"damage":21,"enemies":"Snake Plant","floor":31,"turns":3},{"damage":31,"enemies":"Collector","floor":33,"turns":4},{"damage":11,"enemies":"3 Shapes","floor":35,"turns":2},{"damage":11,"enemies":"3 Darklings","floor":36,"turns":3},{"damage":7,"enemies":"Jaw Worm Horde","floor":37,"turns":4},{"damage":3,"enemies":"Sphere and 2 Shapes","floor":38,"turns":3},{"damage":6,"enemies":"3 Darklings","floor":39,"turns":4},{"damage":32,"enemies":"4 Shapes","floor":41,"turns":2},{"damage":51,"enemies":"Writhing Mass","floor":44,"turns":3}],"seed_played":"-5532564948168821376","potions_obtained":[{"floor":1,"key":"Regen Potion"},{"floor":2,"key":"champ:CounterPotion"},{"floor":7,"key":"Block Potion"},{"floor":16,"key":"Regen Potion"},{"floor":22,"key":"ColorlessPotion"},{"floor":31,"key":"Weak Potion"},{"floor":37,"key":"PowerPotion"},{"floor":38,"key":"Block Potion"},{"floor":41,"key":"SpeedPotion"}],"is_trial":false,"path_per_floor":["M","M","M","$","M","E","M","$","T","R","M","?","R","M","R","B",null,"M","$","?","M","M","R","M","AVR","T","?","R","?","M","M","R","B",null,"M","M","M","M","M","R","M","R","T","M"],"character_chosen":"THE_SILENT","items_purchased":["Bane","Snake Skull"],"campfire_rested":4,"item_purchase_floors":[8,19],"current_hp_per_floor":[70,70,70,70,63,44,39,39,39,39,36,36,57,57,57,50,70,59,59,59,63,62,62,49,49,49,49,70,70,64,43,64,33,70,59,48,41,38,32,53,21,42,42,0,0],"gold":148,"neow_bonus":"THREE_ENEMY_KILL","is_daily":false,"chose_seed":false,"campfire_upgraded":3,"win_rate":0.0,"timestamp":1613290894,"path_taken":["M","M","M","$","M","E","M","$","T","R","M","?","R","M","R","BOSS","M","$","?","M","M","R","M","AVR","T","?","R","?","M","M","R","BOSS","M","M","?","M","M","R","M","R","T","M"],"items_purchased_type":["Card","Relic"],"build_version":"2020-12-22","purchased_purges":3,"victory":false,"max_hp_per_floor":[70,70,70,70,70,70,70,70,70,70,70,70,70,70,70,70,70,70,70,70,70,70,70,70,70,70,70,70,70,70,70,70,70,70,70,70,70,70,70,70,70,70,70,70,70],"card_choices":[{"not_picked":["Cloak And Dagger","Slice","Prepared"],"picked":"SKIP","floor":1},{"not_picked":["Underhanded Strike","Dodge and Roll"],"picked":"Dagger Throw","floor":2},{"not_picked":["Dodge and Roll","Footwork","Heel Hook"],"picked":"SKIP","floor":3},{"not_picked":["Dagger Throw","Well Laid Plans"],"picked":"Deadly Poison","floor":5},{"not_picked":["Dagger Throw","Dagger Spray"],"picked":"Crippling Poison","floor":6},{"not_picked":["Deadly Poison","Sucker Punch"],"picked":"Poison Darts","floor":7},{"not_picked":["Dodge and Roll","Backflip","ReplayTheSpireMod:Speed Training"],"picked":"SKIP","floor":11},{"not_picked":["Well Laid Plans","Deflect","Distraction"],"picked":"SKIP","floor":14},{"not_picked":["Masterful Stab","Underhanded Strike+1"],"picked":"Quick Slash+1","floor":18},{"not_picked":["Sucker Punch","Accuracy","Quick Slash+1"],"picked":"SKIP","floor":21},{"not_picked":["Concentrate","Blur","Blade Dance+1"],"picked":"SKIP","floor":22},{"not_picked":["Prepared+1","Sucker Punch"],"picked":"Underhanded Strike","floor":24},{"not_picked":["ReplayTheSpireMod:Scrap Shanks+1","Bouncing Flask"],"picked":"Deadly Poison","floor":30},{"not_picked":["Backflip","Deadly Poison+1"],"picked":"Dagger Spray","floor":31},{"not_picked":["After Image","Night Terror"],"picked":"Unload","floor":33},{"not_picked":["Blade Dance+1","Backflip","Flechettes"],"picked":"SKIP","floor":35},{"not_picked":["Riddle With Holes+1","Setup+1","Heel Hook+1"],"picked":"SKIP","floor":36},{"not_picked":["Dagger Throw+1","Hidden Blade"],"picked":"PiercingWail","floor":37},{"not_picked":["Toxin Wave","Dodge and Roll"],"picked":"Dagger Spray+1","floor":38},{"not_picked":["Burst","Dagger Spray","Expertise"],"picked":"SKIP","floor":39},{"not_picked":["Quick Slash+1","ReplayTheSpireMod:Shiv Toss+1","Heel Hook"],"picked":"SKIP","floor":41}],"player_experience":260165,"relics_obtained":[{"floor":6,"key":"infinitespire:Bottled Soul"},{"floor":9,"key":"Grinning Jar"},{"floor":26,"key":"Ninja Scroll"}],"event_choices":[{"damage_healed":0,"gold_gain":175,"player_choice":"AGREE","damage_taken":0,"max_hp_gain":0,"max_hp_loss":0,"event_name":"Liars Game","floor":12,"gold_loss":0,"cards_obtained":["Doubt"]},{"cards_removed":["Strike_G"],"damage_healed":0,"gold_gain":0,"player_choice":"Elegance","damage_taken":0,"max_hp_gain":0,"max_hp_loss":0,"event_name":"Back to Basics","floor":20,"gold_loss":0},{"damage_healed":0,"gold_gain":0,"player_choice":"Ignored","damage_taken":0,"max_hp_gain":0,"max_hp_loss":0,"event_name":"Vampires","floor":27,"gold_loss":0},{"damage_healed":0,"gold_gain":0,"player_choice":"Ignored","damage_taken":0,"max_hp_gain":0,"max_hp_loss":0,"event_name":"NoteForYourself","floor":29,"gold_loss":0}],"is_beta":false,"boss_relics":[{"not_picked":["Replay:Grab Bag","Abe\u0027s Treasure"],"picked":"Ectoplasm"},{"not_picked":["Astrolabe","Fusion Hammer"],"picked":"Cursed Key"}],"items_purged_floors":[4,19,25],"is_endless":false,"potions_floor_spawned":[1,2,7,16,22,31,37,38,41],"killed_by":"Writhing Mass","ascension_level":0}}