{"host":"p0hktren06injwdf","time":1613336967,"event":{"mods":["AchievementEnabler","BaseMod","Colored Map","DeckTracker","Minty Spire (QoL Compilation)","Permanent Neow","StSLib","SuperFastMode"],"gold_per_floor":[123,147,173,173,199,199,217,257,281,281,313,313,353,86,86,86,86],"floor_reached":16,"language":"KOR","playtime":283,"items_purged":["Strike_G"],"score":216,"play_id":"ff3bee20-5c59-40be-ab96-5bacb4a6a4a7","local_time":"20210215060927","is_ascension_mode":true,"campfire_choices":[{"data":"Terror","floor":6,"key":"SMITH"},{"data":"Cloak And Dagger","floor":10,"key":"SMITH"},{"data":"Bane","floor":15,"key":"SMITH"}],"circlet_count":0,"master_deck":["AscendersBane","Strike_G","Strike_G","Strike_G","Strike_G","Defend_G+1","Defend_G","Defend_G+1","Defend_G","Defend_G","Survivor","Neutralize","Terror+1","Poisoned Stab","Cloak And Dagger+1","Bane+1","Dash","Burst","Footwork","Blur"],"relics":["Ring of the Snake","CeramicFish","Nunchaku","Pen Nib","Strawberry","Odd Mushroom","War Paint","Membership Card"],"acts_visited":["Exordium"],"potions_floor_usage":[8,8,16],"damage_taken":[{"damage":0,"enemies":"Cultist","floor":1,"turns":3},{"damage":7,"enemies":"Jaw Worm","floor":2,"turns":5},{"damage":4,"enemies":"Small Slimes","floor":3,"turns":4},{"damage":0,"enemies":"Looter","floor":7,"turns":3},{"damage":16,"enemies":"3 Sentries","floor":8,"turns":12},{"damage":9,"enemies":"The Mushroom Lair","floor":11,"turns":6},{"damage":5,"enemies":"Lagavulin","floor":13,"turns":3},{"damage":27,"enemies":"Slime Boss","floor":16,"turns":9}],"seed_played":"2320573149173165917","potions_obtained":[{"floor":1,"key":"Regen Potion"},{"floor":3,"key":"Explosive Potion"},{"floor":13,"key":"Dexterity Potion"}],"is_trial":false,"path_per_floor":["M","M","M","?","T","R","M","E","T","R","?","?","E","$","R","B"],"character_chosen":"THE_SILENT","items_purchased":["Membership Card","Footwork","Blur"],"campfire_rested":0,"item_purchase_floors":[14,14,14],"current_hp_per_floor":[59,52,48,48,48,48,48,47,54,54,45,45,40,40,40,13,13],"gold":86,"neow_bonus":"RANDOM_COMMON_RELIC","is_daily":false,"chose_seed":false,"campfire_upgraded":3,"win_rate":0.0,"timestamp":1613336967,"path_taken":["M","M","M","?","?","R","M","E","T","R","?","?","E","$","R","BOSS"],"items_purchased_type":["Relic","Card","Card"],"build_version":"2020-12-22","purchased_purges":1,"victory":false,"max_hp_per_floor":[66,66,66,66,66,66,66,66,73,73,73,73,73,73,73,73,73],"card_choices":[{"not_picked":["Deflect","Noxious Fumes"],"picked":"Terror","floor":1},{"not_picked":["Backflip","Predator"],"picked":"Poisoned Stab","floor":2},{"not_picked":["Sucker Punch","Expertise"],"picked":"Cloak And Dagger","floor":3},{"not_picked":["Heel Hook","Prepared","Expertise"],"picked":"SKIP","floor":7},{"not_picked":["Caltrops","Prepared"],"picked":"Bane","floor":8},{"not_picked":["PiercingWail","Backstab"],"picked":"Dash","floor":11},{"not_picked":["Poisoned Stab","Riddle With Holes"],"picked":"Burst","floor":13}],"player_experience":1060999,"relics_obtained":[{"floor":5,"key":"Nunchaku"},{"floor":8,"key":"Pen Nib"},{"floor":9,"key":"Strawberry"},{"floor":11,"key":"Odd Mushroom"},{"floor":13,"key":"War Paint"}],"event_choices":[{"damage_healed":0,"gold_gain":0,"player_choice":"Ignored","damage_taken":0,"max_hp_gain":0,"max_hp_loss":0,"event_name":"Shining Light","floor":4,"gold_loss":0},{"damage_healed":0,"gold_gain":0,"player_choice":"Fought Mushrooms","damage_taken":0,"max_hp_gain":0,"max_hp_loss":0,"event_name":"Mushrooms","floor":11,"gold_loss":0},{"damage_healed":0,"gold_gain":0,"player_choice":"Ignored","damage_taken":0,"max_hp_gain":0,"max_hp_loss":0,"event_name":"Liars Game","floor":12,"gold_loss":0}],"is_beta":false,"boss_relics":[],"items_purged_floors":[14],"is_endless":false,"potions_floor_spawned":[1,3,7,13],"killed_by":"Slime Boss","ascension_level":20}}