{"host":"or1kyy78tiubr3jv","time":1613265082,"event":{"mods":["2.2 Compatiblity","AchievementEnabler","BaseMod","Bestiary","Better Note","Better Third Choice","BetterRewards","Colored Map","Colored Powertips","DeckTracker","Downfall","Energized Spire","Highlight Path","Infinite Spire","Minty Spire (QoL Compilation)","Quick Restart","Relic Filter","Reworked Bosses","StSLib","The Cursed","The Runesmith","The Showman"],"gold_per_floor":[99,118,129,129,148,173,173,183,183,201,72,98,98,125,136,241,241,141,165,184,184,207,107,107,65,97,97,97,97,121,131,159,270,270,270,290,312,362,386,386,412,435,79,95,95,108,108,149,49,49,49,49],"floor_reached":50,"language":"ENG","playtime":7192,"items_purged":["Pain","hexamod:HauntingEcho","TheCursedMod:Dregs"],"score":639,"play_id":"2da4c2d6-bbab-4c8d-ab08-a880ed7166a4","local_time":"20210213201122","is_ascension_mode":true,"campfire_choices":[{"data":"hexamod:Sear","floor":1,"key":"SMITH"},{"floor":13,"key":"REST"},{"floor":18,"key":"RECALL"},{"data":"infinitespire:Starlight","floor":23,"key":"SMITH"},{"data":"hexamod:WildfireWeapon","floor":35,"key":"SMITH"},{"floor":45,"key":"REST"},{"data":"hexamod:GhostflameBarrier","floor":47,"key":"SMITH"},{"floor":49,"key":"REST"}],"circlet_count":0,"master_deck":["hexamod:Strike+1","hexamod:Strike+1","hexamod:Defend","hexamod:Defend+1","hexamod:Defend","hexamod:Defend","hexamod:Sear+1","hexamod:Float","hexamod:HeatMetal","hexamod:SecondSeal","hexamod:BurningTouch","hexamod:Firestarter","hexamod:DynamicBlow","hexamod:Hexaguard","hexamod:BurningTouch","hexamod:GhostOfSpirePresent+1","hexamod:PhantomFireball","hexamod:GhostflameInferno","infinitespire:Starlight+1","hexamod:HeatCrush","hexamod:Firestarter","hexamod:Incineration","hexamod:InspiringFlames+1","hexamod:ThermalTransfer","hexamod:WildfireWeapon+1","hexamod:FlamesFromBeyond","hexamod:FastForward+1","hexamod:ApocalypseNow","hexamod:GhostflameBarrier+1","hexamod:ThermalTransfer","hexamod:ExtraCrispy"],"relics":["hexamod:SpiritBrand","WarpedTongs","Pen Nib","expansioncontent:StudyCardRelic","downfall:HeartBlessingBlue","Orichalcum","downfall:HeartBlessingRed","infinitespire:Eraser","Whetstone","Oddly Smooth Stone","energizedSpire:RedRose","Cursed Key","Torii","Happy Flower","Shuriken","Toolbox","Boot","Regal Pillow","downfall:HeartBlessingGreen"],"acts_visited":["Exordium","TheCity","TheBeyond"],"potions_floor_usage":[8,9,9,16,16,26,32,50,50],"damage_taken":[{"damage":7,"enemies":"Jaw Worm","floor":2,"turns":3},{"damage":0,"enemies":"Cultist","floor":3,"turns":3},{"damage":8,"enemies":"infinitespire:Voidling","floor":5,"turns":3},{"damage":23,"enemies":"Exordium Thugs","floor":6,"turns":5},{"damage":0,"enemies":"3 Louse","floor":8,"turns":2},{"damage":19,"enemies":"Exordium Wildlife","floor":10,"turns":4},{"damage":3,"enemies":"downfall:FleeingMerchant","floor":11,"turns":4},{"damage":1,"enemies":"Blue Slaver","floor":14,"turns":4},{"damage":10,"enemies":"Large Slime","floor":15,"turns":6},{"damage":36,"enemies":"DF_ARCHETYPE_STREAMLINE","floor":16,"turns":8},{"damage":19,"enemies":"Spheric Guardian","floor":19,"turns":6},{"damage":5,"enemies":"Shell Parasite","floor":20,"turns":4},{"damage":0,"enemies":"downfall:FleeingMerchant","floor":25,"turns":4},{"damage":29,"enemies":"Slavers","floor":26,"turns":4},{"damage":19,"enemies":"Shelled Parasite and Fungi","floor":30,"turns":4},{"damage":13,"enemies":"3 Cultists","floor":31,"turns":6},{"damage":13,"enemies":"Chosen and Byrds","floor":32,"turns":4},{"damage":30,"enemies":"WA_ARCHETYPE_CALM","floor":33,"turns":9},{"damage":32,"enemies":"3 Darklings","floor":36,"turns":4},{"damage":26,"enemies":"3 Shapes","floor":37,"turns":3},{"damage":8,"enemies":"3 Shapes","floor":38,"turns":5},{"damage":18,"enemies":"Sphere and 2 Shapes","floor":39,"turns":5},{"damage":16,"enemies":"Jaw Worm Horde","floor":42,"turns":4},{"damage":6,"enemies":"downfall:FleeingMerchant","floor":43,"turns":4},{"damage":7,"enemies":"Maw","floor":44,"turns":5},{"damage":10,"enemies":"Writhing Mass","floor":46,"turns":3},{"damage":67,"enemies":"Reptomancer","floor":48,"turns":6},{"damage":173,"enemies":"IC_BLOCK_ARCHETYPE","floor":50,"turns":10}],"seed_played":"-5550145471337959232","potions_obtained":[{"floor":2,"key":"ColorlessPotion"},{"floor":6,"key":"Explosive Potion"},{"floor":9,"key":"Fruit Juice"},{"floor":9,"key":"Fruit Juice"},{"floor":9,"key":"FairyPotion"},{"floor":10,"key":"champ:CounterPotion"},{"floor":15,"key":"CultistPotion"},{"floor":19,"key":"DistilledChaos"},{"floor":26,"key":"Ancient Potion"},{"floor":31,"key":"LiquidBronze"},{"floor":36,"key":"SpeedPotion"},{"floor":42,"key":"Strength Potion"}],"is_trial":false,"path_per_floor":["R","M","M","?","M","M","T","M","?","M","$","T","R","M","M","B",null,"R","M","M","?","T","R","T","$","E","?","AVR","?","M","M","M","B",null,"R","M","M","?","M","?","T","M","$","M","R","M","R","E","R","B"],"character_chosen":"THE_SPIRIT","items_purchased":["hexamod:Hexaguard","hexamod:HeatCrush","Shuriken","Toolbox","Boot","hexamod:ThermalTransfer"],"campfire_rested":3,"item_purchase_floors":[11,25,43,43,43,43],"current_hp_per_floor":[77,70,70,70,69,46,46,46,56,37,34,34,60,59,49,13,87,97,78,73,49,49,49,49,64,50,50,50,42,38,40,42,27,97,97,69,58,65,62,62,62,46,55,63,92,96,96,44,88,0,0,0],"gold":49,"neow_bonus":"TEN_PERCENT_HP_BONUS","is_daily":false,"chose_seed":false,"campfire_upgraded":4,"win_rate":0.0,"timestamp":1613265082,"path_taken":["R","M","M","?","M","?","T","?","?","?","?","?","R","M","M","BOSS","R","M","M","?","?","R","T","$","E","?","AVR","?","?","?","M","BOSS","R","M","M","?","M","?","T","M","$","?","R","M","R","E","R","BOSS"],"items_purchased_type":["Card","Card","Relic","Relic","Relic","Card"],"build_version":"2020-12-22","purchased_purges":3,"victory":false,"max_hp_per_floor":[77,77,77,77,77,77,77,77,87,87,87,87,87,87,87,87,87,97,97,97,97,97,97,97,97,97,97,97,97,97,97,97,97,97,97,97,97,97,97,97,97,97,97,97,97,97,97,97,97,97,97,97],"card_choices":[{"not_picked":["hexamod:HeatCrush","hexamod:SwordOfDarkness"],"picked":"hexamod:HeatMetal","floor":2},{"not_picked":["hexamod:GhostOfSpirePast","hexamod:BacktrackSmack"],"picked":"hexamod:SecondSeal","floor":3},{"not_picked":["hexamod:HauntingEcho","hexamod:GhostLash"],"picked":"hexamod:BurningTouch","floor":5},{"not_picked":["hexamod:NightmareGuise","hexamod:SuperheatedStrike"],"picked":"hexamod:Firestarter","floor":6},{"not_picked":["hexamod:FastForward","hexamod:AdvancingGuard"],"picked":"hexamod:DynamicBlow","floor":8},{"not_picked":["hexamod:GhostShield","hexamod:EmpoweredFlame","hexamod:SwordOfDarkness"],"picked":"SKIP","floor":10},{"not_picked":["hexamod:HauntingEcho","hexamod:NecessarySacrifice","hexamod:DynamicBlow"],"picked":"SKIP","floor":11},{"not_picked":["hexamod:BurningTouch","hexamod:CatchUp"],"picked":"hexamod:HeatCrush","floor":14},{"not_picked":["hexamod:SwordOfDarkness","hexamod:HeatMetal"],"picked":"hexamod:BurningTouch","floor":15},{"not_picked":["hexamod:GiftsFromTheDead","hexamod:TimeWarp"],"picked":"hexamod:GhostOfSpirePresent","floor":16},{"not_picked":["hexamod:BacktrackSmack+1","hexamod:SuperheatedStrike"],"picked":"hexamod:PhantomFireball","floor":19},{"not_picked":["hexamod:DynamicBlow+1","hexamod:ShieldOfDarkness"],"picked":"hexamod:GhostflameInferno","floor":20},{"not_picked":["infinitespire:SealOfDarkness+","infinitespire:SevenWalls"],"picked":"infinitespire:Starlight","floor":21},{"not_picked":["hexamod:SpectersWail+1","hexamod:HeatMetal","hexamod:NightmareStrike+1"],"picked":"SKIP","floor":25},{"not_picked":["hexamod:AdvancingGuard","hexamod:GhostShield","hexamod:FastForward"],"picked":"SKIP","floor":26},{"not_picked":["hexamod:HauntingEcho","hexamod:PhantomFireball"],"picked":"hexamod:Incineration","floor":30},{"not_picked":["hexamod:SkipABeat+1","hexamod:BacktrackSmack"],"picked":"hexamod:InspiringFlames+1","floor":31},{"not_picked":["hexamod:Firestarter","hexamod:Toasty"],"picked":"hexamod:ThermalTransfer","floor":32},{"not_picked":["hexamod:FlameSwitch","hexamod:TurnItUp"],"picked":"hexamod:WildfireWeapon","floor":33},{"not_picked":["hexamod:ThermalTransfer+1","hexamod:SuperheatedStrike","hexamod:Firestarter"],"picked":"SKIP","floor":36},{"not_picked":["hexamod:HauntingEcho+1","hexamod:NightmareStrike"],"picked":"hexamod:FlamesFromBeyond","floor":37},{"not_picked":["hexamod:SkipABeat","hexamod:GhostLash+1"],"picked":"hexamod:FastForward+1","floor":38},{"not_picked":["hexamod:InspiringFlames","hexamod:PhantomFireball"],"picked":"hexamod:ApocalypseNow","floor":39},{"not_picked":["hexamod:SuperheatedStrike+1","hexamod:DynamicBlow+1"],"picked":"hexamod:GhostflameBarrier","floor":42},{"not_picked":["hexamod:ShieldOfDarkness","hexamod:GhostOfSpirePresent","hexamod:FlamesFromBeyond"],"picked":"SKIP","floor":43},{"not_picked":["hexamod:Firestarter","hexamod:SwordOfDarkness+1","hexamod:BacktrackSmack"],"picked":"SKIP","floor":44},{"not_picked":["hexamod:InspiringFlames","hexamod:PhantomFireball+1","hexamod:GhostShield+1"],"picked":"SKIP","floor":46},{"not_picked":["hexamod:SuperheatedStrike+1","hexamod:FirstSeal"],"picked":"hexamod:ExtraCrispy","floor":48}],"player_experience":583550,"relics_obtained":[{"floor":12,"key":"Pen Nib"},{"floor":22,"key":"Orichalcum"},{"floor":24,"key":"infinitespire:Eraser"},{"floor":26,"key":"Whetstone"},{"floor":38,"key":"Torii"},{"floor":41,"key":"Happy Flower"},{"floor":48,"key":"Regal Pillow"}],"event_choices":[{"damage_healed":0,"gold_gain":0,"player_choice":"Rummage","damage_taken":0,"relics_obtained":["WarpedTongs"],"max_hp_gain":0,"max_hp_loss":0,"event_name":"Accursed Blacksmith","floor":4,"gold_loss":0,"cards_obtained":["Pain"]},{"damage_healed":0,"gold_gain":0,"player_choice":"Got Potions","damage_taken":0,"max_hp_gain":0,"max_hp_loss":0,"event_name":"Lab","floor":9,"gold_loss":0},{"damage_healed":0,"gold_gain":0,"cards_transformed":["hexamod:Strike","hexamod:Strike"],"player_choice":"Became Test Subject","damage_taken":0,"max_hp_gain":0,"max_hp_loss":0,"event_name":"Drug Dealer","floor":27,"gold_loss":0,"cards_obtained":["hexamod:Firestarter","hexamod:HauntingEcho"]}],"is_beta":false,"boss_relics":[{"not_picked":["Busted Crown","bronze:MakeshiftBattery"],"picked":"expansioncontent:StudyCardRelic"},{"not_picked":["Coffee Dripper","energizedSpire:DeadBattery"],"picked":"Cursed Key"}],"items_purged_floors":[11,28,43],"is_endless":false,"potions_floor_spawned":[2,6,10,15,19,26,31,36,38,42,46,48],"killed_by":"IC_BLOCK_ARCHETYPE","ascension_level":2}}