{"host":"bnbc66jny2i0hx0x","time":1613282257,"event":{"mods":["AchievementEnabler","BaseMod","Minty Spire (QoL Compilation)","Relic Sorter","StSLib"],"gold_per_floor":[111,122,44,44,94,94,127,127,127,162,180,180,192,209,209,284,284,296,276,276,276,276],"floor_reached":21,"language":"ENG","playtime":770,"items_purged":[],"score":331,"play_id":"59cb16ae-5e0d-4cd1-ae9b-b983f38ea8a5","local_time":"20210213215737","is_ascension_mode":true,"campfire_choices":[{"data":"Barrage","floor":6,"key":"SMITH"},{"data":"Zap","floor":8,"key":"SMITH"},{"floor":12,"key":"REST"},{"floor":15,"key":"REST"}],"circlet_count":0,"master_deck":["AscendersBane","Strike_B","Strike_B","Strike_B","Defend_B","Defend_B","Defend_B","Defend_B+1","Zap+1","Dualcast","Conserve Battery","Auto Shields+1","Barrage+1","Capacitor","Capacitor","Sweeping Beam","Defragment","Beam Cell","Static Discharge","Creative AI","Necronomicurse"],"relics":["Cracked Core","White Beast Statue","Nunchaku","War Paint","SacredBark","Necronomicon"],"acts_visited":["Exordium","TheCity"],"potions_floor_usage":[7,10,16,18,18,19,21],"damage_taken":[{"damage":2,"enemies":"Jaw Worm","floor":1,"turns":3},{"damage":1,"enemies":"Cultist","floor":2,"turns":3},{"damage":16,"enemies":"Gremlin Nob","floor":7,"turns":4},{"damage":27,"enemies":"3 Sentries","floor":10,"turns":11},{"damage":3,"enemies":"2 Louse","floor":11,"turns":3},{"damage":14,"enemies":"Large Slime","floor":13,"turns":5},{"damage":0,"enemies":"3 Louse","floor":14,"turns":3},{"damage":10,"enemies":"The Guardian","floor":16,"turns":8},{"damage":0,"enemies":"Spheric Guardian","floor":18,"turns":3},{"damage":22,"enemies":"2 Thieves","floor":19,"turns":4},{"damage":17,"enemies":"Snake Plant","floor":21,"turns":2}],"seed_played":"457688392074777847","potions_obtained":[{"floor":1,"key":"SkillPotion"},{"floor":7,"key":"SkillPotion"},{"floor":10,"key":"Strength Potion"},{"floor":11,"key":"Energy Potion"},{"floor":13,"key":"SkillPotion"},{"floor":16,"key":"AttackPotion"},{"floor":18,"key":"Strength Potion"},{"floor":19,"key":"GamblersBrew"}],"is_trial":false,"path_per_floor":["M","M","$","?","?","R","E","R","T","E","M","R","M","M","R","B",null,"M","M","?","M"],"character_chosen":"DEFECT","items_purchased":["Capacitor"],"campfire_rested":2,"item_purchase_floors":[3],"current_hp_per_floor":[62,61,61,54,54,54,38,38,38,11,8,29,15,15,36,26,60,60,38,17,0,0],"gold":276,"neow_bonus":"THREE_CARDS","is_daily":false,"chose_seed":false,"campfire_upgraded":2,"win_rate":0.0,"timestamp":1613282257,"path_taken":["M","M","$","?","?","R","E","R","T","E","M","R","M","?","R","BOSS","M","M","?","M"],"items_purchased_type":["Card"],"build_version":"2020-12-22","purchased_purges":0,"victory":false,"max_hp_per_floor":[71,71,71,71,71,71,71,71,71,71,71,71,71,71,71,71,71,71,71,71,71,71],"card_choices":[{"not_picked":["Hologram","Rebound"],"picked":"Conserve Battery","floor":0},{"not_picked":["Scrape","Redo"],"picked":"Auto Shields","floor":1},{"not_picked":["Fusion","Storm"],"picked":"Barrage","floor":2},{"not_picked":["Compile Driver","Stack"],"picked":"Capacitor","floor":7},{"not_picked":["Turbo","BootSequence"],"picked":"Sweeping Beam","floor":10},{"not_picked":["Sweeping Beam","Coolheaded"],"picked":"Defragment","floor":11},{"not_picked":["Hologram","Hello World"],"picked":"Beam Cell","floor":13},{"not_picked":["Leap","Coolheaded"],"picked":"Static Discharge","floor":14},{"not_picked":["Buffer","All For One"],"picked":"Creative AI","floor":16},{"not_picked":["Compile Driver","Rebound","Conserve Battery"],"picked":"SKIP","floor":18},{"not_picked":["Rebound","Beam Cell","Turbo"],"picked":"SKIP","floor":19}],"player_experience":1267860,"relics_obtained":[{"floor":7,"key":"White Beast Statue"},{"floor":9,"key":"Nunchaku"},{"floor":10,"key":"War Paint"},{"floor":20,"key":"Necronomicon"}],"event_choices":[{"cards_removed":["Strike_B"],"damage_healed":0,"gold_gain":0,"player_choice":"Card Removal","damage_taken":7,"max_hp_gain":0,"max_hp_loss":0,"event_name":"Golden Wing","floor":4,"gold_loss":0},{"damage_healed":0,"gold_gain":50,"player_choice":"Pray","damage_taken":0,"max_hp_gain":0,"max_hp_loss":0,"event_name":"Golden Shrine","floor":5,"gold_loss":0},{"damage_healed":0,"gold_gain":0,"player_choice":"Obtained Book","damage_taken":21,"max_hp_gain":0,"max_hp_loss":0,"event_name":"Cursed Tome","floor":20,"gold_loss":0}],"is_beta":false,"boss_relics":[{"not_picked":["Philosopher\u0027s Stone","Pandora\u0027s Box"],"picked":"SacredBark"}],"items_purged_floors":[],"is_endless":false,"potions_floor_spawned":[1,7,10,11,13,14,16,18,19],"killed_by":"Snake Plant","ascension_level":15}}