{"host":"bsgp9wgausrmthh2","time":1613343159,"event":{"mods":["AchievementEnabler","BaseMod","Colored Map","Downfall","Minty Spire (QoL Compilation)","Replay The Spire","StSLib"],"gold_per_floor":[99,99,188,201,217,229,229,258,63,81,66,86,186,116,132,132,132,132],"floor_reached":16,"language":"ENG","playtime":2167,"items_purged":[],"score":102,"play_id":"52bdb691-5ac8-4989-bdc0-96bfc7ae4ce9","local_time":"20210214175239","is_ascension_mode":false,"campfire_choices":[{"floor":1,"key":"RECALL"}],"circlet_count":0,"master_deck":["Slimebound:Strike_Slimebound","Slimebound:Strike_Slimebound","Slimebound:Strike_Slimebound","Slimebound:Tackle","Slimebound:Defend_Slimebound","Slimebound:Defend_Slimebound","Slimebound:Defend_Slimebound","Slimebound:Defend_Slimebound","Slimebound:Split","Slimebound:CorrosiveSpit","Slimebound:RollThrough","Slimebound:LeadByExample","Slimebound:LivingWall","Slimebound:SlimeTap","Slimebound:Nibble","Slimebound:Schlurp","Slimebound:SplitLeeching","Slimebound:LeechLife","Slimebound:SlimeSpikes","Slimebound:ComboTackle","Slimebound:SelfFormingGoo","Slimebound:GoopSpray","Slimebound:ForwardTackle","Slimebound:Equalize+1","Slimebound:Prepare"],"relics":["Slimebound:AbsorbEndCombat","Omamori","Replay:Multitool"],"acts_visited":["Exordium"],"potions_floor_usage":[],"damage_taken":[{"damage":5,"enemies":"Small Slimes","floor":4,"turns":4},{"damage":6,"enemies":"Jaw Worm","floor":5,"turns":5},{"damage":0,"enemies":"Cultist","floor":6,"turns":4},{"damage":70,"enemies":"Gremlin Nob","floor":8,"turns":6},{"damage":0,"enemies":"downfall:FleeingMerchant","floor":9,"turns":4},{"damage":7,"enemies":"Gremlin Gang","floor":10,"turns":6},{"damage":0,"enemies":"downfall:FleeingMerchant","floor":11,"turns":4},{"damage":3,"enemies":"Large Slime","floor":12,"turns":7},{"damage":12,"enemies":"downfall:FleeingMerchant","floor":14,"turns":4},{"damage":9,"enemies":"Blue Slaver","floor":15,"turns":4},{"damage":78,"enemies":"WA_ARCHETYPE_RETAIN","floor":16,"turns":16}],"seed_played":"5232429778914314632","potions_obtained":[{"floor":4,"key":"SteroidPotion"},{"floor":5,"key":"Regen Potion"},{"floor":10,"key":"FearPotion"},{"floor":15,"key":"DistilledChaos"}],"is_trial":false,"path_per_floor":["R_BF","?","?","M","M","M","T","E","$","M","$","M","?","$","M","B"],"character_chosen":"SLIMEBOUND","items_purchased":["Slimebound:LeechLife","Slimebound:SlimeSpikes","Slimebound:Equalize+1"],"campfire_rested":0,"item_purchase_floors":[9,9,14],"current_hp_per_floor":[71,71,71,70,70,71,71,5,9,18,28,43,43,35,44,0,0,0],"gold":132,"neow_bonus":"TEN_PERCENT_HP_BONUS","is_daily":false,"chose_seed":false,"campfire_upgraded":0,"win_rate":0.0,"timestamp":1613343159,"path_taken":["R_BF","?","?","M","M","?","T","E","$","M","$","?","?","$","M","BOSS"],"items_purchased_type":["Card","Card","Card"],"build_version":"2020-12-22","purchased_purges":0,"victory":false,"max_hp_per_floor":[71,71,71,71,71,71,71,71,71,71,71,71,71,71,71,71,71,71],"card_choices":[{"not_picked":["Slimebound:PressTheAttack","Slimebound:SplitMire"],"picked":"Slimebound:RollThrough","floor":3},{"not_picked":["Slimebound:AcidTongue","Slimebound:FinishingTackle"],"picked":"Slimebound:LeadByExample","floor":3},{"not_picked":["Slimebound:LeechEnergy","Slimebound:SplitAcid"],"picked":"Slimebound:LivingWall","floor":4},{"not_picked":["Slimebound:SplitAcid","Slimebound:WasteNot"],"picked":"Slimebound:SlimeTap","floor":5},{"not_picked":["Slimebound:SplitMire","Slimebound:LeechEnergy"],"picked":"Slimebound:Nibble","floor":6},{"not_picked":["Slimebound:TongueLash","Slimebound:DouseInSlime"],"picked":"Slimebound:Schlurp","floor":8},{"not_picked":["Slimebound:GoopTackle","Slimebound:HauntingLick"],"picked":"Slimebound:SplitLeeching","floor":9},{"not_picked":["Slimebound:SpikyOuterGoop","Slimebound:SplitMire"],"picked":"Slimebound:ComboTackle","floor":10},{"not_picked":["Slimebound:SplitLeeching","Slimebound:SplitAcid"],"picked":"Slimebound:SelfFormingGoo","floor":11},{"not_picked":["Slimebound:LeechEnergy","Slimebound:LeechingTouch"],"picked":"Slimebound:GoopSpray","floor":12},{"not_picked":["Slimebound:Replication","Slimebound:ItLooksTasty"],"picked":"Slimebound:ForwardTackle","floor":14},{"not_picked":["Slimebound:ItLooksTasty","Slimebound:SamplingLick"],"picked":"Slimebound:Prepare","floor":15}],"player_experience":244452,"relics_obtained":[{"floor":3,"key":"Omamori"},{"floor":8,"key":"Replay:Multitool"}],"event_choices":[],"is_beta":false,"boss_relics":[],"items_purged_floors":[],"is_endless":false,"potions_floor_spawned":[4,5,10,15],"killed_by":"WA_ARCHETYPE_RETAIN","ascension_level":0}}