{"host":"8inpc3yxphy2r27y","time":1613307050,"event":{"mods":["100% Spire Juice","ATMod(阿瑾Mod)","Act Like it!","Alarm Clock","Astrologer","Bard","BaseMod","Better Synergies","Better Vampires","Better-Laid Plans","Challenge The Spire","Conspire","Decade(王小明)","Defuse TimeMaze Blight","Dota2Spire","Downfall","Energized Spire","FanaticalFans","FoggyMod","FutureSeer","Gensokyo","Gremlin Mod","GungeonMod","Hallownest","Highlight Path","HumanHunterMod(怪物杀人mod)","Hunter 猎人","Jedi Mod","KinomotoSakuraMod(木之本樱)","LagranYue(拉格朗・月)","Lobotomy","LobotomyExtend","Minty Spire (QoL Compilation)","MostiFishMod","Nova Terra(诺娃・泰拉)","Pale of the Ancients","Quick Restart","Red Circlet Mod","Reimu（博丽灵梦）","Relic Filter Mod","Relic Stats","Replay The Spire","Ryuuou龙王","SIMod","SOS（斯巴达之子）","Shop Mod","Spicy Shops","StSLib","TestMod","The Animator","The Bug Knight","The Cursed","The Hierophant","The Runesmith","TheHeartMod","UnlockEverythingMod","Waifu the Spire","Warlord Emblem","[GremlinLeader]The Maniac","[JumpMod]舞动尖塔","noobMod","【功能Mod】聪明的最终Boss","【遗物卡牌】REMEMod","残留之物","篝火指南"],"gold_per_floor":[374,31,56,56,81,255,433,562,587,612,194,349,474,524,524,737,787,896,896,896],"floor_reached":19,"language":"ZHS","playtime":1718,"items_purged":[],"score":663,"play_id":"64193639-dba7-4db9-acca-29a39a7faa55","local_time":"20210214205050","daily_mods":["SealedDeck","Shiny","Specialized","Vintage","ControlledChaos","Allstar","Heirloom","Time Dilation","DeadlyEvents","Elite Swarm","Lethality","Midas","Night Terrors","challengethespire:Platinum Difficulty"],"is_ascension_mode":true,"campfire_choices":[{"floor":10.0,"key":"DIG"},{"floor":15.0,"key":"RECALL"}],"circlet_count":0,"master_deck":["LongBird","Funeral","AscendersBane","animator:Guren","animator:Eve","animator:Ainz","animator:Gilgamesh+38","animator:HigakiRinne","animator:ItamiYouji","animator:SwordMaiden","animator:PinaCoLada","animator:Saber","animator:MadokaKaname","animator:Biyorigo","animator:AcuraShin","animator:Saitama","animator:Sora","animator:Albedo","animator:Rimuru","animator:Envy","animator:Boros","animator:Hans","animator:Shiro","animator:GoblinSlayer","animator:FeridBathory","animator:Shizu","animator:Greed","animator:Father","animator:ChaikaTrabant","animator:Wiz","animator:Elesis","animator:FeridBathory","animator:FeridBathory","animator:FeridBathory","animator:FeridBathory","animator:FeridBathory","AT_FamilyPortrait","testmod-Superconductor","animator:Mitsurugi","animator:Mitsurugi","animator:Mitsurugi","animator:Mitsurugi","animator:Mitsurugi","animator:MaesHughes+1","MostiFishMod:Minus","PunishingBird","MostiFishMod:AdrenalineArouse","UniverseFragment","animator:Demiurge","Gensokyo:MonkeysPaw","Gensokyo:LifeforceConverter","Gensokyo:OverchargedCore","Gensokyo:RustyChest","Gensokyo:TarnishedGold","Gensokyo:RPG","champ:VampiricStrike","OSAHOGD","Secret Weapon","Pain","Freischutz","Future_Borrow","Yin"],"relics":["REME_ComplimentaryCards","replay:Trail_Library","ice","Fans:FanaticalFans","jedi:maincommand","DaveBox","AT_ATBox","testmod-TestBox","HowToJump","animator:PurgingStone","LagranYue:RandomDrawCardRelic","DianDianMeat","testmod-EqualTreatment","MerchantsRug","DemoMod:GnawedKey","PrismaticShard","CogitoBucket","NeowsBlessing","Prayer Wheel","LetterFromLob","ExusiaiGun","Shovel","SolemnVow_r","DemoMod:RatBoots","DemoMod:LamentConfigurum","testmod-Alchemist","DaCapo","jedi:command_boss","Gensokyo:LunaticRedEyes","Black Star","DemoMod:SerJunkan","AT_BellDemon","Justitia_r","BehaviorAdjustment","jedi:arcanewood"],"acts_visited":["Gensokyo:Gensokyo","Gensokyo:Gensokyoer"],"potions_floor_usage":[],"damage_taken":[{"damage":0.0,"enemies":"Gensokyo:Cirno","floor":6.0,"turns":2.0},{"damage":0.0,"enemies":"Gensokyo:Aya","floor":7.0,"turns":1.0},{"damage":24.0,"enemies":"Gensokyo:3_Fairies","floor":8.0,"turns":2.0},{"damage":16.0,"enemies":"Gensokyo:Cirno","floor":12.0,"turns":4.0},{"damage":1.0,"enemies":"Gensokyo:Mamizou","floor":13.0,"turns":3.0},{"damage":10.0,"enemies":"Gensokyo:Kokoro","floor":16.0,"turns":3.0},{"damage":425,"enemies":"Gensokyo:3_Dogs","floor":18,"turns":15}],"seed_played":"4851436947892030789","potions_obtained":[{"floor":6.0,"key":"Dexterity Potion"},{"floor":12.0,"key":"Dota2Spire:HealingSalve"},{"floor":16.0,"key":"champ:CounterPotion"}],"is_trial":true,"path_per_floor":["WH","$","WH","?","WH","E","E","M","T","R","COS","E","E","WH","?","R","B",null,"M","?"],"character_chosen":"THE_ANIMATOR","items_purchased":["MerchantsRug","DemoMod:GnawedKey","jedi:command_shop"],"campfire_rested":0,"item_purchase_floors":[2,2,2],"current_hp_per_floor":[82,82,82,90,90,112,135,124,124,138,264,303,352,378,378,423,455,98,0,0],"gold":896,"neow_bonus":"BOSS_RELIC","is_daily":false,"chose_seed":false,"campfire_upgraded":0,"win_rate":0.0,"timestamp":1613307050,"path_taken":["WH","$","WH","?","WH","E","?","?","T","R","COS","E","?","WH","R","BOSS","M","?"],"items_purchased_type":["Relic","Relic","Relic"],"build_version":"2020-12-22","purchased_purges":0,"victory":false,"max_hp_per_floor":[88,88,88,96,96,115,138,151,151,165,291,336,385,411,411,466,466,495,495,495],"relic_stats":{"Shovel":1,"counters":[8,31],"Prayer Wheel":0,"Black Star":0,"obtain_stats":[{"AT_BellDemon":18,"AT_ATBox":0,"DaveBox":0,"LagranYue:RandomDrawCardRelic":0,"SolemnVow_r":8,"testmod-EqualTreatment":1,"jedi:command_rare":0,"DemoMod:GlassGuonStoneRelic":7,"ice":0,"ExusiaiGun":7,"jedi:command_boss":14,"Fans:FanaticalFans":0,"PrismaticShard":2,"Gensokyo:LunaticRedEyes":14,"CogitoBucket":3,"Shovel":7,"testmod-Alchemist":12,"animator:PurgingStone":0,"Prayer Wheel":6,"DemoMod:LamentConfigurum":10,"DemoMod:GnawedKey":2,"DaCapo":13,"replay:Trail_Library":0,"DianDianMeat":0,"MerchantsRug":2,"jedi:command_common":10,"jedi:command_uncommon":18,"testmod-TestBox":0,"HowToJump":0,"NeowsBlessing":5,"DemoMod:RatBoots":8,"testmod-TurbochargingSystem":0,"DemoMod:SerJunkan":18,"BehaviorAdjustment":18,"LetterFromLob":6,"Black Star":17,"jedi:maincommand":0,"jedi:command_shop":2,"jedi:arcanewood":18,"Unceasing Top":0,"Justitia_r":18,"REME_ComplimentaryCards":0},{"AT_BellDemon":8,"AT_ATBox":0,"DaveBox":0,"LagranYue:RandomDrawCardRelic":0,"SolemnVow_r":3,"testmod-EqualTreatment":0,"jedi:command_rare":0,"DemoMod:GlassGuonStoneRelic":2,"ice":0,"ExusiaiGun":2,"jedi:command_boss":5,"Fans:FanaticalFans":0,"PrismaticShard":0,"Gensokyo:LunaticRedEyes":5,"CogitoBucket":0,"Shovel":2,"testmod-Alchemist":4,"animator:PurgingStone":0,"Prayer Wheel":1,"DemoMod:LamentConfigurum":3,"DemoMod:GnawedKey":0,"DaCapo":5,"replay:Trail_Library":0,"DianDianMeat":0,"MerchantsRug":0,"jedi:command_common":3,"jedi:command_uncommon":8,"testmod-TestBox":0,"HowToJump":0,"NeowsBlessing":0,"DemoMod:RatBoots":3,"testmod-TurbochargingSystem":0,"DemoMod:SerJunkan":8,"BehaviorAdjustment":8,"LetterFromLob":1,"Black Star":6,"jedi:maincommand":0,"jedi:command_shop":0,"jedi:arcanewood":8,"Unceasing Top":0,"Justitia_r":8,"REME_ComplimentaryCards":0},{"AT_BellDemon":21,"AT_ATBox":0,"DaveBox":0,"LagranYue:RandomDrawCardRelic":0,"SolemnVow_r":5,"testmod-EqualTreatment":0,"jedi:command_rare":0,"DemoMod:GlassGuonStoneRelic":3,"ice":0,"ExusiaiGun":3,"jedi:command_boss":12,"Fans:FanaticalFans":0,"PrismaticShard":0,"Gensokyo:LunaticRedEyes":12,"CogitoBucket":0,"Shovel":3,"testmod-Alchemist":9,"animator:PurgingStone":0,"Prayer Wheel":2,"DemoMod:LamentConfigurum":5,"DemoMod:GnawedKey":0,"DaCapo":12,"replay:Trail_Library":0,"DianDianMeat":0,"MerchantsRug":0,"jedi:command_common":5,"jedi:command_uncommon":17,"testmod-TestBox":0,"HowToJump":0,"NeowsBlessing":0,"DemoMod:RatBoots":5,"testmod-TurbochargingSystem":0,"DemoMod:SerJunkan":17,"BehaviorAdjustment":31,"LetterFromLob":2,"Black Star":15,"jedi:maincommand":0,"jedi:command_shop":0,"jedi:arcanewood":31,"Unceasing Top":0,"Justitia_r":31,"REME_ComplimentaryCards":0}]},"card_choices":[{"not_picked":["SpiderBud","CherryBlossoms"],"picked":"Funeral","floor":6.0},{"not_picked":["animator:Greed","LagranYue:AttackGodSwordCard"],"picked":"MostiFishMod:Minus","floor":6.0},{"not_picked":["Scorched","RedShoes"],"picked":"PunishingBird","floor":7.0},{"not_picked":["jedi:studyfrost","theHeart:HyperCoagulation"],"picked":"MostiFishMod:AdrenalineArouse","floor":7.0},{"not_picked":["GalaxyChild","SpiderBud","FairyFestival"],"picked":"Singing Bowl","floor":8.0},{"not_picked":["MHz","LaLuna"],"picked":"UniverseFragment","floor":8.0},{"not_picked":["SingingMachine","HappyTeddy","SilentOrchestra"],"picked":"Singing Bowl","floor":12.0},{"not_picked":["SnowQueen","OldLady"],"picked":"LongBird","floor":12.0},{"not_picked":["hexamod:FlameSwitch","CowboySkills"],"picked":"champ:VampiricStrike","floor":12.0},{"not_picked":["QueenBee","FairyFestival","Bloodbath"],"picked":"Singing Bowl","floor":13.0},{"not_picked":["Murderer","LittleHelper"],"picked":"OSAHOGD","floor":13.0},{"not_picked":["hierophant:DeathKnell","hexamod:GhostOfSpirePresent"],"picked":"Secret Weapon","floor":13.0},{"not_picked":["BeautyBeast","OldLady","Scarecrow"],"picked":"Singing Bowl","floor":16.0},{"not_picked":["VoidDream","Murderer"],"picked":"Freischutz","floor":16.0},{"not_picked":["theHeart:HyperCoagulation","ClowCardTheDark"],"picked":"Future_Borrow","floor":16.0},{"not_picked":["Variant","Bloodbath","BeautyBeast"],"picked":"Singing Bowl","floor":18},{"not_picked":["BlackSwan","VoidDream"],"picked":"Yin","floor":18}],"player_experience":234722,"relics_obtained":[{"floor":6.0,"key":"jedi:command_rare"},{"floor":6.0,"key":"LetterFromLob"},{"floor":7.0,"key":"jedi:command_rare"},{"floor":8.0,"key":"jedi:command_rare"},{"floor":10.0,"key":"jedi:command_common"},{"floor":12.0,"key":"jedi:command_rare"},{"floor":13.0,"key":"jedi:command_rare"},{"floor":18,"key":"jedi:command_common"}],"event_choices":[],"is_beta":false,"boss_relics":[{"not_picked":["jedi:command_boss","jedi:command_boss"],"picked":"jedi:command_boss"}],"items_purged_floors":[],"is_endless":false,"potions_floor_spawned":[6,12,16],"ascension_level":20}}