{"host":"xw709scqdmsx7obr","time":1613282826,"event":{"mods":["BaseMod","Colored Map","Downfall","Minty Spire (QoL Compilation)","Replay The Spire","StSLib"],"gold_per_floor":[109,129,321,321,246,276,276,287,287,287,297,312,331,364,418,523,523,523,523,523,523,523,523,523,523,523,247,247,247,247,25,25,25,25,25,25,25,25,25,25,25,25,25,25,25,25,25,25,25,25],"floor_reached":51,"language":"ENG","playtime":4051,"items_purged":["Strike_G","Strike_G","Strike_G"],"score":887,"play_id":"a3d8d302-25cc-40ae-a822-06e99d14dd8c","local_time":"20210214010706","is_ascension_mode":false,"campfire_choices":[{"data":"Survivor","floor":7,"key":"SMITH"},{"data":"Prepared","floor":10,"key":"SMITH"},{"floor":23,"key":"REST"},{"floor":25,"key":"REST"},{"floor":32,"key":"REST"},{"floor":40,"key":"REST"},{"data":"Burst","floor":42,"key":"SMITH"},{"floor":45,"key":"REST"},{"floor":49,"key":"REST"}],"circlet_count":0,"master_deck":["Strike_G","Strike_G","Defend_G","Defend_G","Defend_G","Defend_G","Defend_G","Survivor+1","Neutralize+1","Deadly Poison+1","Poisoned Stab","Poisoned Stab","Deadly Poison+1","Prepared+1","Sneak Up","Corpse Explosion","Crippling Poison","ReplayTheSpireMod:Necrosis+1","Catalyst","Burst+1","Deflect+1","Atom Bomb","Noxious Fumes","Decay","Replay:Sssssssssshield","ReplayTheSpireMod:Necrosis","Bane+1","Backflip+1","Catalyst+1"],"relics":["Ring of the Snake","NeowsBlessing","Pear","Eternal Feather","Question Card","Ectoplasm","Enchiridion","Blue Doll","Gremlin Food","Chameleon Ring"],"acts_visited":["Exordium","TheCity","TheBeyond"],"potions_floor_usage":[6,16,16,16,21,28,33,38,39,44,44],"damage_taken":[{"damage":0,"enemies":"Small Slimes","floor":1,"turns":1},{"damage":0,"enemies":"2 Louse","floor":2,"turns":1},{"damage":0,"enemies":"Gremlin Nob","floor":6,"turns":1},{"damage":0,"enemies":"Cultist","floor":8,"turns":3},{"damage":5,"enemies":"Looter","floor":11,"turns":3},{"damage":8,"enemies":"Large Slime","floor":12,"turns":6},{"damage":1,"enemies":"Red Slaver","floor":13,"turns":3},{"damage":15,"enemies":"Replay:BlueRogue","floor":14,"turns":5},{"damage":43,"enemies":"Fading Forest","floor":16,"turns":11},{"damage":13,"enemies":"Spheric Guardian","floor":18,"turns":4},{"damage":14,"enemies":"Shell Parasite","floor":19,"turns":3},{"damage":12,"enemies":"Snecko","floor":20,"turns":5},{"damage":13,"enemies":"Snake Plant","floor":21,"turns":4},{"damage":30,"enemies":"Book of Stabbing","floor":24,"turns":4},{"damage":9,"enemies":"Centurion and Healer","floor":28,"turns":4},{"damage":24,"enemies":"Shelled Parasite and Fungi","floor":30,"turns":3},{"damage":51,"enemies":"Pondfish","floor":33,"turns":9},{"damage":11,"enemies":"Orb Walker","floor":35,"turns":3},{"damage":25,"enemies":"3 Shapes","floor":37,"turns":4},{"damage":25,"enemies":"Spire Growth","floor":38,"turns":6},{"damage":18,"enemies":"4 Shapes","floor":39,"turns":3},{"damage":10,"enemies":"Maw","floor":41,"turns":7},{"damage":9,"enemies":"Jaw Worm Horde","floor":44,"turns":4},{"damage":27,"enemies":"Transient","floor":46,"turns":5},{"damage":22,"enemies":"Sphere and 2 Shapes","floor":47,"turns":6},{"damage":11,"enemies":"4 Shapes","floor":48,"turns":3},{"damage":49,"enemies":"Time Eater","floor":50,"turns":6}],"seed_played":"-2733780705121967687","potions_obtained":[{"floor":6,"key":"EntropicBrew"},{"floor":16,"key":"BlessingOfTheForge"},{"floor":24,"key":"SkillPotion"},{"floor":28,"key":"Ancient Potion"},{"floor":33,"key":"BlessingOfTheForge"},{"floor":35,"key":"champ:CounterPotion"},{"floor":37,"key":"Milkshake"},{"floor":41,"key":"Venom Potion"}],"is_trial":false,"path_per_floor":["M","M","?","?","$","E","R","M","T","R","M","M","M","E","R_BF","B",null,"M","M","M","M","?","R","E","R","T","$","M","?","M","$","R","B",null,"M","?","M","M","M","R","M","R","T","M","R","M","M","M","R","B",null],"character_chosen":"THE_SILENT","items_purchased":["Deflect+1","Atom Bomb","Replay:Sssssssssshield"],"campfire_rested":6,"item_purchase_floors":[27,27,31],"current_hp_per_floor":[70,70,70,70,70,80,80,80,80,80,75,67,66,51,60,27,80,67,53,41,28,12,48,18,54,54,54,45,45,21,21,60,9,80,69,69,44,19,1,40,30,45,45,36,75,48,26,15,54,5],"gold":25,"neow_bonus":"THREE_ENEMY_KILL","is_daily":false,"chose_seed":false,"campfire_upgraded":3,"win_rate":0.0,"timestamp":1613282826,"path_taken":["M","M","?","?","$","E","R","M","T","R","M","M","M","E","R_BF","BOSS","M","?","M","M","?","R","E","R","T","$","M","?","M","$","R","BOSS","M","?","M","M","M","R","?","R","T","M","R","M","M","M","R","BOSS"],"items_purchased_type":["Card","Card","Card"],"build_version":"2020-12-22","purchased_purges":3,"victory":true,"max_hp_per_floor":[70,70,70,70,70,80,80,80,80,80,80,80,80,80,80,80,80,80,80,80,80,80,80,80,80,80,80,80,80,80,80,80,80,80,80,80,80,80,80,80,80,80,80,80,80,80,80,80,80,80],"card_choices":[{"not_picked":["Flying Knee","Fluid Movement"],"picked":"Deadly Poison","floor":1},{"not_picked":["Underhanded Strike","PiercingWail"],"picked":"Poisoned Stab","floor":2},{"not_picked":["Dodge and Roll","Backflip"],"picked":"Poisoned Stab","floor":3},{"not_picked":["Caltrops","Backflip"],"picked":"Deadly Poison","floor":6},{"not_picked":["Blade Dance","Backstab"],"picked":"Prepared","floor":8},{"not_picked":["PiercingWail","Quick Slash"],"picked":"Sneak Up","floor":11},{"not_picked":["ReplayTheSpireMod:Tripwire","Deadly Poison"],"picked":"Corpse Explosion","floor":12},{"not_picked":["Prepared","PiercingWail","All Out Attack"],"picked":"SKIP","floor":13},{"not_picked":["Dash","Blade Dance"],"picked":"Crippling Poison","floor":14},{"not_picked":["Glass Knife","After Image","Night Terror"],"picked":"ReplayTheSpireMod:Necrosis","floor":16},{"not_picked":["Acrobatics","Deadly Poison","Blade Dance"],"picked":"Catalyst","floor":18},{"not_picked":["Hidden Blade","Deadly Poison","ReplayTheSpireMod:Tripwire"],"picked":"Burst","floor":19},{"not_picked":["Deadly Poison","Underhanded Strike","Slice","Quick Slash"],"picked":"SKIP","floor":20},{"not_picked":["Acrobatics+1","Predator+1","Caltrops+1","Eviscerate"],"picked":"SKIP","floor":21},{"not_picked":["Poisoned Stab","Acrobatics","Expertise","Flying Knee"],"picked":"SKIP","floor":24},{"not_picked":["Flying Knee","Riddle With Holes+1","Leg Sweep"],"picked":"Noxious Fumes","floor":28},{"not_picked":["Caltrops+1","Eviscerate","Flying Knee","Bane"],"picked":"SKIP","floor":30},{"not_picked":["Deflect+1","Bane","Blade Dance","Backflip"],"picked":"SKIP","floor":35},{"not_picked":["Prepared","Slice+1","Infinite Blades+1","Deflect+1"],"picked":"SKIP","floor":37},{"not_picked":["ReplayTheSpireMod:Necrosis","Eviscerate","Terror","ReplayTheSpireMod:Speed Training+1"],"picked":"SKIP","floor":38},{"not_picked":["PiercingWail","Poisoned Stab+1","Skewer","Underhanded Strike"],"picked":"SKIP","floor":39},{"not_picked":["Dagger Throw","Deflect+1","Backflip"],"picked":"Bane+1","floor":41},{"not_picked":["Blade Dance","PiercingWail","Distraction+1"],"picked":"Backflip+1","floor":44},{"not_picked":["Noxious Fumes","Quick Slash","Heel Hook+1","Deflect+1"],"picked":"SKIP","floor":46},{"not_picked":["Quick Slash+1","Dagger Throw","Poisoned Stab+1"],"picked":"Catalyst+1","floor":47},{"not_picked":["ReplayTheSpireMod:Scrap Shanks","Endless Agony+1","Blade Dance+1","Flying Knee"],"picked":"SKIP","floor":48}],"player_experience":105239,"relics_obtained":[{"floor":6,"key":"Pear"},{"floor":9,"key":"Eternal Feather"},{"floor":14,"key":"Question Card"},{"floor":22,"key":"Enchiridion"},{"floor":24,"key":"Blue Doll"},{"floor":26,"key":"Gremlin Food"},{"floor":43,"key":"Chameleon Ring"}],"event_choices":[{"damage_healed":0,"gold_gain":0,"player_choice":"Ignored","damage_taken":0,"max_hp_gain":0,"max_hp_loss":0,"event_name":"NoteForYourself","floor":4,"gold_loss":0},{"damage_healed":0,"gold_gain":0,"player_choice":"Obtained Book","damage_taken":16,"max_hp_gain":0,"max_hp_loss":0,"event_name":"Cursed Tome","floor":22,"gold_loss":0},{"damage_healed":0,"gold_gain":0,"player_choice":"Smashed Altar","damage_taken":0,"max_hp_gain":0,"max_hp_loss":0,"event_name":"Forgotten Altar","floor":29,"gold_loss":0,"cards_obtained":["Decay"]},{"damage_healed":0,"gold_gain":0,"player_choice":"1 cards matched","damage_taken":0,"max_hp_gain":0,"max_hp_loss":0,"event_name":"Match and Keep!","floor":36,"gold_loss":0,"cards_obtained":["ReplayTheSpireMod:Necrosis"]}],"is_beta":false,"boss_relics":[{"not_picked":["Calling Bell","Astrolabe"],"picked":"Ectoplasm"},{"not_picked":["Busted Crown","ChewingGum","Replay:Ancient Bell"]}],"items_purged_floors":[5,27,31],"is_endless":false,"potions_floor_spawned":[6,11,16,24,28,33,35,37,41],"ascension_level":0}}