{"host":"3wgbc8rrx8r5g476","time":1613324121,"event":{"mods":["2.2 Compatiblity","Act Like it!","BaseMod","Better Note","Better Third Choice","Colored Powertips","Dota2Spire","Downfall","Evolution","Friendly Minions","Halation","Hubris","Infinite Spire","Minty Spire (QoL Compilation)","Ruin Mod","Shade Mod","Shop Mod","StSLib","The Death Knight","The Dragonkin","The Druid","The Marked","TheFirefly","Trackpad","Uncapped","Wandering Minibosses"],"gold_per_floor":[119,138,138,313,69,105,105,26,50,84,99,99,138,159,159,288,288,313,334,334,334],"floor_reached":20,"language":"ENG","playtime":1265,"items_purged":[],"score":300,"play_id":"77acae7e-59ef-48a3-874c-6bd486774a14","local_time":"20210214183521","is_ascension_mode":true,"campfire_choices":[{"floor":12.0,"key":"REST"},{"data":"Envenom","floor":15.0,"key":"SMITH"}],"circlet_count":0,"master_deck":["Feed+1","Strike_G","Strike_G","Strike_G","Strike_G","Strike_G","Defend_G","Defend_G","Defend_G","Defend_G","Defend_G","Survivor","Neutralize","Cloak And Dagger","Caltrops","Doubt","Bouncing Flask","Well Laid Plans","Calculated Gamble","Envenom+1","Dash","Caltrops","Quick Slash+1"],"relics":["Ring of the Serpent","EVO:Axolotl","NeowsBlessing","Golden Idol","infinitespire:BottledMercury","trackpad:WeightlessShivs","Blue Candle","Tiny Chest","WingedGreaves","Pantograph"],"acts_visited":["Exordium","TheCity"],"potions_floor_usage":[20],"damage_taken":[{"damage":0.0,"enemies":"Small Slimes","floor":1.0,"turns":1.0},{"damage":0.0,"enemies":"Jaw Worm","floor":2.0,"turns":1.0},{"damage":0.0,"enemies":"Gremlin Nob","floor":6.0,"turns":1.0},{"damage":27.0,"enemies":"Lagavulin","floor":10.0,"turns":8.0},{"damage":1.0,"enemies":"Cultist","floor":11.0,"turns":4.0},{"damage":42.0,"enemies":"Gremlin Nob","floor":13.0,"turns":6.0},{"damage":20.0,"enemies":"Gremlin Gang","floor":14.0,"turns":5.0},{"damage":23.0,"enemies":"Hexaghost","floor":16.0,"turns":10.0},{"damage":33,"enemies":"Spheric Guardian","floor":18,"turns":12},{"damage":19,"enemies":"Shell Parasite","floor":19,"turns":9},{"damage":50,"enemies":"Masked Bandits","floor":20,"turns":3}],"seed_played":"-7415542987254949109","potions_obtained":[{"floor":1.0,"key":"GhostInAJar"},{"floor":13.0,"key":"sneckomod:MuddlingPotion"}],"is_trial":false,"path_per_floor":["M","M","?","?","$","E","?","$","T","E","M","R","E","M","R","B",null,"M","M","?"],"character_chosen":"THE_SILENT","items_purchased":["infinitespire:BottledMercury","Well Laid Plans"],"campfire_rested":1,"item_purchase_floors":[5,8],"current_hp_per_floor":[70,74,56,56,56,60,55,55,55,32,35,60,22,6,6,8,94,65,46,0,0],"gold":334,"neow_bonus":"THREE_ENEMY_KILL","is_daily":false,"chose_seed":false,"campfire_upgraded":1,"win_rate":0.0,"timestamp":1613324121,"path_taken":["M","M","?","?","$","E","?","$","T","E","M","R","E","M","R","BOSS","M","M","?"],"items_purchased_type":["Relic","Card"],"build_version":"2020-12-22","purchased_purges":0,"victory":false,"max_hp_per_floor":[70,74,74,74,74,78,78,78,78,82,86,86,90,94,94,94,94,98,98,102,102],"card_choices":[{"not_picked":["Acrobatics","Deflect"],"picked":"Cloak And Dagger","floor":1.0},{"not_picked":["Acrobatics","Deflect"],"picked":"Caltrops","floor":2.0},{"not_picked":["Deadly Poison","Acrobatics"],"picked":"Bouncing Flask","floor":6.0},{"not_picked":["Flying Knee","Wraith Form v2","Dagger Throw"],"picked":"SKIP","floor":10.0},{"not_picked":["Dagger Throw","Slice"],"picked":"Calculated Gamble","floor":11.0},{"not_picked":["Dagger Throw","Flying Knee"],"picked":"Envenom","floor":13.0},{"not_picked":["Slice","Bouncing Flask"],"picked":"Dash","floor":14.0},{"not_picked":["Distraction","Dagger Throw"],"picked":"Caltrops","floor":18},{"not_picked":["Underhanded Strike","PiercingWail+1"],"picked":"Quick Slash+1","floor":19}],"player_experience":542826,"relics_obtained":[{"floor":6.0,"key":"trackpad:WeightlessShivs"},{"floor":9.0,"key":"Tiny Chest"},{"floor":10.0,"key":"WingedGreaves"},{"floor":13.0,"key":"Pantograph"}],"event_choices":[{"damage_healed":0.0,"max_hp_gain":0.0,"max_hp_loss":0.0,"gold_gain":0.0,"event_name":"Golden Idol","player_choice":"Take Damage","floor":3.0,"gold_loss":0.0,"damage_taken":18.0,"relics_obtained":["Golden Idol"]},{"damage_healed":0.0,"max_hp_gain":0.0,"max_hp_loss":0.0,"gold_gain":175.0,"event_name":"Liars Game","player_choice":"AGREE","floor":4.0,"gold_loss":0.0,"damage_taken":0.0,"cards_obtained":["Doubt"]},{"damage_healed":0,"gold_gain":0,"player_choice":"Fought Bandits","damage_taken":0,"max_hp_gain":0,"max_hp_loss":0,"event_name":"Masked Bandits","floor":20,"gold_loss":0}],"is_beta":false,"boss_relics":[{"not_picked":["Tiny House","hubris:ScarierMask"],"picked":"Ring of the Serpent"}],"items_purged_floors":[],"is_endless":false,"potions_floor_spawned":[1,2,13],"killed_by":"Masked Bandits","ascension_level":3}}