{"host":"y3tal5djvejpcno2","time":1613275181,"event":{"mods":["BaseMod","Colored Map","Colored Powertips","Hermit","Infinite Spire","Minty Spire (QoL Compilation)","Permanent Neow","Quick Restart","Relic Stats","Replay The Spire","SOS???????","StSLib","The Blue Laboratory","The Bug Knight","The Cursed","The Jungle","Wandering Minibosses"],"gold_per_floor":[212,212,229,52,66,66,95,91,91,91,16,16,16,16,45,45,45,133,133,139,139,189,201,201,201,201],"floor_reached":25,"language":"ENG","playtime":1908,"items_purged":[],"score":232,"play_id":"66ce51c4-81be-4de2-b4a9-007d62d04ce1","local_time":"20210214015941","is_ascension_mode":false,"campfire_choices":[{"data":"Apotheosis","floor":6.0,"key":"SMITH"},{"data":"HollowMod:Weaversong","floor":10.0,"key":"SMITH"},{"data":"HollowMod:NewGlowingWomb","floor":14.0,"key":"SMITH"},{"data":"HollowMod:NewGlowingWomb","floor":17.0,"key":"SMITH"}],"circlet_count":0,"master_deck":["HollowMod:NailStrikeStart","HollowMod:NailStrikeStart","HollowMod:NailStrikeStart","HollowMod:NailStrikeStart","HollowMod:QuickDashStart","HollowMod:QuickDashStart","HollowMod:QuickDashStart","HollowMod:QuickDashStart","HollowMod:FocusHealStart","HollowMod:PogoStrike","HollowMod:Weaversong+1","HollowMod:NewLittleFool","HollowMod:NewLittleFool","Apotheosis+1","Replay:Bootleg Shield Generator","Discovery","HollowMod:SoulSplash","HollowMod:NewGlowingWomb+1","HollowMod:NewGlowingWomb+1","HollowMod:SlysStrikes","HollowMod:MothsMistake","HollowMod:InfectedAttack+1"],"relics":["HollowMod:VesselMask","ReplayTheSpireMod:ShopPack","Regal Pillow","Replay:Accelerometer","Ice Cream","Philosopher\u0027s Stone","theJungle:BirthdayCake"],"acts_visited":["Exordium","Exordium"],"potions_floor_usage":[],"damage_taken":[{"damage":2.0,"enemies":"2 Louse","floor":1.0,"turns":3.0},{"damage":6.0,"enemies":"Cultist","floor":3.0,"turns":3.0},{"damage":0.0,"enemies":"Jaw Worm","floor":5.0,"turns":1.0},{"damage":10.0,"enemies":"Lagavulin","floor":7.0,"turns":5.0},{"damage":0.0,"enemies":"Looter","floor":8.0,"turns":7.0},{"damage":25.0,"enemies":"Gremlin Nob","floor":15.0,"turns":4.0},{"damage":33.0,"enemies":"Slime Boss","floor":18.0,"turns":6.0},{"damage":21.0,"enemies":"Shell Parasite","floor":20.0,"turns":4.0},{"damage":45.0,"enemies":"theJungle:MUSHROOMGANG","floor":23.0,"turns":5.0},{"damage":38,"enemies":"Nightmare","floor":25,"turns":2}],"seed_played":"4094366251339346916","potions_obtained":[{"floor":1.0,"key":"Doom Potion"},{"floor":3.0,"key":"Milkshake"},{"floor":7.0,"key":"Languid Potion"},{"floor":18.0,"key":"blueLaboratory:BubblePotion"},{"floor":23.0,"key":"blueLaboratory:RememoryPotion"}],"is_trial":false,"path_per_floor":["M","?","M","$","M","R","E","M","T","R","$","PTL","PTL","R","E","?","R","B",null,"M","?","?","M","?","NM"],"character_chosen":"THE_BUGKNIGHT","items_purchased":["ReplayTheSpireMod:ShopPack","HollowMod:NewLittleFool","HollowMod:NewGlowingWomb"],"campfire_rested":0,"item_purchase_floors":[4,4,11],"current_hp_per_floor":[73,73,67,67,67,67,63,69,69,69,69,69,69,69,50,75,75,51,75,54,74,61,26,26,0,0],"gold":201,"neow_bonus":"HUNDRED_GOLD","is_daily":false,"chose_seed":false,"campfire_upgraded":4,"win_rate":0.0,"timestamp":1613275181,"path_taken":["M","?","M","$","M","R","E","M","T","R","?","PTL","PTL","R","E","?","R","BOSS","M","?","?","M","?","NM"],"items_purchased_type":["Relic","Card","Card"],"build_version":"2020-12-22","purchased_purges":0,"victory":false,"max_hp_per_floor":[75,75,75,75,75,75,75,75,75,75,75,75,75,75,75,75,75,75,75,75,95,95,95,95,95,95],"relic_stats":{"Regal Pillow":0,"counters":[10,40],"obtain_stats":[{"Ice Cream":15,"Replay:Accelerometer":9,"Regal Pillow":7,"HollowMod:VesselMask":0,"Philosopher\u0027s Stone":19,"theJungle:BirthdayCake":21,"ReplayTheSpireMod:ShopPack":4},{"Ice Cream":6,"Replay:Accelerometer":5,"Regal Pillow":4,"HollowMod:VesselMask":0,"Philosopher\u0027s Stone":7,"theJungle:BirthdayCake":8,"ReplayTheSpireMod:ShopPack":2},{"Ice Cream":23,"Replay:Accelerometer":19,"Regal Pillow":12,"HollowMod:VesselMask":0,"Philosopher\u0027s Stone":29,"theJungle:BirthdayCake":33,"ReplayTheSpireMod:ShopPack":6}]},"card_choices":[{"not_picked":["HollowMod:HowlingWraiths","HollowMod:VengefulVoid"],"picked":"HollowMod:RecoilStrike","floor":1.0},{"not_picked":["HollowMod:FallenFury","HollowMod:QuirrelsAssistance"],"picked":"HollowMod:NewLittleFool","floor":3.0},{"not_picked":["Panache","ReplayTheSpireMod:Brewmster"],"picked":"Apotheosis","floor":4.0},{"not_picked":["Trip","Survey Options"],"picked":"Replay:Bootleg Shield Generator","floor":4.0},{"not_picked":["Forethought","Panacea"],"picked":"Discovery","floor":4.0},{"not_picked":["HollowMod:VengefulVoid","HollowMod:SiblingsShadow","HollowMod:CycloneSlash"],"picked":"SKIP","floor":5.0},{"not_picked":["HollowMod:WraithStrike","HollowMod:BaldurShell"],"picked":"HollowMod:SoulSplash","floor":7.0},{"not_picked":["HollowMod:VengefulVoid","HollowMod:WraithStrike","HollowMod:InfectedAttack"],"picked":"SKIP","floor":8.0},{"not_picked":["HollowMod:SoulVessel","HollowMod:PerfectDash"],"picked":"HollowMod:NewGlowingWomb","floor":15.0},{"not_picked":["HollowMod:Hiveblood","HollowMod:MidwifesHunger"],"picked":"HollowMod:SlysStrikes","floor":18.0},{"not_picked":["HollowMod:DescendingDark","HollowMod:MantisMark"],"picked":"HollowMod:MothsMistake","floor":20.0},{"not_picked":["HollowMod:DreamGate","HollowMod:InfectedCysts+1"],"picked":"HollowMod:InfectedAttack+1","floor":23.0}],"player_experience":61596,"relics_obtained":[{"floor":7.0,"key":"Regal Pillow"},{"floor":9.0,"key":"Replay:Accelerometer"},{"floor":15.0,"key":"Ice Cream"}],"event_choices":[{"damage_healed":0.0,"max_hp_gain":0.0,"max_hp_loss":0.0,"gold_gain":0.0,"event_name":"Match and Keep!","player_choice":"1 cards matched","floor":2.0,"gold_loss":0.0,"damage_taken":0.0,"cards_obtained":["HollowMod:Weaversong"]},{"cards_removed":["HollowMod:RecoilStrike"],"damage_healed":25.0,"max_hp_gain":0.0,"max_hp_loss":0.0,"gold_gain":0.0,"event_name":"Bonfire Elementals","player_choice":"Offered Uncommon","floor":16.0,"gold_loss":0.0,"damage_taken":0.0}],"is_beta":false,"boss_relics":[{"not_picked":["Honey Jar","Tiny House"],"picked":"Philosopher\u0027s Stone"}],"items_purged_floors":[],"is_endless":false,"potions_floor_spawned":[1,3,7,18,23],"killed_by":"Nightmare","ascension_level":0}}