{"host":"y3tal5djvejpcno2","time":1613272984,"event":{"mods":["BaseMod","Colored Map","Colored Powertips","Hermit","Infinite Spire","Minty Spire (QoL Compilation)","Permanent Neow","Quick Restart","Relic Stats","Replay The Spire","SOS???????","StSLib","The Blue Laboratory","The Bug Knight","The Cursed","The Jungle","Wandering Minibosses"],"gold_per_floor":[363,374,394,394,67,67,67,17,40,215,227,238,238,21,21,21,21],"floor_reached":16,"language":"ENG","playtime":1062,"items_purged":["HollowMod:NailStrikeStart"],"score":90,"play_id":"2c5b543e-d39b-41cb-aeed-33fb025fca05","local_time":"20210214012304","is_ascension_mode":false,"campfire_choices":[{"data":"HollowMod:MawleksShell","floor":6,"key":"SMITH"},{"data":"HollowMod:MawleksShell","floor":13,"key":"SMITH"},{"data":"HollowMod:SiblingsSouls","floor":15,"key":"SMITH"}],"circlet_count":0,"master_deck":["HollowMod:NailStrikeStart","HollowMod:NailStrikeStart+1","HollowMod:QuickDashStart","HollowMod:QuickDashStart","HollowMod:QuickDashStart","HollowMod:QuickDashStart","HollowMod:FocusHealStart","HollowMod:PogoStrike","HollowMod:PogoStrike","Defend_P","HollowMod:MawleksShell+1","HollowMod:NewJinnsSoul","HollowMod:MothsMistake","Finesse+1","HollowMod:SiblingsSouls+1","Doubt","HollowMod:DoubleDash","HollowMod:MawleksShell+1","HollowMod:TaintedHusks"],"relics":["HollowMod:VesselMask","infinitespire:BottledMercury","Strawberry"],"acts_visited":["Exordium"],"potions_floor_usage":[16,16,16],"damage_taken":[{"damage":0,"enemies":"Small Slimes","floor":1,"turns":3},{"damage":8,"enemies":"Jaw Worm","floor":2,"turns":3},{"damage":7,"enemies":"Cultist","floor":3,"turns":6},{"damage":29,"enemies":"Gremlin Gang","floor":11,"turns":7},{"damage":3,"enemies":"3 Louse","floor":12,"turns":5},{"damage":83,"enemies":"Fading Forest","floor":16,"turns":8}],"seed_played":"5832818544573789215","potions_obtained":[{"floor":1,"key":"blueLaboratory:NullPotion"},{"floor":3,"key":"blueLaboratory:Moonshine"}],"is_trial":false,"path_per_floor":["M","M","M","?","$","R","?","$","T","?","M","M","R","$","R","B"],"character_chosen":"THE_BUGKNIGHT","items_purchased":["Finesse","infinitespire:BottledMercury","HollowMod:SiblingsSouls","HollowMod:TaintedHusks","blueLaboratory:ImpenetrablePotion"],"campfire_rested":0,"item_purchase_floors":[5,5,8,14,14],"current_hp_per_floor":[75,67,66,66,66,66,51,51,58,58,41,38,38,38,38,0,0],"gold":21,"neow_bonus":"TWO_FIFTY_GOLD","is_daily":false,"chose_seed":false,"campfire_upgraded":3,"win_rate":0.0,"timestamp":1613272984,"path_taken":["M","M","M","?","$","R","?","$","T","?","M","M","R","$","R","BOSS"],"items_purchased_type":["Card","Relic","Card","Card","Potion"],"build_version":"2020-12-22","purchased_purges":1,"victory":false,"max_hp_per_floor":[75,75,75,75,75,75,75,75,82,82,82,82,82,82,82,82,82],"relic_stats":{"counters":[6,32],"obtain_stats":[{"infinitespire:BottledMercury":5,"Strawberry":9,"HollowMod:VesselMask":0},{"infinitespire:BottledMercury":3,"Strawberry":3,"HollowMod:VesselMask":0},{"infinitespire:BottledMercury":12,"Strawberry":12,"HollowMod:VesselMask":0}]},"card_choices":[{"not_picked":["HollowMod:GrimmsGift","HollowMod:AbyssShriek"],"picked":"HollowMod:MawleksShell","floor":1},{"not_picked":["HollowMod:DoubleDash","HollowMod:DescendingDark"],"picked":"HollowMod:NewJinnsSoul","floor":2},{"not_picked":["HollowMod:GreatSlash","HollowMod:InfectedAttack"],"picked":"HollowMod:MothsMistake","floor":3},{"not_picked":["HollowMod:SoulSplash","HollowMod:HornetsHelp"],"picked":"HollowMod:DoubleDash","floor":11},{"not_picked":["HollowMod:HowlingWraiths","HollowMod:SharpenedShadows"],"picked":"HollowMod:MawleksShell","floor":12}],"player_experience":52663,"relics_obtained":[{"floor":9,"key":"Strawberry"}],"event_choices":[{"damage_healed":0,"gold_gain":0,"player_choice":"Entered Light","damage_taken":15,"max_hp_gain":0,"max_hp_loss":0,"event_name":"Shining Light","floor":7,"gold_loss":0,"cards_upgraded":["HollowMod:NailStrikeStart","Finesse"]},{"damage_healed":0,"gold_gain":175,"player_choice":"AGREE","damage_taken":0,"max_hp_gain":0,"max_hp_loss":0,"event_name":"Liars Game","floor":10,"gold_loss":0,"cards_obtained":["Doubt"]}],"is_beta":false,"boss_relics":[],"items_purged_floors":[14],"is_endless":false,"potions_floor_spawned":[1,3],"killed_by":"Fading Forest","ascension_level":0}}