{"host":"c3lc60y5x60jlt1y","time":1613290976,"event":{"mods":["AchievementEnabler","BaseMod","Bestiary","Colored Map","Minty Spire (QoL Compilation)","Quick Restart","StSLib","ojb\u0027s Info Mod"],"gold_per_floor":[99,99,99,99,99,99,99,99,99,99,59,59,59,59,59],"floor_reached":14,"language":"ENG","playtime":3676,"items_purged":[],"score":188,"play_id":"f64e4745-d845-434a-8510-db7323cf53fd","local_time":"20210214102256","is_ascension_mode":true,"campfire_choices":[{"data":"Sunder","floor":6.0,"key":"SMITH"}],"circlet_count":0,"master_deck":["AscendersBane","Strike_B","Strike_B","Strike_B","Strike_B","Defend_B","Defend_B","Defend_B","Defend_B","Zap","Dualcast","Streamline","Capacitor","Go for the Eyes","Sunder+1","Coolheaded","Rainbow","Steam","Conserve Battery"],"relics":["Ectoplasm","Golden Idol","Pantograph","Emotion Chip","Pen Nib"],"acts_visited":["Exordium"],"potions_floor_usage":[14],"damage_taken":[{"damage":4.0,"enemies":"Small Slimes","floor":1.0,"turns":4.0},{"damage":7.0,"enemies":"Jaw Worm","floor":2.0,"turns":3.0},{"damage":1.0,"enemies":"Cultist","floor":3.0,"turns":3.0},{"damage":4.0,"enemies":"2 Fungi Beasts","floor":4.0,"turns":3.0},{"damage":45.0,"enemies":"Lagavulin","floor":8.0,"turns":8.0},{"damage":4.0,"enemies":"Looter","floor":11.0,"turns":4.0},{"damage":5.0,"enemies":"Exordium Wildlife","floor":12.0,"turns":4.0},{"damage":8,"enemies":"Large Slime","floor":13,"turns":5},{"damage":2,"enemies":"Gremlin Nob","floor":14,"turns":2}],"seed_played":"-5577821654780470796","potions_obtained":[{"floor":1.0,"key":"SmokeBomb"},{"floor":2.0,"key":"ColorlessPotion"},{"floor":3.0,"key":"Weak Potion"},{"floor":13,"key":"FocusPotion"}],"is_trial":false,"path_per_floor":["M","M","M","M","?","R","?","E","T","T","M","M","M","E"],"character_chosen":"DEFECT","items_purchased":[],"campfire_rested":0,"item_purchase_floors":[],"current_hp_per_floor":[60,53,52,48,71,71,64,19,19,19,15,10,2,0,0],"gold":59,"neow_bonus":"BOSS_RELIC","is_daily":false,"chose_seed":false,"campfire_upgraded":1,"win_rate":0.0,"timestamp":1613290976,"path_taken":["M","M","M","M","?","R","?","E","T","?","M","M","M","E"],"items_purchased_type":[],"build_version":"2020-12-22","purchased_purges":0,"victory":false,"max_hp_per_floor":[71,71,71,71,71,71,64,64,64,64,64,64,64,64,64],"card_choices":[{"not_picked":["Force Field","Chill"],"picked":"Streamline","floor":1.0},{"not_picked":["Hologram","Turbo"],"picked":"Capacitor","floor":2.0},{"not_picked":["Streamline","Steam"],"picked":"Go for the Eyes","floor":3.0},{"not_picked":["Reprogram","Reinforced Body"],"picked":"Sunder","floor":4.0},{"not_picked":["Rebound","Reprogram"],"picked":"Coolheaded","floor":8.0},{"not_picked":["Genetic Algorithm","FTL"],"picked":"Rainbow","floor":11.0},{"not_picked":["Aggregate","Redo"],"picked":"Steam","floor":12.0},{"not_picked":["Steam","Coolheaded"],"picked":"Conserve Battery","floor":13}],"player_experience":9304287,"relics_obtained":[{"floor":8.0,"key":"Pantograph"},{"floor":9.0,"key":"Emotion Chip"},{"floor":10.0,"key":"Pen Nib"}],"event_choices":[{"damage_healed":23.0,"max_hp_gain":0.0,"max_hp_loss":0.0,"gold_gain":0.0,"event_name":"Big Fish","player_choice":"Banana","floor":5.0,"gold_loss":0.0,"damage_taken":0.0},{"damage_healed":0.0,"max_hp_gain":0.0,"max_hp_loss":7.0,"gold_gain":0.0,"event_name":"Golden Idol","player_choice":"Lose Max HP","floor":7.0,"gold_loss":0.0,"damage_taken":0.0,"relics_obtained":["Golden Idol"]}],"is_beta":false,"boss_relics":[],"items_purged_floors":[],"is_endless":false,"potions_floor_spawned":[1,2,3,13],"killed_by":"Gremlin Nob","ascension_level":20}}